,time,price,change,volume,amount,type
0,15:00:03,7.46,--,5950,4438700,卖盘
1,14:57:00,7.46,-0.01,17,12682,卖盘
2,14:56:57,7.47,--,95,70965,买盘
3,14:56:54,7.47,0.01,625,466875,买盘
4,14:56:51,7.46,-0.01,39,29094,卖盘
5,14:56:48,7.47,0.01,101,75447,买盘
6,14:56:45,7.46,--,51,38046,卖盘
7,14:56:42,7.46,--,21,15666,卖盘
8,14:56:39,7.46,--,32,23872,卖盘
9,14:56:33,7.46,--,147,109662,买盘
10,14:56:30,7.46,--,38,28348,买盘
11,14:56:27,7.46,--,66,49236,买盘
12,14:56:24,7.46,0.01,63,46998,买盘
13,14:56:21,7.45,-0.01,112,83440,卖盘
14,14:56:18,7.46,--,16,11936,买盘
15,14:56:15,7.46,--,22,16412,买盘
16,14:56:12,7.46,--,113,84298,买盘
17,14:56:09,7.46,--,70,52220,买盘
18,14:56:06,7.46,0.01,225,167850,买盘
19,14:56:03,7.45,-0.01,3,2845,卖盘
20,14:56:00,7.46,--,30,22380,买盘
21,14:55:57,7.46,--,110,82060,买盘
22,14:55:54,7.46,--,13,9698,买盘
23,14:55:51,7.46,--,162,120852,买盘
24,14:55:48,7.46,--,30,22380,买盘
25,14:55:45,7.46,0.01,38,28348,买盘
26,14:55:42,7.45,-0.01,6,4470,卖盘
27,14:55:39,7.46,0.01,140,104440,买盘
28,14:55:36,7.45,--,29,21605,卖盘
29,14:55:33,7.45,--,9,6705,卖盘
30,14:55:30,7.45,-0.01,11,8195,卖盘
31,14:55:27,7.46,--,7,5222,买盘
32,14:55:24,7.46,--,32,23872,买盘
33,14:55:21,7.46,0.01,25,18650,买盘
34,14:55:18,7.45,-0.01,63,46935,卖盘
35,14:55:15,7.46,--,29,21634,买盘
36,14:55:12,7.46,--,21,15666,买盘
37,14:55:09,7.46,--,5,3730,买盘
38,14:55:06,7.46,0.01,210,156660,买盘
39,14:55:03,7.45,--,102,75990,买盘
40,14:55:00,7.45,--,20,14900,买盘
41,14:54:57,7.45,--,184,137080,卖盘
42,14:54:54,7.45,--,18,13410,卖盘
43,14:54:51,7.45,-0.01,73,54385,卖盘
44,14:54:48,7.46,--,10,7460,买盘
45,14:54:42,7.46,0.01,23,17158,买盘
46,14:54:39,7.45,--,107,79715,买盘
47,14:54:36,7.45,--,602,448490,买盘
48,14:54:33,7.45,0.01,1446,1077672,买盘
49,14:54:30,7.44,-0.01,229,170376,卖盘
50,14:54:27,7.45,-0.01,2570,1914672,卖盘
51,14:54:24,7.46,--,127,95286,买盘
52,14:54:21,7.46,0.01,193,143978,买盘
53,14:54:18,7.45,--,242,180461,卖盘
54,14:54:15,7.45,-0.01,50,37250,卖盘
55,14:54:12,7.46,--,44,32824,买盘
56,14:54:09,7.46,0.01,20,14920,买盘
57,14:54:06,7.45,-0.01,49,36616,卖盘
58,14:54:03,7.46,0.01,80,59680,买盘
59,14:54:00,7.45,-0.01,99,73896,卖盘
60,14:53:57,7.46,--,61,45506,买盘
61,14:53:54,7.46,--,455,339430,买盘
62,14:53:51,7.46,--,196,146216,买盘
63,14:53:48,7.46,--,89,66394,买盘
64,14:53:45,7.46,--,104,77584,买盘
65,14:53:42,7.46,--,2109,1573314,买盘
66,14:53:39,7.46,--,20,14920,买盘
67,14:53:33,7.46,--,40,29840,买盘
68,14:53:30,7.46,--,20,14920,买盘
69,14:53:27,7.46,--,185,138010,买盘
70,14:53:24,7.46,--,1,746,买盘
71,14:53:21,7.46,0.01,5,3730,买盘
72,14:53:18,7.45,-0.01,9,6705,卖盘
73,14:53:15,7.46,--,60,44760,买盘
74,14:53:12,7.46,--,14,10444,买盘
75,14:53:09,7.46,--,124,92504,买盘
76,14:53:06,7.46,--,21,15666,买盘
77,14:53:03,7.46,0.01,65,48490,买盘
78,14:53:00,7.45,-0.01,69,51405,卖盘
79,14:52:57,7.46,--,104,77584,买盘
80,14:52:54,7.46,--,44,32824,买盘
81,14:52:51,7.46,--,61,45506,买盘
82,14:52:48,7.46,--,41,30586,买盘
83,14:52:45,7.46,--,146,108916,买盘
84,14:52:42,7.46,0.01,62,46252,买盘
85,14:52:39,7.45,-0.01,37,27788,卖盘
86,14:52:36,7.46,--,37,27602,买盘
87,14:52:33,7.46,--,102,76815,买盘
88,14:52:30,7.46,0.01,21,15666,买盘
89,14:52:27,7.45,-0.01,96,71750,卖盘
90,14:52:24,7.46,--,58,43268,买盘
91,14:52:21,7.46,0.01,790,589407,买盘
92,14:52:18,7.45,--,170,126650,卖盘
93,14:52:15,7.45,-0.01,7,5215,卖盘
94,14:52:12,7.46,--,197,146962,买盘
95,14:52:09,7.46,--,186,139143,买盘
96,14:52:06,7.46,--,3,2238,买盘
97,14:52:03,7.46,--,28,20888,买盘
98,14:52:00,7.46,0.01,90,67639,买盘
99,14:51:54,7.45,-0.01,26,19370,卖盘
100,14:51:51,7.46,--,77,57464,买盘
101,14:51:48,7.46,--,1041,776586,买盘
102,14:51:45,7.46,0.01,54,40284,买盘
103,14:51:42,7.45,-0.01,69,51896,卖盘
104,14:51:39,7.46,0.01,1195,891865,买盘
105,14:51:36,7.45,--,8,5960,卖盘
106,14:51:33,7.45,-0.01,259,192969,卖盘
107,14:51:30,7.46,0.01,109,81314,买盘
108,14:51:27,7.45,--,539,401577,卖盘
109,14:51:24,7.45,--,56,41720,卖盘
110,14:51:21,7.45,-0.01,161,120473,卖盘
111,14:51:18,7.46,--,10,7460,买盘
112,14:51:15,7.46,0.01,75,55950,买盘
113,14:51:12,7.45,--,476,354634,卖盘
114,14:51:09,7.45,--,1211,902195,卖盘
115,14:51:06,7.45,--,89,66908,卖盘
116,14:51:03,7.45,--,538,400810,卖盘
117,14:50:57,7.45,-0.01,6,4470,卖盘
118,14:50:54,7.46,0.01,18,13428,买盘
119,14:50:51,7.45,--,20,14900,卖盘
120,14:50:48,7.45,-0.01,802,597490,卖盘
121,14:50:45,7.46,0.01,15,11190,买盘
122,14:50:42,7.45,--,509,379205,卖盘
123,14:50:39,7.45,-0.01,20,14900,卖盘
124,14:50:36,7.46,-0.01,1515,1130458,卖盘
125,14:50:33,7.47,--,405,302535,买盘
126,14:50:30,7.47,--,97,72966,买盘
127,14:50:21,7.47,--,59,44073,买盘
128,14:50:18,7.47,--,7,5229,买盘
129,14:50:15,7.47,0.01,1,747,买盘
130,14:50:12,7.46,-0.01,50,38016,卖盘
131,14:50:09,7.47,0.01,61,45567,买盘
132,14:50:06,7.46,-0.01,15,11190,卖盘
133,14:50:03,7.47,--,189,141183,买盘
134,14:50:00,7.47,--,42,32076,卖盘
135,14:49:57,7.47,-0.01,697,521077,卖盘
136,14:49:54,7.48,--,70,52360,买盘
137,14:49:51,7.48,--,8,5984,买盘
138,14:49:48,7.48,--,73,54746,买盘
139,14:49:45,7.48,0.01,795,594660,买盘
140,14:49:42,7.47,-0.01,127,94869,卖盘
141,14:49:39,7.48,0.01,160,120151,买盘
142,14:49:36,7.47,--,7,5229,卖盘
143,14:49:33,7.47,--,346,258462,卖盘
144,14:49:30,7.47,-0.01,77,57519,卖盘
145,14:49:27,7.48,0.01,21,15708,买盘
146,14:49:24,7.47,--,63,47061,卖盘
147,14:49:21,7.47,--,37,27639,卖盘
148,14:49:18,7.47,--,550,410850,卖盘
149,14:49:15,7.47,-0.01,101,75447,卖盘
150,14:49:12,7.48,--,20,14960,买盘
151,14:49:09,7.48,0.01,23,17204,买盘
152,14:49:06,7.47,-0.01,50,37350,卖盘
153,14:49:03,7.48,--,11,8228,买盘
154,14:49:00,7.48,--,12,8976,买盘
155,14:48:57,7.48,0.01,112,83776,买盘
156,14:48:54,7.47,-0.01,1184,884448,卖盘
157,14:48:51,7.48,--,36,26928,买盘
158,14:48:48,7.48,--,5,3740,买盘
159,14:48:45,7.48,--,37,27676,买盘
160,14:48:42,7.48,-0.01,1147,857956,卖盘
161,14:48:39,7.49,--,27,20223,买盘
162,14:48:36,7.49,0.01,101,75649,买盘
163,14:48:33,7.48,-0.01,244,182512,卖盘
164,14:48:30,7.49,--,46,34454,买盘
165,14:48:27,7.49,0.01,252,188748,买盘
166,14:48:24,7.48,--,64,47872,卖盘
167,14:48:21,7.48,--,62,46376,卖盘
168,14:48:18,7.48,-0.01,6,4488,卖盘
169,14:48:15,7.49,0.01,285,213465,买盘
170,14:48:12,7.48,-0.01,58,43384,卖盘
171,14:48:09,7.49,--,27,20223,买盘
172,14:48:06,7.49,0.01,2,1498,买盘
173,14:48:03,7.48,--,119,89012,卖盘
174,14:48:00,7.48,-0.01,53,39644,卖盘
175,14:47:57,7.49,--,8,5992,买盘
176,14:47:54,7.49,0.01,4,2996,买盘
177,14:47:51,7.48,--,84,62832,卖盘
178,14:47:48,7.48,--,1047,783156,买盘
179,14:47:42,7.48,--,81,60588,买盘
180,14:47:39,7.48,--,160,119680,买盘
181,14:47:36,7.48,--,46,34408,买盘
182,14:47:33,7.48,--,1,748,买盘
183,14:47:30,7.48,0.01,76,56848,买盘
184,14:47:27,7.47,-0.01,134,100098,卖盘
185,14:47:24,7.48,--,19,14212,买盘
186,14:47:21,7.48,--,17,12716,买盘
187,14:47:18,7.48,--,60,44880,买盘
188,14:47:15,7.48,--,48,35904,买盘
189,14:47:12,7.48,--,104,77792,买盘
190,14:47:06,7.48,0.01,361,270028,买盘
191,14:47:03,7.47,--,258,192726,卖盘
192,14:47:00,7.47,-0.01,25,18675,卖盘
193,14:46:57,7.48,0.01,16,11968,买盘
194,14:46:54,7.47,-0.01,118,88146,卖盘
195,14:46:51,7.48,--,2,1496,买盘
196,14:46:48,7.48,--,22,16456,买盘
197,14:46:45,7.48,0.01,35,26180,买盘
198,14:46:42,7.47,--,81,60507,卖盘
199,14:46:39,7.47,-0.01,101,75447,卖盘
200,14:46:36,7.48,0.01,80,59840,买盘
201,14:46:33,7.47,-0.01,169,126243,卖盘
202,14:46:30,7.48,0.01,130,97240,买盘
203,14:46:24,7.47,--,6,4482,卖盘
204,14:46:21,7.47,-0.01,76,56772,卖盘
205,14:46:18,7.48,--,27,20196,卖盘
206,14:46:15,7.48,--,27,20196,卖盘
207,14:46:12,7.48,--,25,18700,卖盘
208,14:46:09,7.48,--,146,109208,买盘
209,14:46:06,7.48,--,56,41888,买盘
210,14:46:03,7.48,--,111,83028,买盘
211,14:46:00,7.48,--,346,258808,买盘
212,14:45:57,7.48,--,155,115940,买盘
213,14:45:54,7.48,0.01,96,71808,买盘
214,14:45:51,7.47,-0.01,171,127737,卖盘
215,14:45:48,7.48,--,83,62084,买盘
216,14:45:45,7.48,--,144,107712,买盘
217,14:45:42,7.48,0.01,27,20196,买盘
218,14:45:39,7.47,--,967,722349,卖盘
219,14:45:36,7.47,-0.01,80,59760,卖盘
220,14:45:33,7.48,0.01,80,59840,买盘
221,14:45:30,7.47,-0.01,31,23157,卖盘
222,14:45:27,7.48,--,419,313412,买盘
223,14:45:24,7.48,0.01,31,23188,买盘
224,14:45:21,7.47,-0.01,212,158364,卖盘
225,14:45:18,7.48,--,108,80784,买盘
226,14:45:15,7.48,0.01,187,139876,买盘
227,14:45:12,7.47,-0.01,141,105327,卖盘
228,14:45:09,7.48,--,221,165308,买盘
229,14:45:06,7.48,0.01,125,93500,买盘
230,14:45:03,7.47,-0.01,64,47808,卖盘
231,14:45:00,7.48,--,55,41140,买盘
232,14:44:57,7.48,--,2,1496,买盘
233,14:44:54,7.48,0.01,194,145112,买盘
234,14:44:51,7.47,--,56,41832,卖盘
235,14:44:48,7.47,0.01,2290,1711137,买盘
236,14:44:45,7.46,-0.01,5,3730,卖盘
237,14:44:42,7.47,--,313,233811,买盘
238,14:44:39,7.47,--,1,747,买盘
239,14:44:36,7.47,0.01,58,43326,买盘
240,14:44:33,7.46,--,13,9698,卖盘
241,14:44:30,7.46,--,62,46252,卖盘
242,14:44:27,7.46,-0.01,30,22380,卖盘
243,14:44:24,7.47,0.01,236,176292,买盘
244,14:44:21,7.46,-0.01,55,41030,卖盘
245,14:44:18,7.47,--,7,5229,买盘
246,14:44:15,7.47,--,36,26892,买盘
247,14:44:09,7.47,--,150,112050,买盘
248,14:44:06,7.47,0.01,11,8217,买盘
249,14:44:03,7.46,--,275,205150,买盘
250,14:44:00,7.46,--,6,4476,卖盘
251,14:43:57,7.46,-0.01,52,38792,卖盘
252,14:43:54,7.47,--,25,18675,买盘
253,14:43:51,7.47,--,30,22410,买盘
254,14:43:48,7.47,--,50,37350,买盘
255,14:43:45,7.47,--,47,35109,买盘
256,14:43:42,7.47,0.01,931,695457,买盘
257,14:43:39,7.46,--,150,111900,卖盘
258,14:43:36,7.46,--,220,164120,卖盘
259,14:43:33,7.46,--,40,29840,卖盘
260,14:43:30,7.46,-0.01,5,3730,卖盘
261,14:43:27,7.47,0.01,174,129978,买盘
262,14:43:24,7.46,-0.01,68,50728,卖盘
263,14:43:18,7.47,0.01,2,1494,买盘
264,14:43:15,7.46,-0.01,57,42522,卖盘
265,14:43:12,7.47,0.01,37,27639,买盘
266,14:43:09,7.46,--,11,8206,卖盘
267,14:43:06,7.46,-0.01,33,24618,卖盘
268,14:43:03,7.47,0.01,75,56025,买盘
269,14:43:00,7.46,-0.01,46,34316,卖盘
270,14:42:57,7.47,0.01,267,200136,买盘
271,14:42:54,7.46,--,32,23872,卖盘
272,14:42:51,7.46,--,138,102948,卖盘
273,14:42:48,7.46,-0.01,496,370016,卖盘
274,14:42:45,7.47,--,43,32180,买盘
275,14:42:42,7.47,--,1087,811989,买盘
276,14:42:39,7.47,0.01,101,75447,买盘
277,14:42:36,7.46,--,18,13428,卖盘
278,14:42:33,7.46,--,500,373000,卖盘
279,14:42:30,7.46,--,52,38792,卖盘
280,14:42:27,7.46,--,5,3730,卖盘
281,14:42:24,7.46,--,35,26110,卖盘
282,14:42:21,7.46,--,55,41030,卖盘
283,14:42:18,7.46,-0.01,149,111154,卖盘
284,14:42:15,7.47,--,140,104580,买盘
285,14:42:12,7.47,0.01,213,159111,买盘
286,14:42:09,7.46,--,88,65648,卖盘
287,14:42:06,7.46,--,66,49236,卖盘
288,14:42:03,7.46,--,325,242450,买盘
289,14:42:00,7.46,0.01,10,7460,买盘
290,14:41:57,7.45,-0.01,124,92380,卖盘
291,14:41:54,7.46,0.01,2551,1903046,买盘
292,14:41:51,7.45,--,128,95360,卖盘
293,14:41:45,7.45,-0.01,88,65560,卖盘
294,14:41:42,7.46,0.01,72,53712,买盘
295,14:41:39,7.45,-0.01,16,11920,卖盘
296,14:41:36,7.46,--,958,714668,买盘
297,14:41:30,7.46,--,77,57442,买盘
298,14:41:27,7.46,--,16,11936,买盘
299,14:41:24,7.46,0.01,170,126820,买盘
300,14:41:21,7.45,--,60,44700,卖盘
301,14:41:18,7.45,--,25,18625,卖盘
302,14:41:15,7.45,-0.01,14,10430,卖盘
303,14:41:12,7.46,--,89,66394,买盘
304,14:41:09,7.46,0.01,102,76092,买盘
305,14:41:06,7.45,-0.01,28,20860,卖盘
306,14:41:03,7.46,0.01,176,131296,买盘
307,14:41:00,7.45,-0.01,189,140805,卖盘
308,14:40:57,7.46,0.01,330,246180,买盘
309,14:40:54,7.45,0.01,16,11920,买盘
310,14:40:51,7.44,--,501,372744,卖盘
311,14:40:48,7.44,-0.01,35,26040,卖盘
312,14:40:45,7.45,--,94,70030,买盘
313,14:40:42,7.45,--,3,2235,买盘
314,14:40:39,7.45,--,70,52150,买盘
315,14:40:36,7.45,--,58,43210,买盘
316,14:40:33,7.45,--,60,44700,买盘
317,14:40:30,7.45,0.01,54,40379,买盘
318,14:40:27,7.44,-0.01,19,14136,卖盘
319,14:40:24,7.45,--,34,25330,买盘
320,14:40:21,7.45,--,1016,756920,买盘
321,14:40:18,7.45,0.01,34,25330,买盘
322,14:40:12,7.44,-0.01,149,110856,卖盘
323,14:40:09,7.45,--,70,52150,买盘
324,14:40:06,7.45,--,13,9685,买盘
325,14:40:03,7.45,0.01,87,64815,买盘
326,14:40:00,7.44,-0.01,29,21576,卖盘
327,14:39:57,7.45,0.01,7,5215,买盘
328,14:39:54,7.44,--,370,275280,卖盘
329,14:39:51,7.44,--,24,17856,卖盘
330,14:39:48,7.44,--,10,7440,卖盘
331,14:39:45,7.44,-0.01,14,10416,卖盘
332,14:39:42,7.45,0.01,107,79715,买盘
333,14:39:36,7.44,--,5,3720,卖盘
334,14:39:33,7.44,--,506,376464,卖盘
335,14:39:30,7.44,--,10,7440,卖盘
336,14:39:27,7.44,-0.01,72,53568,卖盘
337,14:39:24,7.45,0.01,21,15645,买盘
338,14:39:21,7.44,--,129,95976,卖盘
339,14:39:18,7.44,-0.01,28,20832,卖盘
340,14:39:15,7.45,--,187,139315,买盘
341,14:39:12,7.45,--,99,73755,买盘
342,14:39:09,7.45,0.01,6,4470,买盘
343,14:39:06,7.44,-0.01,130,96720,卖盘
344,14:39:03,7.45,--,92,68540,买盘
345,14:39:00,7.45,--,177,131865,买盘
346,14:38:57,7.45,--,6,4470,买盘
347,14:38:54,7.45,0.01,478,356281,买盘
348,14:38:51,7.44,--,259,192696,卖盘
349,14:38:48,7.44,--,153,113832,卖盘
350,14:38:45,7.44,-0.01,108,80515,卖盘
351,14:38:42,7.45,--,8,5960,买盘
352,14:38:39,7.45,--,481,358345,买盘
353,14:38:36,7.45,--,144,107913,买盘
354,14:38:33,7.45,--,601,447745,买盘
355,14:38:30,7.45,--,17,12665,买盘
356,14:38:27,7.45,--,45,33890,买盘
357,14:38:24,7.45,0.01,10,7450,买盘
358,14:38:21,7.44,--,60,44997,卖盘
359,14:38:18,7.44,--,87,64728,卖盘
360,14:38:15,7.44,-0.01,86,64586,卖盘
361,14:38:12,7.45,--,19,14155,买盘
362,14:38:09,7.45,--,11,8195,买盘
363,14:38:06,7.45,0.01,57,42971,买盘
364,14:38:03,7.44,--,193,143592,卖盘
365,14:38:00,7.44,--,25,18600,卖盘
366,14:37:57,7.44,--,92,68812,卖盘
367,14:37:54,7.44,--,3,2232,卖盘
368,14:37:51,7.44,--,62,46128,卖盘
369,14:37:48,7.44,-0.01,92,69177,卖盘
370,14:37:45,7.45,--,130,96850,买盘
371,14:37:42,7.45,0.01,11,8195,买盘
372,14:37:39,7.44,-0.01,61,45674,卖盘
373,14:37:36,7.45,0.01,108,80460,买盘
374,14:37:33,7.44,-0.01,161,119784,卖盘
375,14:37:30,7.45,--,76,56620,买盘
376,14:37:27,7.45,--,25,18625,买盘
377,14:37:24,7.45,--,11,8195,买盘
378,14:37:21,7.45,--,85,63325,买盘
379,14:37:18,7.45,0.01,43,32035,买盘
380,14:37:15,7.44,-0.01,21,15624,卖盘
381,14:37:12,7.45,0.01,188,140060,买盘
382,14:37:09,7.44,--,14,10416,卖盘
383,14:37:06,7.44,-0.01,16,11904,卖盘
384,14:37:03,7.45,--,13,9685,买盘
385,14:37:00,7.45,--,27,20115,买盘
386,14:36:57,7.45,--,122,90890,买盘
387,14:36:54,7.45,-0.01,1669,1243405,卖盘
388,14:36:51,7.46,--,33,24618,买盘
389,14:36:48,7.46,--,170,126820,买盘
390,14:36:45,7.46,0.01,50,37300,买盘
391,14:36:36,7.45,-0.01,6,4470,卖盘
392,14:36:33,7.46,--,5,3730,买盘
393,14:36:30,7.46,--,74,55204,买盘
394,14:36:27,7.46,--,186,138756,买盘
395,14:36:24,7.46,--,62,46252,买盘
396,14:36:21,7.46,--,437,326002,买盘
397,14:36:18,7.46,--,192,143232,买盘
398,14:36:15,7.46,--,47,35062,买盘
399,14:36:12,7.46,--,9,6714,买盘
400,14:36:09,7.46,--,394,293924,买盘
401,14:36:06,7.46,0.01,109,81314,买盘
402,14:36:03,7.45,-0.01,22,16390,卖盘
403,14:36:00,7.46,--,96,71616,买盘
404,14:35:57,7.46,0.01,175,130550,买盘
405,14:35:54,7.45,--,16,11920,卖盘
406,14:35:51,7.45,-0.01,95,70775,卖盘
407,14:35:48,7.46,--,34,25364,买盘
408,14:35:45,7.46,--,120,89520,买盘
409,14:35:42,7.46,--,14,10444,买盘
410,14:35:39,7.46,--,4,2984,买盘
411,14:35:36,7.46,--,50,37300,买盘
412,14:35:33,7.46,0.01,20,14920,买盘
413,14:35:30,7.45,--,16,11920,卖盘
414,14:35:27,7.45,--,2,1490,卖盘
415,14:35:24,7.45,-0.01,37,27565,卖盘
416,14:35:21,7.46,0.01,35,26110,买盘
417,14:35:18,7.45,--,8,5960,卖盘
418,14:35:09,7.45,-0.01,418,311410,卖盘
419,14:35:06,7.46,--,42,31332,买盘
420,14:35:03,7.46,0.01,11,8206,买盘
421,14:35:00,7.45,--,10,7450,卖盘
422,14:34:57,7.45,--,960,715200,卖盘
423,14:34:54,7.45,--,198,147510,买盘
424,14:34:51,7.45,--,98,73010,买盘
425,14:34:48,7.45,--,621,462645,买盘
426,14:34:45,7.45,--,744,554280,买盘
427,14:34:42,7.45,--,59,43955,买盘
428,14:34:39,7.45,--,15,11175,买盘
429,14:34:36,7.45,--,91,67795,买盘
430,14:34:33,7.45,--,5,3725,买盘
431,14:34:30,7.45,--,5,3725,买盘
432,14:34:27,7.45,--,37,27565,买盘
433,14:34:24,7.45,--,40,29800,买盘
434,14:34:21,7.45,--,218,162410,买盘
435,14:34:18,7.45,--,63,46935,买盘
436,14:34:15,7.45,0.01,15,11175,买盘
437,14:34:12,7.44,-0.01,9,6696,卖盘
438,14:34:09,7.45,--,2,1490,买盘
439,14:34:06,7.45,--,15,11175,买盘
440,14:34:03,7.45,--,32,23840,买盘
441,14:34:00,7.45,--,9,6705,买盘
442,14:33:57,7.45,--,88,65560,买盘
443,14:33:54,7.45,--,239,178055,买盘
444,14:33:51,7.45,--,276,205620,买盘
445,14:33:48,7.45,--,1,745,买盘
446,14:33:45,7.45,--,66,49170,买盘
447,14:33:42,7.45,0.01,406,302470,买盘
448,14:33:39,7.44,--,30,22320,卖盘
449,14:33:36,7.44,--,115,85560,卖盘
450,14:33:33,7.44,--,631,469464,卖盘
451,14:33:30,7.44,--,46,34224,卖盘
452,14:33:27,7.44,-0.01,109,81096,卖盘
453,14:33:24,7.45,--,13,9685,买盘
454,14:33:21,7.45,0.01,17,12665,买盘
455,14:33:18,7.44,-0.01,60,44640,卖盘
456,14:33:15,7.45,--,77,57365,买盘
457,14:33:12,7.45,--,33,24585,买盘
458,14:33:09,7.45,--,144,107816,买盘
459,14:33:06,7.45,--,43,32035,买盘
460,14:33:03,7.45,--,25,18625,买盘
461,14:33:00,7.45,--,121,90405,买盘
462,14:32:57,7.45,0.01,76,56620,买盘
463,14:32:54,7.44,-0.01,455,339048,卖盘
464,14:32:51,7.45,--,46,34270,买盘
465,14:32:48,7.45,--,20,14900,买盘
466,14:32:45,7.45,0.01,167,125137,买盘
467,14:32:42,7.44,-0.01,142,105648,卖盘
468,14:32:39,7.45,--,104,77480,买盘
469,14:32:36,7.45,--,66,49170,买盘
470,14:32:33,7.45,--,73,54385,买盘
471,14:32:30,7.45,--,115,85675,买盘
472,14:32:27,7.45,0.01,13,9685,买盘
473,14:32:24,7.44,-0.01,35,26040,卖盘
474,14:32:21,7.45,0.01,11,8195,买盘
475,14:32:18,7.44,-0.01,22,16368,卖盘
476,14:32:15,7.45,--,104,77480,买盘
477,14:32:12,7.45,--,95,70775,买盘
478,14:32:09,7.45,--,2,1490,买盘
479,14:32:06,7.45,--,29,21605,买盘
480,14:32:03,7.45,--,129,96105,买盘
481,14:32:00,7.45,--,86,64070,买盘
482,14:31:57,7.45,--,36,26820,买盘
483,14:31:54,7.45,--,54,40230,买盘
484,14:31:51,7.45,0.01,31,23095,买盘
485,14:31:48,7.44,-0.01,90,66960,卖盘
486,14:31:45,7.45,--,100,74500,买盘
487,14:31:42,7.45,--,10,7450,买盘
488,14:31:39,7.45,--,65,48425,买盘
489,14:31:36,7.45,--,46,34270,买盘
490,14:31:33,7.45,--,93,69285,买盘
491,14:31:30,7.45,0.01,4,2980,买盘
492,14:31:27,7.44,-0.01,28,20832,卖盘
493,14:31:24,7.45,--,82,61090,买盘
494,14:31:21,7.45,--,74,55130,买盘
495,14:31:18,7.45,0.01,268,199660,买盘
496,14:31:15,7.44,-0.01,14,10416,卖盘
497,14:31:12,7.45,--,83,61835,买盘
498,14:31:09,7.45,--,55,40975,买盘
499,14:31:06,7.45,--,45,33525,买盘
500,14:31:03,7.45,--,77,57365,买盘
501,14:31:00,7.45,--,18,13410,买盘
502,14:30:57,7.45,0.02,126,93870,买盘
503,14:30:54,7.43,-0.01,6,4458,卖盘
504,14:30:51,7.44,--,21,15624,买盘
505,14:30:48,7.44,--,81,60264,买盘
506,14:30:45,7.44,--,88,65472,买盘
507,14:30:42,7.44,--,407,302808,买盘
508,14:30:39,7.44,--,94,69936,买盘
509,14:30:36,7.44,-0.01,182,135408,卖盘
510,14:30:33,7.45,0.01,101,75245,买盘
511,14:30:30,7.44,-0.01,29,21576,卖盘
512,14:30:27,7.45,0.01,50,37250,买盘
513,14:30:24,7.44,-0.01,133,98952,卖盘
514,14:30:21,7.45,0.01,203,151235,买盘
515,14:30:18,7.44,-0.01,39,29016,卖盘
516,14:30:15,7.45,--,43,32035,买盘
517,14:30:12,7.45,0.01,29,21605,买盘
518,14:30:09,7.44,-0.01,10,7440,卖盘
519,14:30:06,7.45,--,12,8940,买盘
520,14:30:03,7.45,--,17,12665,买盘
521,14:30:00,7.45,--,40,29800,买盘
522,14:29:57,7.45,--,33,24585,买盘
523,14:29:54,7.45,--,5,3725,买盘
524,14:29:51,7.45,0.02,42,31290,买盘
525,14:29:48,7.43,-0.01,45,33435,卖盘
526,14:29:45,7.44,-0.01,250,186000,卖盘
527,14:29:42,7.45,0.01,132,98340,买盘
528,14:29:39,7.44,--,75,55800,买盘
529,14:29:36,7.44,--,103,76632,买盘
530,14:29:33,7.44,--,231,171864,买盘
531,14:29:30,7.44,--,20,14880,买盘
532,14:29:27,7.44,--,151,112344,买盘
533,14:29:24,7.44,--,114,84816,买盘
534,14:29:21,7.44,--,26,19344,买盘
535,14:29:18,7.44,0.01,175,130200,买盘
536,14:29:15,7.43,-0.01,282,209526,卖盘
537,14:29:12,7.44,--,632,470208,买盘
538,14:29:09,7.44,--,131,97464,买盘
539,14:29:06,7.44,0.01,812,604128,买盘
540,14:29:03,7.43,-0.01,79,58697,卖盘
541,14:29:00,7.44,--,31,23064,买盘
542,14:28:57,7.44,--,70,52080,买盘
543,14:28:54,7.44,0.01,162,120528,买盘
544,14:28:51,7.43,-0.01,14,10402,卖盘
545,14:28:48,7.44,--,21,15624,买盘
546,14:28:45,7.44,--,89,66216,买盘
547,14:28:42,7.44,--,27,20088,买盘
548,14:28:39,7.44,--,10,7440,买盘
549,14:28:36,7.44,--,9,6696,买盘
550,14:28:33,7.44,--,31,23064,买盘
551,14:28:30,7.44,--,193,143592,买盘
552,14:28:27,7.44,--,150,111600,买盘
553,14:28:24,7.44,0.01,32,23808,买盘
554,14:28:21,7.43,--,15,11145,卖盘
555,14:28:18,7.43,-0.01,23,17089,卖盘
556,14:28:12,7.44,--,44,32736,买盘
557,14:28:09,7.44,0.01,308,229152,买盘
558,14:28:06,7.43,-0.01,23,17170,卖盘
559,14:28:03,7.44,--,4,2976,买盘
560,14:28:00,7.44,0.01,15,11160,买盘
561,14:27:57,7.43,-0.01,74,54982,卖盘
562,14:27:54,7.44,--,65,48360,买盘
563,14:27:51,7.44,--,51,37944,买盘
564,14:27:48,7.44,--,97,72168,买盘
565,14:27:45,7.44,--,78,58032,买盘
566,14:27:42,7.44,--,2,1488,买盘
567,14:27:39,7.44,--,26,19344,买盘
568,14:27:36,7.44,--,137,101928,买盘
569,14:27:33,7.44,0.01,30,22320,买盘
570,14:27:30,7.43,-0.01,2,1486,卖盘
571,14:27:27,7.44,0.01,11,8184,买盘
572,14:27:24,7.43,-0.01,71,52753,卖盘
573,14:27:21,7.44,--,75,55800,买盘
574,14:27:18,7.44,0.01,237,176328,买盘
575,14:27:15,7.43,--,171,127461,卖盘
576,14:27:12,7.43,-0.01,5,3715,卖盘
577,14:27:09,7.44,0.01,30,22320,买盘
578,14:27:06,7.43,-0.01,146,109035,卖盘
579,14:27:03,7.44,--,84,62496,买盘
580,14:27:00,7.44,--,13,9672,买盘
581,14:26:57,7.44,--,89,66297,买盘
582,14:26:54,7.44,0.01,23,17112,买盘
583,14:26:51,7.43,-0.01,131,97333,卖盘
584,14:26:48,7.44,--,138,102791,买盘
585,14:26:45,7.44,--,20,14880,买盘
586,14:26:42,7.44,0.01,22,16368,买盘
587,14:26:39,7.43,-0.01,248,184264,卖盘
588,14:26:36,7.44,--,949,706056,买盘
589,14:26:33,7.44,--,43,31992,买盘
590,14:26:30,7.44,0.01,93,69192,买盘
591,14:26:27,7.43,-0.01,121,89903,卖盘
592,14:26:24,7.44,--,19,14136,买盘
593,14:26:21,7.44,0.01,90,66960,买盘
594,14:26:18,7.43,-0.01,71,52753,卖盘
595,14:26:15,7.44,--,98,72912,买盘
596,14:26:12,7.44,--,341,253704,买盘
597,14:26:09,7.44,0.01,90,66960,买盘
598,14:26:06,7.43,-0.01,88,65384,卖盘
599,14:26:03,7.44,--,33,24552,买盘
600,14:26:00,7.44,--,97,72168,买盘
601,14:25:57,7.44,--,153,113832,买盘
602,14:25:54,7.44,--,9,6696,买盘
603,14:25:51,7.44,--,28,20832,买盘
604,14:25:48,7.44,0.01,19,14136,买盘
605,14:25:45,7.43,--,94,69842,卖盘
606,14:25:42,7.43,-0.01,16,11888,卖盘
607,14:25:39,7.44,--,6,4464,买盘
608,14:25:36,7.44,--,19,14136,买盘
609,14:25:33,7.44,--,96,71424,买盘
610,14:25:30,7.44,--,43,31992,买盘
611,14:25:27,7.44,0.01,203,151032,买盘
612,14:25:24,7.43,-0.01,23,17089,卖盘
613,14:25:21,7.44,--,8,5952,买盘
614,14:25:18,7.44,0.01,65,48360,买盘
615,14:25:15,7.43,--,95,70585,卖盘
616,14:25:12,7.43,-0.01,54,40122,卖盘
617,14:25:09,7.44,0.01,27,20088,买盘
618,14:25:06,7.43,--,33,24519,卖盘
619,14:25:03,7.43,--,210,156030,卖盘
620,14:25:00,7.43,-0.01,14,10402,卖盘
621,14:24:57,7.44,0.01,29,21576,买盘
622,14:24:54,7.43,--,17,12631,卖盘
623,14:24:51,7.43,-0.01,75,55725,卖盘
624,14:24:48,7.44,0.02,24,17856,买盘
625,14:24:45,7.42,-0.01,401,297542,卖盘
626,14:24:42,7.43,0.01,1778,1321054,买盘
627,14:24:39,7.42,-0.01,117,86814,卖盘
628,14:24:36,7.43,--,564,419052,买盘
629,14:24:33,7.43,--,87,64641,买盘
630,14:24:30,7.43,0.01,522,387846,买盘
631,14:24:27,7.42,--,176,130592,卖盘
632,14:24:24,7.42,--,749,556218,买盘
633,14:24:21,7.42,--,160,118720,买盘
634,14:24:18,7.42,--,71,52682,买盘
635,14:24:15,7.42,--,445,330190,买盘
636,14:24:12,7.42,0.01,123,91266,买盘
637,14:24:06,7.41,-0.01,18,13338,卖盘
638,14:23:57,7.42,0.01,26,19292,买盘
639,14:23:54,7.41,-0.01,17,12597,卖盘
640,14:23:51,7.42,0.01,49,36358,买盘
641,14:23:48,7.41,-0.01,91,67431,卖盘
642,14:23:45,7.42,0.01,94,69748,买盘
643,14:23:42,7.41,-0.01,11,8151,卖盘
644,14:23:39,7.42,--,1,742,买盘
645,14:23:36,7.42,0.01,20,14840,买盘
646,14:23:33,7.41,-0.01,32,23712,卖盘
647,14:23:27,7.42,--,32,23744,买盘
648,14:23:24,7.42,0.01,46,34132,买盘
649,14:23:21,7.41,-0.02,79,58820,卖盘
650,14:23:18,7.43,0.01,2,1486,买盘
651,14:23:15,7.42,--,82,60844,卖盘
652,14:23:12,7.42,--,306,227052,卖盘
653,14:23:09,7.42,--,373,277226,买盘
654,14:23:06,7.42,-0.01,3045,2259671,卖盘
655,14:23:03,7.43,--,95,70585,买盘
656,14:23:00,7.43,--,355,263765,买盘
657,14:22:57,7.43,--,103,76529,买盘
658,14:22:54,7.43,--,4,2972,买盘
659,14:22:51,7.43,--,35,26005,买盘
660,14:22:48,7.43,--,62,46066,买盘
661,14:22:45,7.43,0.01,37,27491,买盘
662,14:22:42,7.42,--,94,69748,卖盘
663,14:22:39,7.42,--,510,378880,买盘
664,14:22:36,7.42,--,166,123172,买盘
665,14:22:33,7.42,--,802,595084,买盘
666,14:22:30,7.42,--,128,94976,买盘
667,14:22:27,7.42,--,720,534240,买盘
668,14:22:24,7.42,--,10,7420,买盘
669,14:22:21,7.42,--,2,1484,买盘
670,14:22:18,7.42,0.01,14,10388,买盘
671,14:22:15,7.41,-0.01,16,11856,卖盘
672,14:22:12,7.42,0.01,20,14840,买盘
673,14:22:09,7.41,-0.01,108,80028,卖盘
674,14:22:06,7.42,0.01,46,34132,买盘
675,14:22:03,7.41,-0.01,94,69654,卖盘
676,14:21:57,7.42,0.01,12,8904,买盘
677,14:21:54,7.41,--,65,48165,卖盘
678,14:21:51,7.41,-0.01,9,6669,卖盘
679,14:21:48,7.42,--,5,3710,买盘
680,14:21:45,7.42,0.01,33,24486,买盘
681,14:21:42,7.41,-0.01,27,20007,卖盘
682,14:21:39,7.42,--,10,7420,买盘
683,14:21:36,7.42,0.01,13,9646,买盘
684,14:21:33,7.41,-0.01,48,35568,卖盘
685,14:21:30,7.42,--,1,742,买盘
686,14:21:27,7.42,--,6,4452,买盘
687,14:21:24,7.42,--,10,7420,买盘
688,14:21:21,7.42,--,48,35616,买盘
689,14:21:18,7.42,--,164,121688,买盘
690,14:21:15,7.42,--,38,28196,买盘
691,14:21:12,7.42,0.01,32,23744,买盘
692,14:21:09,7.41,--,19,14079,卖盘
693,14:21:06,7.41,-0.01,1,741,卖盘
694,14:21:03,7.42,0.01,42,31164,买盘
695,14:21:00,7.41,--,242,179322,卖盘
696,14:20:57,7.41,-0.01,26,19266,卖盘
697,14:20:54,7.42,0.01,1,742,买盘
698,14:20:51,7.41,-0.01,13,9633,卖盘
699,14:20:48,7.42,0.01,65,48230,买盘
700,14:20:45,7.41,-0.01,209,154869,卖盘
701,14:20:42,7.42,0.01,6,4452,买盘
702,14:20:39,7.41,--,23,17043,卖盘
703,14:20:36,7.41,-0.01,125,92625,卖盘
704,14:20:33,7.42,0.01,15,11130,买盘
705,14:20:30,7.41,--,34,25194,卖盘
706,14:20:27,7.41,0.01,99,73359,买盘
707,14:20:24,7.4,--,317,234580,卖盘
708,14:20:21,7.4,-0.01,126,93240,卖盘
709,14:20:18,7.41,--,52,38532,买盘
710,14:20:15,7.41,--,136,100776,买盘
711,14:20:12,7.41,0.01,37,27417,买盘
712,14:20:09,7.4,--,10,7400,卖盘
713,14:20:06,7.4,--,48,35520,卖盘
714,14:20:03,7.4,-0.01,19,14060,卖盘
715,14:19:57,7.41,--,2,1482,买盘
716,14:19:54,7.41,0.01,13,9633,买盘
717,14:19:51,7.4,-0.01,27,19980,卖盘
718,14:19:48,7.41,--,23,17043,买盘
719,14:19:45,7.41,--,143,105963,买盘
720,14:19:42,7.41,--,59,43719,买盘
721,14:19:39,7.41,--,44,32604,买盘
722,14:19:36,7.41,--,4,2964,买盘
723,14:19:33,7.41,0.01,8,5928,买盘
724,14:19:30,7.4,-0.01,19,14060,卖盘
725,14:19:27,7.41,0.01,20,14820,买盘
726,14:19:24,7.4,-0.01,107,79180,卖盘
727,14:19:21,7.41,0.01,11,8151,买盘
728,14:19:18,7.4,-0.01,42,31080,卖盘
729,14:19:15,7.41,--,51,37791,买盘
730,14:19:12,7.41,--,88,65208,买盘
731,14:19:09,7.41,--,21,15561,买盘
732,14:19:06,7.41,--,10,7410,买盘
733,14:19:03,7.41,--,93,68913,买盘
734,14:19:00,7.41,--,412,305292,买盘
735,14:18:57,7.41,--,41,30381,买盘
736,14:18:54,7.41,--,43,31863,买盘
737,14:18:51,7.41,0.01,53,39273,买盘
738,14:18:48,7.4,--,22,16280,卖盘
739,14:18:45,7.4,-0.01,112,82880,卖盘
740,14:18:42,7.41,0.01,5,3705,买盘
741,14:18:39,7.4,-0.01,16,11840,卖盘
742,14:18:36,7.41,--,25,18525,买盘
743,14:18:33,7.41,--,98,72618,买盘
744,14:18:30,7.41,--,492,364572,买盘
745,14:18:27,7.41,0.01,5,3705,买盘
746,14:18:24,7.4,-0.01,32,23680,卖盘
747,14:18:21,7.41,--,50,37050,买盘
748,14:18:18,7.41,0.01,14,10374,买盘
749,14:18:15,7.4,-0.01,84,62160,卖盘
750,14:18:12,7.41,0.01,83,61503,买盘
751,14:18:09,7.4,-0.01,126,93240,卖盘
752,14:18:06,7.41,--,17,12597,买盘
753,14:18:03,7.41,--,43,31863,买盘
754,14:18:00,7.41,--,52,38532,买盘
755,14:17:57,7.41,--,44,32604,买盘
756,14:17:54,7.41,0.01,75,55575,买盘
757,14:17:51,7.4,-0.01,64,47360,卖盘
758,14:17:48,7.41,-0.01,223,165243,卖盘
759,14:17:45,7.42,--,4,2968,买盘
760,14:17:42,7.42,0.01,26,19292,买盘
761,14:17:39,7.41,--,27,20007,卖盘
762,14:17:36,7.41,-0.01,10,7410,卖盘
763,14:17:33,7.42,0.01,5,3710,买盘
764,14:17:30,7.41,--,26,19266,卖盘
765,14:17:27,7.41,--,6,4446,卖盘
766,14:17:24,7.41,-0.01,31,22971,卖盘
767,14:17:21,7.42,0.01,2,1484,买盘
768,14:17:18,7.41,-0.01,5,3705,卖盘
769,14:17:15,7.42,--,2,1484,买盘
770,14:17:12,7.42,0.01,31,23002,买盘
771,14:17:09,7.41,-0.01,167,123747,中性盘
772,14:17:06,7.42,0.01,135,100170,买盘
773,14:17:03,7.41,--,701,519441,买盘
774,14:17:00,7.41,0.01,7,5187,买盘
775,14:16:57,7.4,-0.01,28,20720,卖盘
776,14:16:54,7.41,--,4,2964,买盘
777,14:16:51,7.41,--,1,741,买盘
778,14:16:48,7.41,0.01,18,13338,买盘
779,14:16:45,7.4,-0.01,63,46620,卖盘
780,14:16:42,7.41,--,29,21489,买盘
781,14:16:39,7.41,--,20,14820,买盘
782,14:16:36,7.41,--,32,23712,买盘
783,14:16:33,7.41,--,51,37791,买盘
784,14:16:27,7.41,0.01,3,2223,买盘
785,14:16:24,7.4,-0.01,18,13320,卖盘
786,14:16:18,7.41,--,18,13338,买盘
787,14:16:15,7.41,0.01,102,75582,买盘
788,14:16:12,7.4,-0.01,13,9620,卖盘
789,14:16:09,7.41,--,5,3705,买盘
790,14:16:06,7.41,--,7,5187,买盘
791,14:16:03,7.41,--,42,31122,买盘
792,14:16:00,7.41,0.01,10,7410,买盘
793,14:15:57,7.4,-0.01,31,22940,卖盘
794,14:15:54,7.41,0.01,8,5928,买盘
795,14:15:51,7.4,-0.01,9,6660,卖盘
796,14:15:48,7.41,0.01,12,8892,买盘
797,14:15:45,7.4,-0.01,39,28860,卖盘
798,14:15:42,7.41,0.01,3,2223,买盘
799,14:15:39,7.4,-0.01,6,4440,卖盘
800,14:15:33,7.41,0.01,5,3705,买盘
801,14:15:30,7.4,-0.01,26,19240,卖盘
802,14:15:27,7.41,--,21,15561,买盘
803,14:15:24,7.41,--,10,7410,买盘
804,14:15:21,7.41,--,15,11115,买盘
805,14:15:18,7.41,--,30,22230,买盘
806,14:15:15,7.41,0.01,86,63726,买盘
807,14:15:12,7.4,--,109,80660,卖盘
808,14:15:09,7.4,--,74,54760,卖盘
809,14:15:06,7.4,-0.01,224,165760,卖盘
810,14:15:00,7.41,--,1,741,买盘
811,14:14:57,7.41,0.01,12,8892,买盘
812,14:14:54,7.4,-0.01,31,22940,卖盘
813,14:14:51,7.41,--,12,8892,买盘
814,14:14:48,7.41,0.01,4,2964,买盘
815,14:14:45,7.4,-0.01,21,15540,卖盘
816,14:14:42,7.41,--,8,5928,买盘
817,14:14:39,7.41,0.01,2,1482,买盘
818,14:14:36,7.4,--,15,11100,卖盘
819,14:14:33,7.4,-0.01,23,17020,卖盘
820,14:14:30,7.41,0.01,41,30381,买盘
821,14:14:27,7.4,-0.01,246,182040,卖盘
822,14:14:24,7.41,0.01,207,153387,买盘
823,14:14:21,7.4,-0.01,25,18500,卖盘
824,14:14:18,7.41,0.01,1,741,买盘
825,14:14:15,7.4,-0.01,8,5920,卖盘
826,14:14:12,7.41,--,28,20748,买盘
827,14:14:09,7.41,--,44,32604,买盘
828,14:14:06,7.41,--,206,152646,买盘
829,14:14:03,7.41,0.01,13,9633,买盘
830,14:14:00,7.4,-0.01,40,29600,卖盘
831,14:13:57,7.41,--,45,33345,买盘
832,14:13:54,7.41,--,230,170430,买盘
833,14:13:51,7.41,0.01,16,11856,买盘
834,14:13:48,7.4,-0.01,27,19980,卖盘
835,14:13:45,7.41,--,78,57798,买盘
836,14:13:42,7.41,--,18,13338,买盘
837,14:13:39,7.41,0.01,97,71877,买盘
838,14:13:36,7.4,-0.01,25,18500,卖盘
839,14:13:33,7.41,--,109,80769,买盘
840,14:13:30,7.41,0.01,5,3705,买盘
841,14:13:27,7.4,--,18,13320,卖盘
842,14:13:24,7.4,-0.01,2,1480,卖盘
843,14:13:21,7.41,--,2,1482,买盘
844,14:13:18,7.41,0.01,11,8151,买盘
845,14:13:15,7.4,-0.01,269,199060,卖盘
846,14:13:12,7.41,--,1308,969228,买盘
847,14:13:09,7.41,0.01,21,15561,买盘
848,14:13:06,7.4,--,285,210900,卖盘
849,14:13:03,7.4,-0.01,1308,967920,卖盘
850,14:13:00,7.41,--,26,19266,买盘
851,14:12:57,7.41,0.01,96,71136,买盘
852,14:12:54,7.4,--,22,16280,卖盘
853,14:12:51,7.4,-0.01,27,19980,卖盘
854,14:12:48,7.41,--,3,2223,买盘
855,14:12:45,7.41,0.01,29,21489,买盘
856,14:12:42,7.4,-0.01,283,209420,卖盘
857,14:12:39,7.41,-0.01,1407,1042868,卖盘
858,14:12:36,7.42,--,25,18550,买盘
859,14:12:33,7.42,--,28,20776,买盘
860,14:12:30,7.42,--,38,28196,买盘
861,14:12:24,7.42,0.01,4,2968,买盘
862,14:12:21,7.41,-0.01,39,28899,卖盘
863,14:12:18,7.42,--,136,100912,买盘
864,14:12:15,7.42,--,69,51198,买盘
865,14:12:12,7.42,0.01,20,14840,买盘
866,14:12:09,7.41,-0.01,65,48165,卖盘
867,14:12:03,7.42,--,8,5936,买盘
868,14:12:00,7.42,--,42,31164,买盘
869,14:11:57,7.42,--,17,12614,买盘
870,14:11:54,7.42,--,83,61586,买盘
871,14:11:51,7.42,0.01,4,2968,买盘
872,14:11:48,7.41,-0.01,29,21489,卖盘
873,14:11:45,7.42,--,69,51198,买盘
874,14:11:42,7.42,--,12,8904,买盘
875,14:11:39,7.42,0.01,48,35616,买盘
876,14:11:36,7.41,-0.01,235,174135,卖盘
877,14:11:33,7.42,--,118,87556,买盘
878,14:11:30,7.42,--,61,45262,买盘
879,14:11:27,7.42,--,28,20776,买盘
880,14:11:24,7.42,0.01,232,172144,买盘
881,14:11:21,7.41,-0.01,1265,938076,卖盘
882,14:11:18,7.42,0.01,25,18550,买盘
883,14:11:15,7.41,-0.01,36,26676,卖盘
884,14:11:12,7.42,0.01,19,14098,买盘
885,14:11:09,7.41,-0.01,40,29773,卖盘
886,14:11:06,7.42,0.01,4,2968,买盘
887,14:11:03,7.41,-0.01,21,15561,卖盘
888,14:11:00,7.42,--,9,6678,买盘
889,14:10:57,7.42,0.01,7,5194,买盘
890,14:10:54,7.41,-0.01,40,29640,卖盘
891,14:10:51,7.42,--,3,2226,买盘
892,14:10:48,7.42,--,6,4452,买盘
893,14:10:45,7.42,--,46,34132,买盘
894,14:10:42,7.42,0.01,27,20034,买盘
895,14:10:39,7.41,-0.01,49,36309,卖盘
896,14:10:36,7.42,--,33,24486,买盘
897,14:10:33,7.42,0.01,67,49714,买盘
898,14:10:30,7.41,-0.01,32,23712,卖盘
899,14:10:27,7.42,--,52,38584,买盘
900,14:10:24,7.42,--,231,171402,买盘
901,14:10:21,7.42,--,23,17066,买盘
902,14:10:18,7.42,--,21,15582,买盘
903,14:10:15,7.42,--,20,14840,买盘
904,14:10:12,7.42,0.01,46,34584,买盘
905,14:10:09,7.41,--,28,20748,卖盘
906,14:10:06,7.41,-0.01,48,35568,卖盘
907,14:10:03,7.42,--,8,5936,买盘
908,14:10:00,7.42,0.01,54,40068,买盘
909,14:09:57,7.41,-0.01,43,31863,卖盘
910,14:09:54,7.42,--,99,73458,买盘
911,14:09:51,7.42,0.01,124,92008,买盘
912,14:09:48,7.41,--,98,72618,卖盘
913,14:09:45,7.41,-0.01,65,48809,卖盘
914,14:09:42,7.42,0.01,66,48972,买盘
915,14:09:39,7.41,--,51,37791,卖盘
916,14:09:36,7.41,-0.01,23,17043,卖盘
917,14:09:33,7.42,--,2,1484,买盘
918,14:09:30,7.42,--,12,8904,买盘
919,14:09:27,7.42,0.01,7,5194,买盘
920,14:09:24,7.41,-0.01,25,18525,卖盘
921,14:09:21,7.42,--,15,11130,买盘
922,14:09:18,7.42,--,39,28938,买盘
923,14:09:15,7.42,--,55,40810,买盘
924,14:09:12,7.42,0.01,29,21518,买盘
925,14:09:09,7.41,-0.01,110,81510,卖盘
926,14:09:06,7.42,0.01,29,21518,买盘
927,14:09:03,7.41,-0.01,92,68172,卖盘
928,14:09:00,7.42,0.01,11,8162,买盘
929,14:08:57,7.41,-0.01,46,34086,卖盘
930,14:08:54,7.42,--,36,26712,买盘
931,14:08:51,7.42,0.01,73,54166,买盘
932,14:08:48,7.41,-0.01,102,75582,卖盘
933,14:08:45,7.42,--,13,9646,买盘
934,14:08:42,7.42,--,23,17066,买盘
935,14:08:39,7.42,--,16,11872,买盘
936,14:08:36,7.42,--,89,66038,买盘
937,14:08:33,7.42,0.01,9,6678,买盘
938,14:08:30,7.41,-0.01,27,20007,卖盘
939,14:08:27,7.42,0.01,26,19292,买盘
940,14:08:24,7.41,-0.01,63,46683,卖盘
941,14:08:21,7.42,0.01,241,178822,买盘
942,14:08:18,7.41,-0.01,89,65949,卖盘
943,14:08:12,7.42,--,18,13356,买盘
944,14:08:09,7.42,0.01,165,122430,买盘
945,14:08:06,7.41,-0.01,350,259350,卖盘
946,14:08:03,7.42,--,44,32648,买盘
947,14:08:00,7.42,--,12,8904,买盘
948,14:07:57,7.42,0.01,27,20034,买盘
949,14:07:54,7.41,-0.01,53,39273,卖盘
950,14:07:51,7.42,--,3,2226,买盘
951,14:07:48,7.42,0.01,70,51940,买盘
952,14:07:45,7.41,-0.01,283,209703,卖盘
953,14:07:42,7.42,--,20,14840,买盘
954,14:07:39,7.42,0.01,80,59360,买盘
955,14:07:36,7.41,--,42,31122,卖盘
956,14:07:33,7.41,--,20,14820,卖盘
957,14:07:30,7.41,-0.01,5,3705,卖盘
958,14:07:27,7.42,0.01,12,8904,买盘
959,14:07:24,7.41,-0.01,56,41496,卖盘
960,14:07:18,7.42,0.01,4,2968,买盘
961,14:07:12,7.41,--,71,52611,卖盘
962,14:07:09,7.41,--,19,14079,卖盘
963,14:07:06,7.41,--,1523,1129061,卖盘
964,14:07:03,7.41,--,61,45201,卖盘
965,14:07:00,7.41,-0.01,42,31122,卖盘
966,14:06:57,7.42,0.01,31,23002,买盘
967,14:06:51,7.41,--,18,13338,卖盘
968,14:06:48,7.41,-0.01,34,25194,卖盘
969,14:06:45,7.42,--,19,14098,买盘
970,14:06:42,7.42,0.01,446,330932,买盘
971,14:06:39,7.41,--,22,16302,卖盘
972,14:06:36,7.41,-0.01,10,7410,卖盘
973,14:06:30,7.42,0.01,7,5194,买盘
974,14:06:27,7.41,-0.01,90,66690,卖盘
975,14:06:24,7.42,0.01,1,742,买盘
976,14:06:18,7.41,--,60,44460,买盘
977,14:06:15,7.41,0.01,36,26676,买盘
978,14:06:12,7.4,-0.01,5,3700,卖盘
979,14:06:09,7.41,0.01,40,29640,买盘
980,14:06:06,7.4,-0.01,192,142080,卖盘
981,14:06:03,7.41,--,16,11856,买盘
982,14:06:00,7.41,--,182,134862,买盘
983,14:05:57,7.41,0.01,196,145236,买盘
984,14:05:54,7.4,-0.01,382,282680,卖盘
985,14:05:51,7.41,0.01,710,526110,买盘
986,14:05:48,7.4,--,4,2960,卖盘
987,14:05:45,7.4,-0.01,20,14800,卖盘
988,14:05:39,7.41,0.01,2,1482,买盘
989,14:05:36,7.4,--,3,2220,卖盘
990,14:05:33,7.4,--,19,14060,卖盘
991,14:05:30,7.4,-0.01,3,2220,卖盘
992,14:05:27,7.41,--,23,17043,买盘
993,14:05:24,7.41,0.01,40,29640,买盘
994,14:05:21,7.4,--,22,16280,卖盘
995,14:05:18,7.4,-0.01,10,7400,卖盘
996,14:05:15,7.41,0.01,25,18525,买盘
997,14:05:12,7.4,--,56,41440,卖盘
998,14:05:09,7.4,-0.01,6,4440,卖盘
999,14:05:06,7.41,0.01,24,17784,买盘
1000,14:05:03,7.4,--,4,2960,卖盘
1001,14:05:00,7.4,--,20,14800,卖盘
1002,14:04:57,7.4,--,4,2960,卖盘
1003,14:04:54,7.4,--,443,327820,卖盘
1004,14:04:51,7.4,0.01,2349,1738260,买盘
1005,14:04:48,7.39,--,26,19214,卖盘
1006,14:04:45,7.39,--,37,27343,卖盘
1007,14:04:42,7.39,-0.01,5,3695,卖盘
1008,14:04:39,7.4,0.01,34,25160,买盘
1009,14:04:36,7.39,--,77,56903,卖盘
1010,14:04:33,7.39,--,32,23648,卖盘
1011,14:04:30,7.39,--,11,8129,卖盘
1012,14:04:27,7.39,--,19,14041,卖盘
1013,14:04:24,7.39,-0.01,6,4434,卖盘
1014,14:04:21,7.4,0.01,25,18500,买盘
1015,14:04:18,7.39,--,8,5912,卖盘
1016,14:04:15,7.39,--,35,25865,卖盘
1017,14:04:09,7.39,--,4,2956,卖盘
1018,14:04:06,7.39,--,17,12563,卖盘
1019,14:03:57,7.39,--,4,2956,卖盘
1020,14:03:54,7.39,--,17,12563,卖盘
1021,14:03:51,7.39,-0.01,1,739,卖盘
1022,14:03:48,7.4,0.01,7,5180,买盘
1023,14:03:45,7.39,0.01,416,307911,买盘
1024,14:03:42,7.38,-0.01,193,142434,卖盘
1025,14:03:39,7.39,0.01,41,30299,买盘
1026,14:03:33,7.38,--,28,20664,卖盘
1027,14:03:27,7.38,-0.01,31,22878,卖盘
1028,14:03:24,7.39,--,49,36211,买盘
1029,14:03:21,7.39,0.01,2744,2027816,买盘
1030,14:03:18,7.38,-0.01,60,44280,卖盘
1031,14:03:15,7.39,--,35,25865,买盘
1032,14:03:12,7.39,0.01,134,99026,买盘
1033,14:03:09,7.38,-0.01,28,20664,卖盘
1034,14:03:06,7.39,--,1,739,买盘
1035,14:03:03,7.39,--,18,13302,买盘
1036,14:03:00,7.39,--,223,164797,买盘
1037,14:02:57,7.39,0.01,471,348069,买盘
1038,14:02:54,7.38,--,26,19188,卖盘
1039,14:02:51,7.38,--,1,738,卖盘
1040,14:02:48,7.38,--,53,39114,卖盘
1041,14:02:42,7.38,--,4,2952,卖盘
1042,14:02:39,7.38,--,8,5904,卖盘
1043,14:02:36,7.38,--,223,164574,卖盘
1044,14:02:33,7.38,--,10,7380,卖盘
1045,14:02:30,7.38,--,837,617706,买盘
1046,14:02:27,7.38,--,155,114390,买盘
1047,14:02:24,7.38,--,19,14022,买盘
1048,14:02:21,7.38,--,173,127674,买盘
1049,14:02:18,7.38,0.01,405,298890,买盘
1050,14:02:15,7.37,-0.01,49,36113,卖盘
1051,14:02:12,7.38,--,1,738,买盘
1052,14:02:09,7.38,--,2,1476,买盘
1053,14:02:06,7.38,0.01,15,11070,买盘
1054,14:02:03,7.37,-0.01,30,22110,卖盘
1055,14:02:00,7.38,--,66,48708,买盘
1056,14:01:57,7.38,--,6,4428,买盘
1057,14:01:54,7.38,0.01,38,28044,买盘
1058,14:01:51,7.37,-0.01,29,21373,卖盘
1059,14:01:48,7.38,0.01,12,8856,买盘
1060,14:01:45,7.37,--,69,50853,卖盘
1061,14:01:42,7.37,-0.01,23,16951,卖盘
1062,14:01:39,7.38,0.01,14,10332,买盘
1063,14:01:36,7.37,-0.01,60,44220,卖盘
1064,14:01:33,7.38,0.01,104,76752,买盘
1065,14:01:30,7.37,-0.01,35,25795,卖盘
1066,14:01:27,7.38,--,71,52398,买盘
1067,14:01:24,7.38,--,4,2952,买盘
1068,14:01:21,7.38,0.01,4,2952,买盘
1069,14:01:18,7.37,-0.01,19,14003,卖盘
1070,14:01:12,7.38,--,4,2952,买盘
1071,14:01:09,7.38,--,21,15498,买盘
1072,14:01:06,7.38,--,1,738,买盘
1073,14:01:03,7.38,0.01,79,58302,买盘
1074,14:01:00,7.37,--,403,297011,卖盘
1075,14:00:57,7.37,-0.01,20,14740,卖盘
1076,14:00:48,7.38,0.01,16,11808,买盘
1077,14:00:45,7.37,-0.01,94,69278,卖盘
1078,14:00:42,7.38,--,62,45756,买盘
1079,14:00:39,7.38,--,13,9594,买盘
1080,14:00:36,7.38,--,26,19188,买盘
1081,14:00:33,7.38,--,1,738,买盘
1082,14:00:30,7.38,--,10,7380,买盘
1083,14:00:27,7.38,--,62,45756,买盘
1084,14:00:24,7.38,--,40,29520,买盘
1085,14:00:21,7.38,--,1,738,买盘
1086,14:00:18,7.38,--,8,5904,买盘
1087,14:00:15,7.38,0.01,53,39114,买盘
1088,14:00:12,7.37,-0.01,105,77385,卖盘
1089,14:00:09,7.38,--,3,2214,买盘
1090,14:00:06,7.38,0.01,6,4428,买盘
1091,14:00:03,7.37,-0.01,19,14003,卖盘
1092,14:00:00,7.38,--,1,738,买盘
1093,13:59:57,7.38,--,3,2214,买盘
1094,13:59:54,7.38,0.01,8,5904,买盘
1095,13:59:51,7.37,--,35,25795,卖盘
1096,13:59:48,7.37,-0.01,120,88440,卖盘
1097,13:59:45,7.38,--,631,465678,买盘
1098,13:59:42,7.38,0.01,22,16236,买盘
1099,13:59:39,7.37,-0.01,71,52327,卖盘
1100,13:59:36,7.38,0.01,31,22878,买盘
1101,13:59:33,7.37,-0.01,52,38324,卖盘
1102,13:59:30,7.38,--,37,27306,买盘
1103,13:59:27,7.38,--,8,5904,买盘
1104,13:59:24,7.38,--,10,7380,买盘
1105,13:59:21,7.38,--,18,13284,买盘
1106,13:59:18,7.38,--,98,72324,买盘
1107,13:59:15,7.38,--,30,22140,买盘
1108,13:59:09,7.38,0.01,9,6642,买盘
1109,13:59:06,7.37,-0.01,36,26532,卖盘
1110,13:59:00,7.38,0.01,4,2952,买盘
1111,13:58:57,7.37,-0.01,21,15477,卖盘
1112,13:58:54,7.38,-0.01,129,95202,卖盘
1113,13:58:51,7.39,0.01,309,228351,买盘
1114,13:58:48,7.38,--,2,1476,卖盘
1115,13:58:45,7.38,-0.01,60,44280,卖盘
1116,13:58:42,7.39,0.01,12,8868,买盘
1117,13:58:39,7.38,--,136,100368,卖盘
1118,13:58:36,7.38,--,354,261252,卖盘
1119,13:58:33,7.38,--,19,14022,卖盘
1120,13:58:30,7.38,-0.01,1,738,卖盘
1121,13:58:27,7.39,0.01,1,739,买盘
1122,13:58:24,7.38,--,17,12546,卖盘
1123,13:58:18,7.38,--,15,11070,卖盘
1124,13:58:15,7.38,--,65,47970,卖盘
1125,13:58:12,7.38,--,17,12546,卖盘
1126,13:58:09,7.38,--,19,14022,卖盘
1127,13:58:06,7.38,0.01,2,1476,中性盘
1128,13:58:00,7.37,-0.01,29,21373,卖盘
1129,13:57:57,7.38,--,53,39114,卖盘
1130,13:57:51,7.38,--,24,17712,买盘
1131,13:57:48,7.38,--,26,19188,买盘
1132,13:57:45,7.38,--,66,48708,买盘
1133,13:57:42,7.38,--,20,14760,买盘
1134,13:57:39,7.38,--,264,194891,卖盘
1135,13:57:36,7.38,-0.01,19,14022,卖盘
1136,13:57:33,7.39,0.01,10,7390,买盘
1137,13:57:30,7.38,--,3,2214,卖盘
1138,13:57:27,7.38,-0.01,218,160884,卖盘
1139,13:57:24,7.39,0.01,2,1478,买盘
1140,13:57:21,7.38,-0.01,15,11070,卖盘
1141,13:57:18,7.39,--,29,21431,买盘
1142,13:57:15,7.39,0.01,13,9607,买盘
1143,13:57:12,7.38,--,3,2214,卖盘
1144,13:57:09,7.38,--,281,207378,卖盘
1145,13:57:06,7.38,--,19,14022,卖盘
1146,13:57:03,7.38,-0.01,1,738,卖盘
1147,13:57:00,7.39,0.01,12,8868,买盘
1148,13:56:57,7.38,--,25,18450,卖盘
1149,13:56:54,7.38,--,24,17712,卖盘
1150,13:56:51,7.38,--,2,1476,卖盘
1151,13:56:48,7.38,--,9,6642,卖盘
1152,13:56:45,7.38,--,17,12546,卖盘
1153,13:56:42,7.38,--,3,2214,卖盘
1154,13:56:39,7.38,--,346,256026,买盘
1155,13:56:36,7.38,0.01,305,225090,买盘
1156,13:56:33,7.37,-0.01,173,127501,卖盘
1157,13:56:30,7.38,--,4,2952,买盘
1158,13:56:27,7.38,--,32,23616,买盘
1159,13:56:24,7.38,0.01,64,47232,买盘
1160,13:56:21,7.37,-0.01,17,12529,卖盘
1161,13:56:18,7.38,--,117,86405,卖盘
1162,13:56:15,7.38,--,19,14022,卖盘
1163,13:56:12,7.38,-0.01,44,32472,卖盘
1164,13:56:09,7.39,0.01,1,739,买盘
1165,13:56:06,7.38,--,50,36900,卖盘
1166,13:56:03,7.38,-0.01,1,738,卖盘
1167,13:56:00,7.39,0.01,57,42123,买盘
1168,13:55:57,7.38,--,50,36900,卖盘
1169,13:55:54,7.38,--,54,39852,卖盘
1170,13:55:51,7.38,--,24,17712,卖盘
1171,13:55:48,7.38,--,507,374166,卖盘
1172,13:55:45,7.38,0.01,392,289974,买盘
1173,13:55:42,7.37,-0.01,18,13266,卖盘
1174,13:55:39,7.38,--,99,73062,买盘
1175,13:55:36,7.38,--,53,39173,卖盘
1176,13:55:33,7.38,--,10,7380,卖盘
1177,13:55:30,7.38,--,79,58302,卖盘
1178,13:55:27,7.38,--,26,19188,卖盘
1179,13:55:24,7.38,--,136,101046,卖盘
1180,13:55:21,7.38,--,500,369000,卖盘
1181,13:55:18,7.38,--,1,738,卖盘
1182,13:55:15,7.38,--,18,13284,卖盘
1183,13:55:09,7.38,--,3,2214,卖盘
1184,13:55:03,7.38,--,29,21402,卖盘
1185,13:55:00,7.38,-0.01,20,14760,卖盘
1186,13:54:57,7.39,0.01,20,14780,买盘
1187,13:54:54,7.38,--,34,25092,卖盘
1188,13:54:51,7.38,--,31,22878,卖盘
1189,13:54:48,7.38,--,1,738,卖盘
1190,13:54:45,7.38,--,2,1476,卖盘
1191,13:54:42,7.38,--,39,28782,卖盘
1192,13:54:39,7.38,--,30,22140,卖盘
1193,13:54:36,7.38,0.01,10,7380,卖盘
1194,13:54:33,7.37,--,1,737,卖盘
1195,13:54:30,7.37,-0.02,31,22847,卖盘
1196,13:54:27,7.39,0.01,144,106416,买盘
1197,13:54:24,7.38,--,11,8118,买盘
1198,13:54:21,7.38,--,406,299628,卖盘
1199,13:54:18,7.38,--,2,1476,卖盘
1200,13:54:15,7.38,--,1,738,卖盘
1201,13:54:12,7.38,-0.01,50,36900,卖盘
1202,13:54:09,7.39,--,63,46557,买盘
1203,13:54:06,7.39,--,7,5173,买盘
1204,13:54:03,7.39,--,32,23648,买盘
1205,13:54:00,7.39,0.01,14,10346,买盘
1206,13:53:57,7.38,--,18,13284,卖盘
1207,13:53:54,7.38,--,210,154980,买盘
1208,13:53:51,7.38,0.01,485,357930,买盘
1209,13:53:48,7.37,-0.01,45,33165,卖盘
1210,13:53:45,7.38,--,6,4428,买盘
1211,13:53:42,7.38,--,1,738,买盘
1212,13:53:39,7.38,0.01,7,5166,买盘
1213,13:53:36,7.37,-0.01,21,15477,卖盘
1214,13:53:33,7.38,--,17,12546,买盘
1215,13:53:30,7.38,--,78,57564,买盘
1216,13:53:27,7.38,0.01,178,131364,买盘
1217,13:53:24,7.37,-0.01,18,13266,卖盘
1218,13:53:21,7.38,--,92,67896,买盘
1219,13:53:18,7.38,0.01,207,152766,买盘
1220,13:53:15,7.37,-0.01,20,14740,卖盘
1221,13:53:12,7.38,--,5,3690,买盘
1222,13:53:09,7.38,--,31,22878,买盘
1223,13:53:06,7.38,0.01,44,32472,买盘
1224,13:53:03,7.37,-0.02,882,650034,卖盘
1225,13:52:57,7.39,--,1,739,买盘
1226,13:52:54,7.39,0.01,8,5912,买盘
1227,13:52:51,7.38,-0.01,329,242802,卖盘
1228,13:52:48,7.39,--,3,2217,买盘
1229,13:52:45,7.39,0.01,19,14041,买盘
1230,13:52:42,7.38,-0.01,93,68634,卖盘
1231,13:52:39,7.39,--,33,24387,买盘
1232,13:52:36,7.39,--,2,1478,买盘
1233,13:52:33,7.39,--,1,739,买盘
1234,13:52:30,7.39,0.01,28,20692,买盘
1235,13:52:24,7.38,-0.01,40,29520,卖盘
1236,13:52:21,7.39,0.01,2,1478,买盘
1237,13:52:18,7.38,--,48,35424,卖盘
1238,13:52:15,7.38,--,1309,966042,卖盘
1239,13:52:12,7.38,-0.01,210,154980,卖盘
1240,13:52:09,7.39,0.01,36,26604,买盘
1241,13:52:03,7.38,--,76,56088,卖盘
1242,13:52:00,7.38,--,246,181548,卖盘
1243,13:51:57,7.38,-0.01,34,25092,卖盘
1244,13:51:54,7.39,0.01,8,5912,买盘
1245,13:51:45,7.38,-0.01,23,16974,卖盘
1246,13:51:42,7.39,--,45,33255,买盘
1247,13:51:39,7.39,0.01,65,48035,买盘
1248,13:51:36,7.38,--,19,14022,卖盘
1249,13:51:33,7.38,--,45,33210,卖盘
1250,13:51:30,7.38,-0.01,1,738,卖盘
1251,13:51:27,7.39,0.01,26,19214,买盘
1252,13:51:24,7.38,-0.01,22,16236,卖盘
1253,13:51:18,7.39,0.01,6,4434,买盘
1254,13:51:15,7.38,--,32,23616,卖盘
1255,13:51:12,7.38,-0.01,1406,1037628,卖盘
1256,13:51:09,7.39,0.01,33,24387,买盘
1257,13:51:03,7.38,--,31,22878,卖盘
1258,13:50:57,7.38,--,25,18450,卖盘
1259,13:50:54,7.38,-0.01,1,738,卖盘
1260,13:50:51,7.39,--,26,19214,买盘
1261,13:50:48,7.39,0.01,45,33255,买盘
1262,13:50:45,7.38,--,1,738,卖盘
1263,13:50:42,7.38,--,15,11070,卖盘
1264,13:50:39,7.38,--,17,12546,卖盘
1265,13:50:30,7.38,--,87,64206,卖盘
1266,13:50:27,7.38,--,38,28044,卖盘
1267,13:50:24,7.38,--,93,68634,卖盘
1268,13:50:21,7.38,0.01,2031,1498878,买盘
1269,13:50:18,7.37,--,197,145189,卖盘
1270,13:50:15,7.37,-0.01,27,19899,卖盘
1271,13:50:12,7.38,0.01,22,16236,买盘
1272,13:50:09,7.37,--,91,67067,卖盘
1273,13:50:06,7.37,-0.01,21,15477,卖盘
1274,13:50:03,7.38,--,4,2952,买盘
1275,13:50:00,7.38,--,159,117342,买盘
1276,13:49:57,7.38,--,769,567522,买盘
1277,13:49:54,7.38,0.01,12,8856,买盘
1278,13:49:51,7.37,--,49,36113,买盘
1279,13:49:48,7.37,0.01,37,27269,买盘
1280,13:49:45,7.36,-0.01,58,42688,卖盘
1281,13:49:42,7.37,--,239,176143,买盘
1282,13:49:39,7.37,--,248,182776,买盘
1283,13:49:36,7.37,--,62,45694,卖盘
1284,13:49:33,7.37,--,63,46431,卖盘
1285,13:49:30,7.37,--,42,30954,卖盘
1286,13:49:27,7.37,-0.01,67,49379,卖盘
1287,13:49:24,7.38,--,318,234684,买盘
1288,13:49:21,7.38,--,6,4428,买盘
1289,13:49:18,7.38,--,207,152766,买盘
1290,13:49:15,7.38,0.01,1005,741690,买盘
1291,13:49:12,7.37,--,44,32428,卖盘
1292,13:49:09,7.37,-0.01,96,70752,卖盘
1293,13:49:06,7.38,--,41,30258,买盘
1294,13:49:03,7.38,--,9,6642,买盘
1295,13:49:00,7.38,--,26,19188,买盘
1296,13:48:57,7.38,--,3,2214,买盘
1297,13:48:54,7.38,0.01,21,15498,买盘
1298,13:48:51,7.37,--,35,25795,卖盘
1299,13:48:48,7.37,--,21,15477,卖盘
1300,13:48:45,7.37,-0.01,45,33165,卖盘
1301,13:48:42,7.38,0.01,14,10332,买盘
1302,13:48:39,7.37,-0.01,53,39061,卖盘
1303,13:48:36,7.38,--,5,3690,买盘
1304,13:48:33,7.38,--,16,11808,买盘
1305,13:48:30,7.38,0.01,95,70110,买盘
1306,13:48:27,7.37,-0.01,40,29480,卖盘
1307,13:48:24,7.38,--,83,61254,买盘
1308,13:48:21,7.38,0.01,31,22878,买盘
1309,13:48:18,7.37,--,146,107727,卖盘
1310,13:48:15,7.37,-0.01,80,58960,卖盘
1311,13:48:12,7.38,--,6,4428,买盘
1312,13:48:09,7.38,0.01,39,28782,买盘
1313,13:48:06,7.37,-0.01,20,14740,卖盘
1314,13:48:03,7.38,--,3,2214,买盘
1315,13:48:00,7.38,0.01,173,127674,买盘
1316,13:47:57,7.37,--,842,620554,卖盘
1317,13:47:54,7.37,-0.01,20,14740,卖盘
1318,13:47:51,7.38,--,1,738,买盘
1319,13:47:45,7.38,0.01,4,2952,买盘
1320,13:47:42,7.37,-0.01,21,15477,卖盘
1321,13:47:39,7.38,0.01,4,2952,买盘
1322,13:47:36,7.37,--,14,10318,卖盘
1323,13:47:33,7.37,--,27,19899,卖盘
1324,13:47:30,7.37,-0.01,7,5159,卖盘
1325,13:47:27,7.38,0.01,251,185238,买盘
1326,13:47:24,7.37,--,1407,1036959,卖盘
1327,13:47:21,7.37,--,1160,855531,买盘
1328,13:47:18,7.37,--,102,75174,买盘
1329,13:47:15,7.37,--,2,1474,买盘
1330,13:47:12,7.37,0.01,22,16214,买盘
1331,13:47:09,7.36,-0.01,88,64768,卖盘
1332,13:47:06,7.37,--,1,737,买盘
1333,13:47:03,7.37,0.01,6,4422,买盘
1334,13:47:00,7.36,-0.01,19,13984,卖盘
1335,13:46:54,7.37,--,1,737,买盘
1336,13:46:51,7.37,--,4,2948,买盘
1337,13:46:48,7.37,--,23,16951,买盘
1338,13:46:45,7.37,--,21,15477,买盘
1339,13:46:42,7.37,--,7,5159,买盘
1340,13:46:39,7.37,0.01,37,27269,买盘
1341,13:46:36,7.36,-0.01,19,13984,卖盘
1342,13:46:33,7.37,0.01,16,11792,买盘
1343,13:46:30,7.36,-0.01,50,37101,卖盘
1344,13:46:27,7.37,0.01,36,26532,买盘
1345,13:46:24,7.36,-0.01,31,22816,卖盘
1346,13:46:21,7.37,0.01,26,19162,买盘
1347,13:46:18,7.36,--,38,28100,卖盘
1348,13:46:15,7.36,-0.01,35,25760,卖盘
1349,13:46:12,7.37,0.01,23,16951,买盘
1350,13:46:09,7.36,-0.01,91,67682,卖盘
1351,13:46:06,7.37,0.01,10,7370,买盘
1352,13:46:03,7.36,-0.01,34,25024,卖盘
1353,13:46:00,7.37,--,26,19162,买盘
1354,13:45:57,7.37,0.01,36,27011,买盘
1355,13:45:54,7.36,-0.01,21,15456,卖盘
1356,13:45:51,7.37,--,1,737,买盘
1357,13:45:48,7.37,0.01,31,22847,买盘
1358,13:45:45,7.36,-0.01,138,102223,卖盘
1359,13:45:42,7.37,0.01,54,39798,买盘
1360,13:45:39,7.36,--,38,27968,卖盘
1361,13:45:36,7.36,-0.01,31,23294,卖盘
1362,13:45:33,7.37,0.01,8,5896,买盘
1363,13:45:30,7.36,-0.01,216,158976,卖盘
1364,13:45:27,7.37,--,964,710593,卖盘
1365,13:45:24,7.37,--,324,239281,卖盘
1366,13:45:21,7.37,-0.01,1417,1044329,卖盘
1367,13:45:18,7.38,0.01,16,11808,买盘
1368,13:45:15,7.37,--,74,54655,卖盘
1369,13:45:12,7.37,--,17,12529,卖盘
1370,13:45:09,7.37,-0.01,62,45694,卖盘
1371,13:45:06,7.38,0.01,24,17712,买盘
1372,13:45:03,7.37,-0.01,125,92125,卖盘
1373,13:45:00,7.38,0.01,17,12546,买盘
1374,13:44:57,7.37,--,64,47168,卖盘
1375,13:44:54,7.37,-0.01,123,90651,卖盘
1376,13:44:51,7.38,0.01,6,4428,买盘
1377,13:44:48,7.37,-0.01,35,25795,卖盘
1378,13:44:45,7.38,--,14,10332,买盘
1379,13:44:42,7.38,--,8,5904,买盘
1380,13:44:39,7.38,0.01,35,25830,买盘
1381,13:44:36,7.37,-0.01,18,13266,卖盘
1382,13:44:30,7.38,0.01,5,3690,买盘
1383,13:44:27,7.37,--,28,20636,卖盘
1384,13:44:24,7.37,-0.01,19,14003,卖盘
1385,13:44:21,7.38,--,1,738,买盘
1386,13:44:18,7.38,0.01,11,8118,买盘
1387,13:44:15,7.37,-0.01,20,14740,卖盘
1388,13:44:12,7.38,--,8,5904,买盘
1389,13:44:09,7.38,--,54,39852,买盘
1390,13:44:06,7.38,0.01,53,39114,买盘
1391,13:44:03,7.37,-0.01,21,15477,卖盘
1392,13:44:00,7.38,--,18,13284,买盘
1393,13:43:57,7.38,--,30,22140,买盘
1394,13:43:54,7.38,0.01,5,3690,买盘
1395,13:43:51,7.37,-0.01,20,14740,卖盘
1396,13:43:48,7.38,0.01,1,738,买盘
1397,13:43:45,7.37,--,19,14003,卖盘
1398,13:43:42,7.37,-0.01,77,56749,卖盘
1399,13:43:39,7.38,--,33,24354,买盘
1400,13:43:33,7.38,--,20,14760,买盘
1401,13:43:30,7.38,0.01,123,90774,买盘
1402,13:43:27,7.37,-0.01,52,38324,卖盘
1403,13:43:24,7.38,0.01,120,88560,买盘
1404,13:43:21,7.37,--,109,80333,卖盘
1405,13:43:18,7.37,-0.01,123,90651,卖盘
1406,13:43:12,7.38,--,3,2214,买盘
1407,13:43:09,7.38,0.01,22,16236,买盘
1408,13:43:06,7.37,-0.01,1,737,卖盘
1409,13:43:03,7.38,--,4,2952,买盘
1410,13:43:00,7.38,--,17,12546,买盘
1411,13:42:57,7.38,--,39,28782,买盘
1412,13:42:54,7.38,--,3,2214,买盘
1413,13:42:51,7.38,--,17,12546,买盘
1414,13:42:48,7.38,0.01,137,101106,买盘
1415,13:42:45,7.37,--,669,493053,卖盘
1416,13:42:39,7.37,-0.01,74,54538,卖盘
1417,13:42:36,7.38,0.02,334,246492,买盘
1418,13:42:33,7.36,--,24,17664,卖盘
1419,13:42:30,7.36,-0.01,6,4416,卖盘
1420,13:42:27,7.37,0.01,69,50853,买盘
1421,13:42:24,7.36,-0.01,321,236256,卖盘
1422,13:42:21,7.37,--,29,21373,买盘
1423,13:42:18,7.37,--,76,56012,买盘
1424,13:42:15,7.37,0.01,59,43483,买盘
1425,13:42:12,7.36,-0.01,49,36064,卖盘
1426,13:42:09,7.37,--,46,33902,买盘
1427,13:42:06,7.37,--,52,38324,买盘
1428,13:42:03,7.37,0.01,222,163614,买盘
1429,13:42:00,7.36,-0.01,31,22816,卖盘
1430,13:41:57,7.37,--,46,33902,买盘
1431,13:41:54,7.37,--,41,30217,买盘
1432,13:41:51,7.37,--,263,193831,买盘
1433,13:41:48,7.37,0.01,677,498949,买盘
1434,13:41:45,7.36,--,20,14720,卖盘
1435,13:41:42,7.36,--,52,38824,卖盘
1436,13:41:39,7.36,-0.01,20,14720,卖盘
1437,13:41:36,7.37,--,2,1474,买盘
1438,13:41:33,7.37,0.01,49,36113,买盘
1439,13:41:30,7.36,--,220,161920,卖盘
1440,13:41:27,7.36,-0.01,35,25760,卖盘
1441,13:41:24,7.37,--,12,8844,买盘
1442,13:41:21,7.37,--,78,57486,买盘
1443,13:41:18,7.37,0.01,237,174669,买盘
1444,13:41:15,7.36,-0.01,72,52992,卖盘
1445,13:41:12,7.37,--,6,4422,买盘
1446,13:41:09,7.37,0.01,6,4422,买盘
1447,13:41:06,7.36,-0.01,24,17664,卖盘
1448,13:41:03,7.37,--,12,8844,买盘
1449,13:41:00,7.37,--,23,16951,买盘
1450,13:40:57,7.37,0.01,22,16214,买盘
1451,13:40:54,7.36,-0.01,50,36800,卖盘
1452,13:40:51,7.37,0.01,33,24321,买盘
1453,13:40:48,7.36,-0.01,15,11040,卖盘
1454,13:40:45,7.37,--,37,27269,买盘
1455,13:40:42,7.37,0.01,13,9581,买盘
1456,13:40:39,7.36,-0.01,34,25024,卖盘
1457,13:40:36,7.37,0.01,5,3685,买盘
1458,13:40:33,7.36,-0.01,24,17664,卖盘
1459,13:40:30,7.37,--,36,26532,买盘
1460,13:40:27,7.37,--,73,53801,买盘
1461,13:40:24,7.37,0.01,17,12529,买盘
1462,13:40:21,7.36,-0.01,28,20608,卖盘
1463,13:40:18,7.37,--,11,8107,买盘
1464,13:40:15,7.37,--,9,6633,买盘
1465,13:40:12,7.37,--,21,15477,买盘
1466,13:40:09,7.37,0.01,3,2211,买盘
1467,13:40:06,7.36,--,24,17664,卖盘
1468,13:40:03,7.36,-0.01,117,86112,卖盘
1469,13:40:00,7.37,--,41,30217,买盘
1470,13:39:57,7.37,--,1,737,买盘
1471,13:39:54,7.37,--,5,3685,买盘
1472,13:39:51,7.37,0.01,6,4422,买盘
1473,13:39:48,7.36,-0.01,19,13984,卖盘
1474,13:39:45,7.37,--,11,8107,买盘
1475,13:39:42,7.37,0.01,10,7370,买盘
1476,13:39:39,7.36,-0.01,24,17664,卖盘
1477,13:39:36,7.37,--,1,737,买盘
1478,13:39:33,7.37,--,8,5896,买盘
1479,13:39:30,7.37,0.01,35,25795,买盘
1480,13:39:27,7.36,-0.01,24,17664,卖盘
1481,13:39:24,7.37,--,25,18425,买盘
1482,13:39:18,7.37,0.01,14,10318,买盘
1483,13:39:15,7.36,-0.01,76,55936,卖盘
1484,13:39:12,7.37,--,21,15477,买盘
1485,13:39:09,7.37,--,38,28006,买盘
1486,13:39:06,7.37,0.01,23,16951,买盘
1487,13:39:03,7.36,--,8,5888,卖盘
1488,13:39:00,7.36,--,46,33856,卖盘
1489,13:38:57,7.36,--,58,42688,卖盘
1490,13:38:54,7.36,-0.01,35,25760,卖盘
1491,13:38:48,7.37,--,2,1474,买盘
1492,13:38:45,7.37,0.01,7,5159,买盘
1493,13:38:42,7.36,-0.01,50,36800,卖盘
1494,13:38:39,7.37,--,91,67067,买盘
1495,13:38:36,7.37,--,22,16214,买盘
1496,13:38:33,7.37,--,172,126764,买盘
1497,13:38:30,7.37,--,708,521899,卖盘
1498,13:38:27,7.37,-0.01,1329,979473,卖盘
1499,13:38:24,7.38,0.01,86,63468,买盘
1500,13:38:21,7.37,-0.01,259,191177,卖盘
1501,13:38:18,7.38,--,38,28044,买盘
1502,13:38:15,7.38,0.01,39,28782,买盘
1503,13:38:12,7.37,-0.01,36,26789,卖盘
1504,13:38:09,7.38,--,23,16974,买盘
1505,13:38:06,7.38,--,9,6642,买盘
1506,13:38:03,7.38,--,59,44065,买盘
1507,13:38:00,7.38,--,76,56088,买盘
1508,13:37:57,7.38,--,22,16236,买盘
1509,13:37:54,7.38,--,49,36309,买盘
1510,13:37:51,7.38,0.01,21,15498,买盘
1511,13:37:48,7.37,-0.01,59,44168,卖盘
1512,13:37:45,7.38,--,5,3690,买盘
1513,13:37:42,7.38,0.01,26,19188,买盘
1514,13:37:39,7.37,--,92,68076,卖盘
1515,13:37:36,7.37,-0.01,22,16214,卖盘
1516,13:37:33,7.38,--,5,3690,买盘
1517,13:37:30,7.38,--,34,25276,买盘
1518,13:37:27,7.38,--,28,20664,买盘
1519,13:37:24,7.38,0.01,66,48708,买盘
1520,13:37:21,7.37,-0.01,68,50337,卖盘
1521,13:37:18,7.38,0.01,141,104058,买盘
1522,13:37:15,7.37,--,26,19162,卖盘
1523,13:37:12,7.37,-0.01,51,37587,卖盘
1524,13:37:09,7.38,0.01,37,27306,买盘
1525,13:37:06,7.37,--,47,34639,卖盘
1526,13:37:03,7.37,-0.01,152,112724,卖盘
1527,13:37:00,7.38,--,1,738,买盘
1528,13:36:57,7.38,--,10,7380,买盘
1529,13:36:54,7.38,0.01,57,42066,买盘
1530,13:36:51,7.37,--,1,737,卖盘
1531,13:36:48,7.37,-0.01,2,1474,卖盘
1532,13:36:45,7.38,0.01,10,7380,买盘
1533,13:36:42,7.37,-0.01,18,13266,卖盘
1534,13:36:39,7.38,--,7,5166,买盘
1535,13:36:36,7.38,--,33,24354,买盘
1536,13:36:33,7.38,0.01,5,3690,买盘
1537,13:36:30,7.37,-0.01,35,25795,卖盘
1538,13:36:27,7.38,--,46,33948,买盘
1539,13:36:24,7.38,--,48,35424,买盘
1540,13:36:21,7.38,0.01,11,8118,买盘
1541,13:36:18,7.37,-0.01,61,44957,卖盘
1542,13:36:15,7.38,0.01,3,2214,买盘
1543,13:36:12,7.37,-0.01,24,17688,卖盘
1544,13:36:09,7.38,--,56,41328,买盘
1545,13:36:06,7.38,0.01,14,10332,买盘
1546,13:36:03,7.37,-0.01,2,1474,卖盘
1547,13:36:00,7.38,0.01,6,4428,买盘
1548,13:35:57,7.37,-0.01,20,14740,卖盘
1549,13:35:54,7.38,--,2,1476,买盘
1550,13:35:51,7.38,0.01,16,11808,买盘
1551,13:35:48,7.37,--,59,43483,卖盘
1552,13:35:45,7.37,--,21,15477,卖盘
1553,13:35:42,7.37,--,12,8844,卖盘
1554,13:35:39,7.37,-0.01,70,51590,卖盘
1555,13:35:36,7.38,0.01,71,52398,买盘
1556,13:35:33,7.37,-0.01,11,8107,卖盘
1557,13:35:30,7.38,0.01,7,5166,买盘
1558,13:35:27,7.37,--,10,7370,卖盘
1559,13:35:24,7.37,--,40,29480,卖盘
1560,13:35:21,7.37,-0.01,69,50853,卖盘
1561,13:35:18,7.38,0.01,22,16236,买盘
1562,13:35:15,7.37,--,16,11792,卖盘
1563,13:35:12,7.37,-0.01,25,18425,卖盘
1564,13:35:06,7.38,0.01,7,5166,买盘
1565,13:35:03,7.37,-0.01,18,13266,卖盘
1566,13:35:00,7.38,--,8,5904,买盘
1567,13:34:57,7.38,--,14,10332,买盘
1568,13:34:54,7.38,--,9,6642,买盘
1569,13:34:51,7.38,--,25,18450,买盘
1570,13:34:48,7.38,0.01,31,22878,买盘
1571,13:34:45,7.37,-0.01,148,109076,卖盘
1572,13:34:42,7.38,0.01,62,45756,买盘
1573,13:34:39,7.37,-0.01,142,104654,卖盘
1574,13:34:36,7.38,--,19,14022,买盘
1575,13:34:33,7.38,--,114,84132,买盘
1576,13:34:30,7.38,--,21,15498,买盘
1577,13:34:27,7.38,--,16,11808,买盘
1578,13:34:24,7.38,--,11,8118,买盘
1579,13:34:21,7.38,--,14,10332,买盘
1580,13:34:18,7.38,--,26,19188,买盘
1581,13:34:15,7.38,0.01,6,4428,买盘
1582,13:34:12,7.37,-0.01,31,22847,卖盘
1583,13:34:09,7.38,0.01,3,2214,买盘
1584,13:34:06,7.37,--,16,11792,卖盘
1585,13:34:03,7.37,-0.01,3,2211,卖盘
1586,13:34:00,7.38,--,14,10332,买盘
1587,13:33:57,7.38,--,24,17712,买盘
1588,13:33:54,7.38,0.01,47,34686,买盘
1589,13:33:51,7.37,-0.01,155,114235,卖盘
1590,13:33:48,7.38,0.01,89,65682,买盘
1591,13:33:45,7.37,--,411,302907,卖盘
1592,13:33:42,7.37,--,1,737,卖盘
1593,13:33:39,7.37,-0.01,2,1474,卖盘
1594,13:33:36,7.38,0.01,14,10332,买盘
1595,13:33:33,7.37,--,172,126764,卖盘
1596,13:33:30,7.37,--,747,550833,买盘
1597,13:33:27,7.37,0.01,6,4422,买盘
1598,13:33:24,7.36,-0.01,53,39008,卖盘
1599,13:33:21,7.37,0.01,108,79596,买盘
1600,13:33:18,7.36,--,4,2944,卖盘
1601,13:33:15,7.36,-0.01,18,13248,卖盘
1602,13:33:12,7.37,--,45,33165,买盘
1603,13:33:09,7.37,--,99,72963,买盘
1604,13:33:06,7.37,0.01,4,2948,买盘
1605,13:33:03,7.36,--,51,37536,卖盘
1606,13:33:00,7.36,-0.01,199,146464,卖盘
1607,13:32:57,7.37,--,6,4422,买盘
1608,13:32:54,7.37,--,13,9581,买盘
1609,13:32:51,7.37,--,40,29480,买盘
1610,13:32:45,7.37,--,5,3685,买盘
1611,13:32:42,7.37,0.01,16,11792,买盘
1612,13:32:39,7.36,-0.01,24,17664,卖盘
1613,13:32:36,7.37,--,17,12529,买盘
1614,13:32:33,7.37,--,1,737,买盘
1615,13:32:30,7.37,0.01,11,8107,买盘
1616,13:32:27,7.36,--,45,33120,卖盘
1617,13:32:24,7.36,--,81,59616,卖盘
1618,13:32:21,7.36,-0.01,5,3680,卖盘
1619,13:32:18,7.37,--,25,18425,买盘
1620,13:32:15,7.37,--,10,7370,买盘
1621,13:32:12,7.37,0.01,11,8107,买盘
1622,13:32:09,7.36,-0.01,24,17664,卖盘
1623,13:32:06,7.37,--,177,130449,买盘
1624,13:32:03,7.37,--,516,380292,买盘
1625,13:32:00,7.37,--,50,36850,买盘
1626,13:31:57,7.37,0.01,10,7370,买盘
1627,13:31:54,7.36,-0.01,55,40480,卖盘
1628,13:31:51,7.37,0.01,9,6633,买盘
1629,13:31:48,7.36,--,25,18400,卖盘
1630,13:31:45,7.36,-0.01,95,69920,卖盘
1631,13:31:42,7.37,--,5,3685,买盘
1632,13:31:39,7.37,0.01,38,28006,买盘
1633,13:31:36,7.36,--,165,121440,卖盘
1634,13:31:33,7.36,-0.01,423,311328,卖盘
1635,13:31:30,7.37,--,13,9581,买盘
1636,13:31:27,7.37,--,55,40535,买盘
1637,13:31:24,7.37,0.01,128,94336,买盘
1638,13:31:21,7.36,-0.01,18,13248,卖盘
1639,13:31:18,7.37,--,1,737,买盘
1640,13:31:15,7.37,--,13,9581,买盘
1641,13:31:12,7.37,--,55,40535,买盘
1642,13:31:09,7.37,--,100,73700,买盘
1643,13:31:06,7.37,0.01,66,48642,买盘
1644,13:31:03,7.36,--,9,6624,卖盘
1645,13:31:00,7.36,-0.01,39,28704,卖盘
1646,13:30:57,7.37,--,38,28006,买盘
1647,13:30:54,7.37,--,101,74437,买盘
1648,13:30:51,7.37,0.01,13,9581,买盘
1649,13:30:48,7.36,-0.01,49,36064,卖盘
1650,13:30:45,7.37,--,6,4422,买盘
1651,13:30:42,7.37,--,7,5159,买盘
1652,13:30:39,7.37,--,35,25795,买盘
1653,13:30:36,7.37,--,38,28006,买盘
1654,13:30:33,7.37,--,5,3685,买盘
1655,13:30:30,7.37,--,20,14740,买盘
1656,13:30:27,7.37,--,37,27269,买盘
1657,13:30:24,7.37,--,33,24321,买盘
1658,13:30:21,7.37,0.01,49,36113,买盘
1659,13:30:18,7.36,--,27,19872,卖盘
1660,13:30:15,7.36,-0.01,21,15456,卖盘
1661,13:30:12,7.37,--,37,27269,买盘
1662,13:30:09,7.37,--,141,103917,买盘
1663,13:30:06,7.37,0.01,24,17688,买盘
1664,13:30:03,7.36,--,31,22816,卖盘
1665,13:30:00,7.36,-0.01,31,22816,卖盘
1666,13:29:57,7.37,--,11,8107,买盘
1667,13:29:54,7.37,--,24,17688,买盘
1668,13:29:51,7.37,--,5,3685,买盘
1669,13:29:48,7.37,--,29,21373,买盘
1670,13:29:45,7.37,--,131,96547,买盘
1671,13:29:42,7.37,0.01,24,17688,买盘
1672,13:29:39,7.36,-0.01,23,16928,卖盘
1673,13:29:36,7.37,0.01,13,9581,买盘
1674,13:29:33,7.36,--,26,19136,卖盘
1675,13:29:30,7.36,-0.01,47,34592,卖盘
1676,13:29:27,7.37,--,8,5896,买盘
1677,13:29:24,7.37,--,4,2948,买盘
1678,13:29:21,7.37,0.01,20,14740,买盘
1679,13:29:18,7.36,-0.01,6,4416,卖盘
1680,13:29:15,7.37,--,15,11055,买盘
1681,13:29:12,7.37,0.01,8,5896,买盘
1682,13:29:09,7.36,--,31,22816,卖盘
1683,13:29:06,7.36,--,66,48576,卖盘
1684,13:29:03,7.36,-0.01,31,22816,卖盘
1685,13:29:00,7.37,0.01,25,18425,买盘
1686,13:28:57,7.36,-0.01,35,25760,卖盘
1687,13:28:54,7.37,--,31,22847,买盘
1688,13:28:51,7.37,0.01,60,44220,买盘
1689,13:28:48,7.36,-0.01,108,79488,卖盘
1690,13:28:45,7.37,--,237,174669,买盘
1691,13:28:42,7.37,--,78,57486,买盘
1692,13:28:39,7.37,0.01,5,3685,买盘
1693,13:28:36,7.36,--,24,17664,卖盘
1694,13:28:33,7.36,-0.01,33,24288,卖盘
1695,13:28:30,7.37,--,36,26532,买盘
1696,13:28:27,7.37,--,33,24321,买盘
1697,13:28:24,7.37,--,47,34639,买盘
1698,13:28:21,7.37,0.01,56,41272,买盘
1699,13:28:18,7.36,-0.01,119,87584,卖盘
1700,13:28:15,7.37,0.01,50,36850,买盘
1701,13:28:12,7.36,-0.01,111,81696,卖盘
1702,13:28:09,7.37,0.01,14,10318,买盘
1703,13:28:06,7.36,-0.01,151,111136,卖盘
1704,13:28:03,7.37,--,453,333861,买盘
1705,13:28:00,7.37,--,1,737,买盘
1706,13:27:57,7.37,--,6,4422,买盘
1707,13:27:54,7.37,0.01,9,6633,买盘
1708,13:27:51,7.36,-0.01,27,19872,卖盘
1709,13:27:48,7.37,--,4,2948,买盘
1710,13:27:45,7.37,--,7,5159,买盘
1711,13:27:42,7.37,--,47,34639,买盘
1712,13:27:39,7.37,--,71,52327,买盘
1713,13:27:36,7.37,--,10,7370,买盘
1714,13:27:33,7.37,0.01,30,22110,买盘
1715,13:27:30,7.36,-0.01,148,108928,卖盘
1716,13:27:27,7.37,--,8,5896,买盘
1717,13:27:24,7.37,--,5,3685,买盘
1718,13:27:21,7.37,0.01,6,4422,买盘
1719,13:27:18,7.36,-0.01,24,17664,卖盘
1720,13:27:12,7.37,--,9,6633,买盘
1721,13:27:09,7.37,0.01,69,50853,买盘
1722,13:27:06,7.36,--,108,79488,卖盘
1723,13:27:03,7.36,-0.01,16,11776,卖盘
1724,13:27:00,7.37,--,58,42746,买盘
1725,13:26:57,7.37,--,25,18425,买盘
1726,13:26:54,7.37,--,10,7370,买盘
1727,13:26:51,7.37,0.01,3,2211,买盘
1728,13:26:48,7.36,--,19,13984,卖盘
1729,13:26:45,7.36,-0.01,34,25024,卖盘
1730,13:26:42,7.37,--,57,42009,买盘
1731,13:26:39,7.37,0.01,64,47168,买盘
1732,13:26:36,7.36,-0.01,18,13248,卖盘
1733,13:26:33,7.37,--,3,2211,买盘
1734,13:26:30,7.37,--,23,16951,买盘
1735,13:26:27,7.37,--,16,11792,买盘
1736,13:26:24,7.37,0.01,28,20636,买盘
1737,13:26:21,7.36,-0.01,2,1472,卖盘
1738,13:26:18,7.37,--,2,1474,买盘
1739,13:26:15,7.37,--,14,10318,买盘
1740,13:26:12,7.37,--,48,35376,买盘
1741,13:26:09,7.37,--,53,39061,买盘
1742,13:26:06,7.37,0.01,76,56012,买盘
1743,13:26:03,7.36,-0.01,128,94208,卖盘
1744,13:26:00,7.37,--,30,22110,买盘
1745,13:25:57,7.37,--,4,2948,买盘
1746,13:25:54,7.37,--,43,31691,买盘
1747,13:25:51,7.37,0.01,130,95810,买盘
1748,13:25:48,7.36,-0.01,33,24288,卖盘
1749,13:25:45,7.37,--,10,7370,买盘
1750,13:25:42,7.37,--,60,44220,买盘
1751,13:25:39,7.37,--,84,61908,买盘
1752,13:25:36,7.37,--,165,121605,买盘
1753,13:25:33,7.37,--,6,4422,买盘
1754,13:25:30,7.37,0.01,35,25795,买盘
1755,13:25:27,7.36,-0.01,16,11776,卖盘
1756,13:25:24,7.37,0.01,31,22847,买盘
1757,13:25:21,7.36,--,5,3680,卖盘
1758,13:25:18,7.36,-0.01,18,13248,卖盘
1759,13:25:15,7.37,--,6,4422,买盘
1760,13:25:12,7.37,--,36,26532,买盘
1761,13:25:09,7.37,0.01,24,17688,买盘
1762,13:25:06,7.36,--,24,17664,卖盘
1763,13:25:03,7.36,-0.01,32,23552,卖盘
1764,13:25:00,7.37,--,10,7370,买盘
1765,13:24:57,7.37,--,27,19899,买盘
1766,13:24:54,7.37,--,32,23584,买盘
1767,13:24:51,7.37,0.01,29,21373,买盘
1768,13:24:48,7.36,-0.01,23,16928,卖盘
1769,13:24:45,7.37,--,30,22110,买盘
1770,13:24:42,7.37,0.01,14,10318,买盘
1771,13:24:39,7.36,-0.01,50,36800,卖盘
1772,13:24:36,7.37,0.01,227,167299,买盘
1773,13:24:33,7.36,-0.01,87,64032,卖盘
1774,13:24:30,7.37,--,1,737,买盘
1775,13:24:27,7.37,--,8,5896,买盘
1776,13:24:24,7.37,0.01,28,20636,买盘
1777,13:24:21,7.36,-0.01,13,9568,卖盘
1778,13:24:18,7.37,--,18,13266,买盘
1779,13:24:15,7.37,0.01,24,17688,买盘
1780,13:24:12,7.36,--,22,16192,卖盘
1781,13:24:09,7.36,--,20,14720,卖盘
1782,13:24:06,7.36,--,2,1472,卖盘
1783,13:24:03,7.36,--,9,6624,卖盘
1784,13:24:00,7.36,-0.01,27,19872,卖盘
1785,13:23:57,7.37,0.02,24,17688,买盘
1786,13:23:54,7.35,-0.01,112,82320,卖盘
1787,13:23:51,7.36,-0.01,40,29440,买盘
1788,13:23:48,7.37,--,61,44957,买盘
1789,13:23:45,7.37,0.01,25,18425,买盘
1790,13:23:42,7.36,--,42,30912,买盘
1791,13:23:39,7.36,0.01,27,19872,买盘
1792,13:23:36,7.35,-0.01,9,6615,卖盘
1793,13:23:33,7.36,0.01,54,39744,买盘
1794,13:23:30,7.35,-0.01,102,74970,卖盘
1795,13:23:27,7.36,0.01,142,104512,买盘
1796,13:23:24,7.35,--,464,341040,卖盘
1797,13:23:21,7.35,-0.01,2,1470,卖盘
1798,13:23:18,7.36,0.01,8,5888,买盘
1799,13:23:15,7.35,-0.01,34,24990,卖盘
1800,13:23:12,7.36,0.01,10,7360,买盘
1801,13:23:09,7.35,--,46,33810,卖盘
1802,13:23:06,7.35,-0.01,137,100695,卖盘
1803,13:23:03,7.36,0.01,17,12512,买盘
1804,13:23:00,7.35,-0.01,58,42630,卖盘
1805,13:22:57,7.36,0.01,10,7360,买盘
1806,13:22:54,7.35,--,23,16905,卖盘
1807,13:22:51,7.35,--,23,16905,卖盘
1808,13:22:48,7.35,-0.01,75,55125,卖盘
1809,13:22:45,7.36,0.01,17,12512,买盘
1810,13:22:42,7.35,-0.01,30,22050,卖盘
1811,13:22:39,7.36,--,28,20608,买盘
1812,13:22:36,7.36,0.01,46,33856,买盘
1813,13:22:33,7.35,-0.01,58,42630,卖盘
1814,13:22:30,7.36,--,27,19872,买盘
1815,13:22:27,7.36,0.01,32,23552,买盘
1816,13:22:24,7.35,-0.01,86,63210,卖盘
1817,13:22:21,7.36,-0.01,19,13984,卖盘
1818,13:22:15,7.37,--,8,5896,买盘
1819,13:22:12,7.37,0.01,58,42746,买盘
1820,13:22:09,7.36,--,118,86848,卖盘
1821,13:22:06,7.36,-0.01,204,150144,卖盘
1822,13:22:03,7.37,--,389,286693,买盘
1823,13:22:00,7.37,0.01,30,22110,买盘
1824,13:21:57,7.36,-0.01,60,44160,卖盘
1825,13:21:54,7.37,--,21,15477,买盘
1826,13:21:51,7.37,0.01,3,2211,买盘
1827,13:21:48,7.36,--,27,19872,卖盘
1828,13:21:45,7.36,--,6,4416,卖盘
1829,13:21:42,7.36,-0.01,32,23552,卖盘
1830,13:21:39,7.37,0.01,103,75911,买盘
1831,13:21:36,7.36,-0.01,93,68448,卖盘
1832,13:21:33,7.37,0.01,13,9581,买盘
1833,13:21:30,7.36,-0.01,21,15456,卖盘
1834,13:21:27,7.37,--,20,14740,买盘
1835,13:21:24,7.37,--,15,11055,买盘
1836,13:21:21,7.37,--,13,9581,买盘
1837,13:21:18,7.37,--,49,36113,买盘
1838,13:21:15,7.37,--,42,30954,买盘
1839,13:21:12,7.37,0.01,22,16214,买盘
1840,13:21:09,7.36,--,55,40480,卖盘
1841,13:21:06,7.36,--,25,18400,卖盘
1842,13:21:03,7.36,-0.01,21,15456,卖盘
1843,13:21:00,7.37,--,18,13266,买盘
1844,13:20:57,7.37,--,20,14740,买盘
1845,13:20:54,7.37,--,34,25058,买盘
1846,13:20:51,7.37,--,177,130449,买盘
1847,13:20:48,7.37,0.01,552,406824,买盘
1848,13:20:45,7.36,--,1808,1330688,卖盘
1849,13:20:42,7.36,-0.01,53,39008,卖盘
1850,13:20:39,7.37,0.01,2,1474,买盘
1851,13:20:36,7.36,--,58,42688,卖盘
1852,13:20:33,7.36,-0.01,234,172224,卖盘
1853,13:20:30,7.37,--,22,16214,买盘
1854,13:20:27,7.37,0.01,5,3685,买盘
1855,13:20:24,7.36,--,46,33856,卖盘
1856,13:20:21,7.36,--,174,128064,卖盘
1857,13:20:18,7.36,--,6,4416,卖盘
1858,13:20:15,7.36,-0.01,16,11776,卖盘
1859,13:20:12,7.37,0.01,9,6633,买盘
1860,13:20:09,7.36,-0.01,46,33856,卖盘
1861,13:20:06,7.37,--,11,8107,买盘
1862,13:20:03,7.37,0.01,4,2948,买盘
1863,13:20:00,7.36,--,20,14720,卖盘
1864,13:19:57,7.36,-0.01,31,22816,卖盘
1865,13:19:54,7.37,--,41,30217,买盘
1866,13:19:51,7.37,--,5,3685,买盘
1867,13:19:48,7.37,--,20,14740,买盘
1868,13:19:45,7.37,--,1,737,买盘
1869,13:19:42,7.37,--,7,5159,买盘
1870,13:19:39,7.37,0.01,11,8107,买盘
1871,13:19:36,7.36,-0.01,27,19872,卖盘
1872,13:19:33,7.37,0.02,7,5159,买盘
1873,13:19:30,7.35,-0.02,34,24990,卖盘
1874,13:19:27,7.37,--,50,36850,卖盘
1875,13:19:24,7.37,--,21,15477,卖盘
1876,13:19:21,7.37,-0.01,25,18425,卖盘
1877,13:19:18,7.38,0.01,24,17712,买盘
1878,13:19:15,7.37,0.01,178,131186,买盘
1879,13:19:12,7.36,--,362,266660,买盘
1880,13:19:09,7.36,-0.01,1524,1122171,卖盘
1881,13:19:06,7.37,0.01,7,5159,买盘
1882,13:19:03,7.36,-0.01,20,14720,卖盘
1883,13:19:00,7.37,--,7,5159,买盘
1884,13:18:57,7.37,--,9,6633,买盘
1885,13:18:54,7.37,0.01,54,39798,买盘
1886,13:18:51,7.36,-0.01,169,124384,卖盘
1887,13:18:48,7.37,--,100,73700,买盘
1888,13:18:45,7.37,--,255,187935,买盘
1889,13:18:42,7.37,0.01,41,30217,买盘
1890,13:18:39,7.36,-0.01,40,29440,卖盘
1891,13:18:36,7.37,--,7,5159,买盘
1892,13:18:33,7.37,0.01,25,18425,买盘
1893,13:18:30,7.36,-0.01,58,42688,卖盘
1894,13:18:27,7.37,--,119,87703,买盘
1895,13:18:24,7.37,--,86,63382,买盘
1896,13:18:21,7.37,0.01,251,184987,买盘
1897,13:18:18,7.36,-0.01,74,54464,卖盘
1898,13:18:15,7.37,--,102,75174,买盘
1899,13:18:12,7.37,--,15,11055,买盘
1900,13:18:09,7.37,0.01,56,41272,买盘
1901,13:18:06,7.36,-0.01,39,28704,卖盘
1902,13:18:03,7.37,--,25,18425,买盘
1903,13:18:00,7.37,--,95,70015,买盘
1904,13:17:57,7.37,--,23,16951,买盘
1905,13:17:54,7.37,0.01,3,2211,买盘
1906,13:17:51,7.36,-0.01,16,11776,卖盘
1907,13:17:48,7.37,--,23,16951,买盘
1908,13:17:45,7.37,--,105,77385,买盘
1909,13:17:42,7.37,--,117,86229,买盘
1910,13:17:39,7.37,--,15,11055,买盘
1911,13:17:36,7.37,0.01,87,64119,买盘
1912,13:17:33,7.36,-0.01,124,91264,卖盘
1913,13:17:30,7.37,--,104,76648,买盘
1914,13:17:27,7.37,--,17,12529,买盘
1915,13:17:24,7.37,--,45,33165,买盘
1916,13:17:21,7.37,--,302,222574,买盘
1917,13:17:18,7.37,-0.01,1109,817333,卖盘
1918,13:17:15,7.38,--,12,8856,买盘
1919,13:17:12,7.38,--,37,27306,买盘
1920,13:17:09,7.38,0.01,16,11808,买盘
1921,13:17:06,7.37,-0.01,25,18425,卖盘
1922,13:17:03,7.38,0.01,7,5166,买盘
1923,13:17:00,7.37,-0.01,28,20636,卖盘
1924,13:16:57,7.38,--,10,7380,买盘
1925,13:16:54,7.38,--,173,127674,买盘
1926,13:16:51,7.38,--,805,594090,买盘
1927,13:16:45,7.38,0.01,6,4428,买盘
1928,13:16:42,7.37,--,28,20636,卖盘
1929,13:16:39,7.37,--,22,16214,卖盘
1930,13:16:36,7.37,-0.01,35,25795,卖盘
1931,13:16:33,7.38,--,98,72324,买盘
1932,13:16:30,7.38,0.01,100,73800,买盘
1933,13:16:27,7.37,-0.01,25,18425,卖盘
1934,13:16:24,7.38,--,1,738,买盘
1935,13:16:21,7.38,0.01,57,42066,买盘
1936,13:16:18,7.37,--,27,19899,卖盘
1937,13:16:12,7.37,-0.01,8,5896,卖盘
1938,13:16:09,7.38,0.01,195,143910,买盘
1939,13:16:06,7.37,-0.01,20,14740,卖盘
1940,13:16:03,7.38,--,3,2214,买盘
1941,13:15:57,7.38,0.01,36,26568,买盘
1942,13:15:54,7.37,-0.01,20,14740,卖盘
1943,13:15:48,7.38,0.01,5,3690,买盘
1944,13:15:45,7.37,--,40,29480,卖盘
1945,13:15:42,7.37,--,13,9581,卖盘
1946,13:15:39,7.37,--,539,397243,买盘
1947,13:15:36,7.37,0.01,15,11055,买盘
1948,13:15:33,7.36,-0.01,41,30176,卖盘
1949,13:15:30,7.37,--,14,10318,买盘
1950,13:15:27,7.37,0.01,100,73700,买盘
1951,13:15:24,7.36,--,13,9568,卖盘
1952,13:15:21,7.36,-0.01,225,165600,卖盘
1953,13:15:18,7.37,0.01,52,38324,买盘
1954,13:15:15,7.36,-0.01,12,8832,卖盘
1955,13:15:12,7.37,--,30,22110,买盘
1956,13:15:09,7.37,0.01,253,186461,买盘
1957,13:15:06,7.36,--,45,33120,卖盘
1958,13:15:03,7.36,--,319,234784,卖盘
1959,13:15:00,7.36,-0.01,74,54464,卖盘
1960,13:14:57,7.37,--,135,99495,买盘
1961,13:14:54,7.37,--,20,14740,买盘
1962,13:14:51,7.37,0.01,23,16951,买盘
1963,13:14:48,7.36,-0.01,97,71421,卖盘
1964,13:14:45,7.37,--,43,31691,买盘
1965,13:14:42,7.37,--,46,33902,买盘
1966,13:14:39,7.37,0.01,193,142241,买盘
1967,13:14:36,7.36,-0.01,106,78222,卖盘
1968,13:14:33,7.37,--,41,30217,买盘
1969,13:14:30,7.37,--,43,31691,买盘
1970,13:14:27,7.37,--,54,39827,买盘
1971,13:14:24,7.37,0.01,59,43483,买盘
1972,13:14:21,7.36,-0.01,38,27968,卖盘
1973,13:14:18,7.37,--,124,91388,买盘
1974,13:14:15,7.37,--,51,37793,买盘
1975,13:14:12,7.37,--,54,39798,买盘
1976,13:14:09,7.37,0.01,45,33165,买盘
1977,13:14:06,7.36,--,65,47840,卖盘
1978,13:14:03,7.36,-0.01,41,30521,卖盘
1979,13:13:57,7.37,0.01,34,25058,买盘
1980,13:13:54,7.36,-0.01,25,18400,卖盘
1981,13:13:51,7.37,--,62,45694,买盘
1982,13:13:48,7.37,--,105,77385,买盘
1983,13:13:45,7.37,0.01,10,7370,买盘
1984,13:13:42,7.36,-0.01,17,12512,卖盘
1985,13:13:39,7.37,--,18,13266,买盘
1986,13:13:36,7.37,--,210,154770,买盘
1987,13:13:33,7.37,0.01,21,15477,买盘
1988,13:13:27,7.36,-0.01,185,136160,卖盘
1989,13:13:24,7.37,0.01,16,11792,买盘
1990,13:13:21,7.36,-0.01,253,186208,卖盘
1991,13:13:18,7.37,--,212,156244,买盘
1992,13:13:15,7.37,--,310,228470,买盘
1993,13:13:12,7.37,0.01,56,41272,买盘
1994,13:13:09,7.36,-0.01,179,131744,卖盘
1995,13:13:06,7.37,--,1662,1224894,买盘
1996,13:13:03,7.37,--,10,7370,买盘
1997,13:13:00,7.37,--,25,18425,买盘
1998,13:12:51,7.37,--,5,3685,买盘
1999,13:12:48,7.37,--,47,34639,买盘
2000,13:12:45,7.37,0.01,55,40535,买盘
2001,13:12:42,7.36,-0.01,1,736,卖盘
2002,13:12:39,7.37,0.01,40,29480,买盘
2003,13:12:36,7.36,--,38,27968,卖盘
2004,13:12:33,7.36,-0.01,25,18400,卖盘
2005,13:12:30,7.37,--,6,4422,买盘
2006,13:12:27,7.37,0.01,28,20636,买盘
2007,13:12:24,7.36,-0.01,21,15456,卖盘
2008,13:12:18,7.37,--,2,1474,买盘
2009,13:12:15,7.37,0.01,135,99495,买盘
2010,13:12:12,7.36,-0.01,1,736,卖盘
2011,13:12:09,7.37,--,39,28743,买盘
2012,13:12:06,7.37,0.01,98,72226,买盘
2013,13:12:03,7.36,-0.01,23,16928,卖盘
2014,13:12:00,7.37,--,13,9581,买盘
2015,13:11:57,7.37,--,23,16951,买盘
2016,13:11:54,7.37,--,28,20636,买盘
2017,13:11:51,7.37,--,20,14740,买盘
2018,13:11:48,7.37,--,1,737,买盘
2019,13:11:45,7.37,--,21,15477,买盘
2020,13:11:42,7.37,--,805,593285,买盘
2021,13:11:39,7.37,--,422,311014,卖盘
2022,13:11:36,7.37,-0.01,20,14740,卖盘
2023,13:11:33,7.38,0.01,7,5166,买盘
2024,13:11:30,7.37,--,118,86966,卖盘
2025,13:11:27,7.37,-0.01,232,170984,卖盘
2026,13:11:24,7.38,--,340,250920,买盘
2027,13:11:21,7.38,--,38,28044,买盘
2028,13:11:18,7.38,--,21,15498,买盘
2029,13:11:15,7.38,0.01,105,77490,买盘
2030,13:11:12,7.37,--,1,737,卖盘
2031,13:11:09,7.37,-0.01,23,16951,卖盘
2032,13:11:06,7.38,--,2,1476,买盘
2033,13:11:03,7.38,0.02,1,738,买盘
2034,13:11:00,7.36,--,9,6624,卖盘
2035,13:10:57,7.36,-0.01,68,50048,卖盘
2036,13:10:54,7.37,--,74,54538,买盘
2037,13:10:51,7.37,--,22,16214,买盘
2038,13:10:48,7.37,--,99,72963,买盘
2039,13:10:45,7.37,--,31,22847,买盘
2040,13:10:42,7.37,--,3,2211,买盘
2041,13:10:39,7.37,--,46,33902,买盘
2042,13:10:36,7.37,--,157,115709,买盘
2043,13:10:33,7.37,--,31,22847,买盘
2044,13:10:30,7.37,0.01,10,7370,买盘
2045,13:10:27,7.36,-0.01,52,38272,卖盘
2046,13:10:24,7.37,--,1017,749529,买盘
2047,13:10:21,7.37,0.01,36,26532,买盘
2048,13:10:18,7.36,-0.01,1,736,卖盘
2049,13:10:15,7.37,0.01,80,58960,买盘
2050,13:10:12,7.36,--,42,30912,卖盘
2051,13:10:09,7.36,-0.01,1,736,卖盘
2052,13:10:06,7.37,0.01,26,19162,买盘
2053,13:10:03,7.36,--,47,34592,卖盘
2054,13:10:00,7.36,--,1266,931923,买盘
2055,13:09:57,7.36,0.01,46,33856,买盘
2056,13:09:54,7.35,--,25,18375,卖盘
2057,13:09:51,7.35,-0.01,19,13965,卖盘
2058,13:09:48,7.36,0.01,6,4416,买盘
2059,13:09:45,7.35,-0.01,1,735,卖盘
2060,13:09:42,7.36,0.01,21,15456,买盘
2061,13:09:39,7.35,0.01,849,624250,买盘
2062,13:09:36,7.34,-0.01,6,4404,卖盘
2063,13:09:33,7.35,--,82,60270,买盘
2064,13:09:30,7.35,--,242,177870,买盘
2065,13:09:27,7.35,--,220,161700,买盘
2066,13:09:24,7.35,--,10,7350,买盘
2067,13:09:21,7.35,--,46,33810,买盘
2068,13:09:18,7.35,--,120,88200,买盘
2069,13:09:15,7.35,--,58,42630,买盘
2070,13:09:12,7.35,--,278,204330,买盘
2071,13:09:09,7.35,0.01,32,23520,买盘
2072,13:09:06,7.34,--,152,111568,卖盘
2073,13:09:03,7.34,-0.01,191,140274,卖盘
2074,13:09:00,7.35,--,80,58800,买盘
2075,13:08:57,7.35,--,24,17640,买盘
2076,13:08:54,7.35,--,149,109515,买盘
2077,13:08:51,7.35,--,43,32009,买盘
2078,13:08:48,7.35,--,23,16905,买盘
2079,13:08:45,7.35,--,94,69090,买盘
2080,13:08:42,7.35,0.01,27,19845,买盘
2081,13:08:39,7.34,--,30,22739,卖盘
2082,13:08:36,7.34,--,14,10276,卖盘
2083,13:08:33,7.34,-0.01,63,46242,卖盘
2084,13:08:30,7.35,0.01,4,2940,买盘
2085,13:08:27,7.34,--,39,29029,卖盘
2086,13:08:24,7.34,-0.01,25,18350,卖盘
2087,13:08:21,7.35,0.01,41,30135,买盘
2088,13:08:18,7.34,-0.01,102,74868,卖盘
2089,13:08:15,7.35,--,36,27180,买盘
2090,13:08:12,7.35,--,30,22050,买盘
2091,13:08:09,7.35,0.01,20,14700,买盘
2092,13:08:06,7.34,-0.01,33,24449,卖盘
2093,13:08:03,7.35,0.01,136,99960,买盘
2094,13:08:00,7.34,-0.01,20,14680,卖盘
2095,13:07:57,7.35,0.01,48,35280,买盘
2096,13:07:54,7.34,--,45,33338,卖盘
2097,13:07:51,7.34,-0.01,168,123312,卖盘
2098,13:07:48,7.35,--,17,12495,买盘
2099,13:07:45,7.35,0.01,513,377055,买盘
2100,13:07:42,7.34,-0.01,58,43159,卖盘
2101,13:07:39,7.35,0.01,41,30135,买盘
2102,13:07:33,7.34,--,36,26732,卖盘
2103,13:07:30,7.34,--,63,46242,卖盘
2104,13:07:27,7.34,-0.01,149,109366,卖盘
2105,13:07:24,7.35,0.01,2,1470,买盘
2106,13:07:21,7.34,-0.01,80,59314,卖盘
2107,13:07:18,7.35,--,528,388080,买盘
2108,13:07:15,7.35,0.01,283,208005,买盘
2109,13:07:12,7.34,-0.01,40,29976,卖盘
2110,13:07:09,7.35,--,6,4410,买盘
2111,13:07:06,7.35,0.01,21,15435,买盘
2112,13:07:03,7.34,-0.01,33,24603,卖盘
2113,13:07:00,7.35,--,55,40425,买盘
2114,13:06:57,7.35,--,30,22050,买盘
2115,13:06:54,7.35,0.01,48,35280,买盘
2116,13:06:51,7.34,--,31,23098,卖盘
2117,13:06:48,7.34,-0.01,54,39636,卖盘
2118,13:06:45,7.35,0.01,21,15435,买盘
2119,13:06:42,7.34,--,126,92484,卖盘
2120,13:06:39,7.34,--,49,36604,卖盘
2121,13:06:36,7.34,-0.01,2,1468,卖盘
2122,13:06:33,7.35,0.01,76,55860,买盘
2123,13:06:30,7.34,-0.01,38,28244,卖盘
2124,13:06:27,7.35,0.01,1,735,买盘
2125,13:06:24,7.34,-0.01,3,2202,卖盘
2126,13:06:21,7.35,0.01,40,29400,买盘
2127,13:06:18,7.34,-0.01,40,29998,卖盘
2128,13:06:15,7.35,0.01,7,5145,买盘
2129,13:06:12,7.34,--,17,12478,卖盘
2130,13:06:09,7.34,--,63,46242,卖盘
2131,13:06:06,7.34,-0.01,32,23488,卖盘
2132,13:06:03,7.35,0.01,17,12495,买盘
2133,13:06:00,7.34,--,139,102026,卖盘
2134,13:05:57,7.34,--,37,27172,卖盘
2135,13:05:54,7.34,-0.01,344,252496,卖盘
2136,13:05:51,7.35,0.01,35,25725,买盘
2137,13:05:48,7.34,-0.01,50,37206,卖盘
2138,13:05:45,7.35,0.01,6,4410,买盘
2139,13:05:42,7.34,-0.01,9,6606,卖盘
2140,13:05:39,7.35,0.01,36,26460,买盘
2141,13:05:36,7.34,--,30,22042,卖盘
2142,13:05:33,7.34,-0.01,33,24222,卖盘
2143,13:05:30,7.35,0.01,6,4410,买盘
2144,13:05:27,7.34,-0.01,58,43078,卖盘
2145,13:05:24,7.35,--,2,1470,买盘
2146,13:05:21,7.35,0.01,32,23520,买盘
2147,13:05:18,7.34,-0.01,62,45522,卖盘
2148,13:05:15,7.35,0.01,50,36750,买盘
2149,13:05:12,7.34,--,17,12478,卖盘
2150,13:05:09,7.34,--,157,115715,卖盘
2151,13:05:06,7.34,-0.01,27,19818,卖盘
2152,13:05:03,7.35,--,4,2940,买盘
2153,13:05:00,7.35,0.01,6,4410,买盘
2154,13:04:57,7.34,-0.01,4,2936,卖盘
2155,13:04:54,7.35,0.01,70,51450,买盘
2156,13:04:51,7.34,--,57,41838,卖盘
2157,13:04:48,7.34,-0.01,142,104228,卖盘
2158,13:04:45,7.35,0.01,149,109515,买盘
2159,13:04:42,7.34,--,17,12478,卖盘
2160,13:04:36,7.34,-0.01,6,4404,卖盘
2161,13:04:33,7.35,--,103,75705,买盘
2162,13:04:30,7.35,0.01,4,2940,买盘
2163,13:04:24,7.34,-0.01,9,6606,卖盘
2164,13:04:21,7.35,0.01,22,16170,买盘
2165,13:04:18,7.34,-0.01,2,1468,卖盘
2166,13:04:15,7.35,--,1,735,买盘
2167,13:04:12,7.35,0.01,19,13965,买盘
2168,13:04:09,7.34,-0.01,24,17616,卖盘
2169,13:04:06,7.35,--,277,203595,买盘
2170,13:04:03,7.35,0.01,318,233730,买盘
2171,13:04:00,7.34,--,88,64592,卖盘
2172,13:03:57,7.34,-0.01,18,13212,卖盘
2173,13:03:54,7.35,--,29,21315,买盘
2174,13:03:51,7.35,0.01,50,36750,买盘
2175,13:03:48,7.34,-0.01,43,31562,卖盘
2176,13:03:45,7.35,--,3,2205,买盘
2177,13:03:42,7.35,--,14,10290,买盘
2178,13:03:39,7.35,0.01,50,36750,买盘
2179,13:03:36,7.34,-0.01,17,12478,卖盘
2180,13:03:33,7.35,0.01,3,2205,买盘
2181,13:03:24,7.34,-0.01,20,14680,卖盘
2182,13:03:21,7.35,--,6,4410,买盘
2183,13:03:18,7.35,--,60,44100,买盘
2184,13:03:15,7.35,0.01,121,88935,买盘
2185,13:03:12,7.34,-0.01,3,2202,卖盘
2186,13:03:03,7.35,0.01,29,21315,买盘
2187,13:03:00,7.34,-0.01,5,3670,卖盘
2188,13:02:57,7.35,0.01,121,88935,买盘
2189,13:02:54,7.34,--,9,6606,卖盘
2190,13:02:51,7.34,--,21,15414,卖盘
2191,13:02:48,7.34,-0.01,31,22754,卖盘
2192,13:02:45,7.35,0.01,489,359415,买盘
2193,13:02:42,7.34,--,57,41889,卖盘
2194,13:02:39,7.34,--,501,367734,卖盘
2195,13:02:36,7.34,-0.01,51,37434,卖盘
2196,13:02:33,7.35,0.01,183,134505,买盘
2197,13:02:30,7.34,--,19,13946,卖盘
2198,13:02:24,7.34,--,37,27561,卖盘
2199,13:02:21,7.34,-0.01,175,128450,卖盘
2200,13:02:18,7.35,--,176,129360,买盘
2201,13:02:15,7.35,--,50,36750,买盘
2202,13:02:12,7.35,0.01,60,44100,买盘
2203,13:02:09,7.34,--,1017,746478,卖盘
2204,13:02:06,7.34,-0.01,16,11744,卖盘
2205,13:02:03,7.35,0.01,11,8085,买盘
2206,13:01:57,7.34,-0.01,49,36443,卖盘
2207,13:01:54,7.35,--,18,13230,买盘
2208,13:01:51,7.35,0.01,191,140385,买盘
2209,13:01:48,7.34,-0.01,139,102026,卖盘
2210,13:01:45,7.35,--,52,38322,买盘
2211,13:01:42,7.35,--,10,7350,买盘
2212,13:01:39,7.35,--,20,14700,买盘
2213,13:01:36,7.35,0.01,11,8085,买盘
2214,13:01:33,7.34,--,184,135056,卖盘
2215,13:01:30,7.34,-0.01,34,25058,卖盘
2216,13:01:27,7.35,--,27,19845,买盘
2217,13:01:24,7.35,0.01,26,19110,买盘
2218,13:01:21,7.34,--,63,46242,卖盘
2219,13:01:18,7.34,--,54,39966,卖盘
2220,13:01:15,7.34,--,5,3670,卖盘
2221,13:01:12,7.34,--,57,41838,卖盘
2222,13:01:09,7.34,-0.01,50,36700,卖盘
2223,13:01:06,7.35,--,252,185220,买盘
2224,13:01:03,7.35,0.01,53,38955,买盘
2225,13:01:00,7.34,-0.01,6,4404,卖盘
2226,13:00:57,7.35,--,14,10290,买盘
2227,13:00:54,7.35,0.01,2,1470,买盘
2228,13:00:51,7.34,--,18,13212,卖盘
2229,13:00:48,7.34,-0.01,32,23488,卖盘
2230,13:00:45,7.35,-0.01,851,625485,卖盘
2231,13:00:42,7.36,0.01,10,7360,买盘
2232,13:00:39,7.35,-0.01,29,21315,卖盘
2233,13:00:36,7.36,--,13,9568,买盘
2234,13:00:33,7.36,0.01,14,10304,买盘
2235,13:00:27,7.35,--,17,12495,卖盘
2236,13:00:21,7.35,--,35,25725,卖盘
2237,13:00:18,7.35,--,21,15435,卖盘
2238,13:00:15,7.35,0.02,52,38220,买盘
2239,13:00:09,7.33,-0.01,177,129741,卖盘
2240,13:00:06,7.34,-0.01,1821,1336614,卖盘
2241,13:00:03,7.35,0.02,4916,3613260,买盘
2242,13:00:00,7.33,--,60,43980,卖盘
2243,11:30:00,7.33,-0.01,43,31519,卖盘
2244,11:29:57,7.34,0.01,53,38902,买盘
2245,11:29:54,7.33,--,40,29320,卖盘
2246,11:29:51,7.33,-0.01,122,89426,卖盘
2247,11:29:48,7.34,0.01,53,38902,买盘
2248,11:29:45,7.33,-0.01,121,88693,卖盘
2249,11:29:42,7.34,--,8,5872,买盘
2250,11:29:39,7.34,0.01,100,73400,买盘
2251,11:29:36,7.33,--,5,3665,卖盘
2252,11:29:33,7.33,--,21,15393,卖盘
2253,11:29:30,7.33,--,32,23456,卖盘
2254,11:29:24,7.33,0.01,35,25655,中性盘
2255,11:29:21,7.32,-0.01,333,244341,卖盘
2256,11:29:18,7.33,--,18,13194,买盘
2257,11:29:15,7.33,--,142,104086,买盘
2258,11:29:12,7.33,--,112,82096,买盘
2259,11:29:09,7.33,--,243,178119,买盘
2260,11:29:06,7.33,0.01,56,41048,买盘
2261,11:29:03,7.32,-0.01,203,148596,卖盘
2262,11:29:00,7.33,0.01,308,225764,买盘
2263,11:28:57,7.32,-0.01,73,53436,卖盘
2264,11:28:54,7.33,--,420,307860,买盘
2265,11:28:51,7.33,0.01,44,32252,买盘
2266,11:28:48,7.32,-0.01,122,89304,卖盘
2267,11:28:45,7.33,--,55,40315,买盘
2268,11:28:39,7.33,--,116,85028,买盘
2269,11:28:36,7.33,0.01,68,49844,买盘
2270,11:28:33,7.32,-0.01,509,372588,卖盘
2271,11:28:30,7.33,0.01,1,733,买盘
2272,11:28:27,7.32,--,47,34404,卖盘
2273,11:28:24,7.32,--,108,79056,卖盘
2274,11:28:21,7.32,-0.01,49,35868,卖盘
2275,11:28:18,7.33,0.01,15,10995,买盘
2276,11:28:15,7.32,-0.01,25,18300,卖盘
2277,11:28:09,7.33,--,34,24922,买盘
2278,11:28:06,7.33,0.01,70,51310,买盘
2279,11:28:03,7.32,-0.01,16,11712,卖盘
2280,11:27:57,7.33,0.01,1,733,买盘
2281,11:27:54,7.32,--,86,62952,卖盘
2282,11:27:51,7.32,-0.01,123,90036,卖盘
2283,11:27:48,7.33,--,103,75499,买盘
2284,11:27:45,7.33,0.01,15,10995,买盘
2285,11:27:42,7.32,-0.01,47,34404,卖盘
2286,11:27:39,7.33,--,37,27121,买盘
2287,11:27:36,7.33,0.01,102,74766,买盘
2288,11:27:33,7.32,--,50,36600,卖盘
2289,11:27:30,7.32,-0.01,2034,1489217,卖盘
2290,11:27:27,7.33,0.01,87,63771,买盘
2291,11:27:24,7.32,-0.01,138,101016,卖盘
2292,11:27:21,7.33,--,40,29320,买盘
2293,11:27:18,7.33,0.01,27,19791,买盘
2294,11:27:15,7.32,-0.01,10,7320,卖盘
2295,11:27:12,7.33,--,137,100421,买盘
2296,11:27:09,7.33,--,188,137804,买盘
2297,11:27:06,7.33,0.01,270,197910,买盘
2298,11:27:03,7.32,--,12,8784,卖盘
2299,11:27:00,7.32,--,63,46116,卖盘
2300,11:26:57,7.32,-0.01,19,13908,卖盘
2301,11:26:54,7.33,--,29,21257,买盘
2302,11:26:51,7.33,0.01,18,13194,买盘
2303,11:26:48,7.32,-0.01,56,40992,卖盘
2304,11:26:42,7.33,--,50,36650,买盘
2305,11:26:39,7.33,0.01,66,48378,买盘
2306,11:26:36,7.32,-0.01,36,26352,卖盘
2307,11:26:33,7.33,--,10,7330,买盘
2308,11:26:30,7.33,--,126,92358,买盘
2309,11:26:27,7.33,0.01,42,30786,买盘
2310,11:26:24,7.32,--,106,77592,卖盘
2311,11:26:21,7.32,-0.01,637,466284,卖盘
2312,11:26:18,7.33,--,48,35184,买盘
2313,11:26:15,7.33,--,99,72567,买盘
2314,11:26:12,7.33,--,531,389223,买盘
2315,11:26:09,7.33,--,21,15393,买盘
2316,11:26:06,7.33,--,78,57174,买盘
2317,11:26:03,7.33,0.01,42,30786,买盘
2318,11:26:00,7.32,-0.01,520,380640,卖盘
2319,11:25:57,7.33,--,188,137804,买盘
2320,11:25:54,7.33,0.01,63,46179,买盘
2321,11:25:51,7.32,-0.01,104,76128,卖盘
2322,11:25:48,7.33,--,217,159061,买盘
2323,11:25:45,7.33,--,35,25655,买盘
2324,11:25:42,7.33,--,447,327651,买盘
2325,11:25:39,7.33,--,26,19058,买盘
2326,11:25:36,7.33,--,89,65706,买盘
2327,11:25:33,7.33,--,214,156862,买盘
2328,11:25:30,7.33,--,64,46912,买盘
2329,11:25:27,7.33,0.01,6,4398,买盘
2330,11:25:24,7.32,-0.01,240,176207,卖盘
2331,11:25:21,7.33,0.01,8,5864,买盘
2332,11:25:18,7.32,-0.01,88,64474,卖盘
2333,11:25:15,7.33,--,159,116547,买盘
2334,11:25:12,7.33,--,50,36650,买盘
2335,11:25:09,7.33,0.01,54,39728,买盘
2336,11:25:06,7.32,-0.01,55,40260,卖盘
2337,11:25:03,7.33,--,35,25655,买盘
2338,11:25:00,7.33,0.01,81,59526,买盘
2339,11:24:57,7.32,-0.01,207,151524,卖盘
2340,11:24:54,7.33,--,82,60106,买盘
2341,11:24:51,7.33,0.01,99,72567,买盘
2342,11:24:48,7.32,-0.01,267,195788,卖盘
2343,11:24:45,7.33,--,55,40315,买盘
2344,11:24:42,7.33,0.01,578,423674,买盘
2345,11:24:39,7.32,--,310,227081,卖盘
2346,11:24:36,7.32,-0.01,868,635376,卖盘
2347,11:24:33,7.33,--,113,82829,买盘
2348,11:24:30,7.33,--,48,35521,买盘
2349,11:24:27,7.33,--,91,66703,买盘
2350,11:24:24,7.33,0.01,92,67436,买盘
2351,11:24:21,7.32,--,82,60024,卖盘
2352,11:24:18,7.32,-0.01,2830,2072035,卖盘
2353,11:24:15,7.33,--,120,87960,卖盘
2354,11:24:12,7.33,--,547,400951,卖盘
2355,11:24:09,7.33,-0.01,117,85761,卖盘
2356,11:24:06,7.34,0.01,44,32296,买盘
2357,11:24:03,7.33,--,20,14660,卖盘
2358,11:24:00,7.33,--,52,38116,卖盘
2359,11:23:57,7.33,-0.01,132,96756,卖盘
2360,11:23:54,7.34,0.01,12,8808,买盘
2361,11:23:51,7.33,-0.01,119,87227,卖盘
2362,11:23:48,7.34,--,39,28626,买盘
2363,11:23:45,7.34,--,11,8074,买盘
2364,11:23:42,7.34,0.01,14,10276,买盘
2365,11:23:39,7.33,--,180,131940,卖盘
2366,11:23:36,7.33,-0.01,55,40315,卖盘
2367,11:23:33,7.34,0.01,355,260570,买盘
2368,11:23:30,7.33,--,159,116547,卖盘
2369,11:23:27,7.33,-0.01,300,219900,卖盘
2370,11:23:24,7.34,--,17,12478,买盘
2371,11:23:21,7.34,--,127,93218,买盘
2372,11:23:18,7.34,0.01,170,124780,买盘
2373,11:23:15,7.33,-0.01,685,502105,卖盘
2374,11:23:12,7.34,--,1014,744276,买盘
2375,11:23:09,7.34,0.01,11,8074,买盘
2376,11:23:06,7.33,--,21,15393,卖盘
2377,11:23:03,7.33,-0.01,57,41781,卖盘
2378,11:23:00,7.34,--,30,22020,买盘
2379,11:22:57,7.34,--,246,180564,买盘
2380,11:22:54,7.34,--,122,89548,买盘
2381,11:22:51,7.34,--,4539,3331626,卖盘
2382,11:22:48,7.34,--,32,23488,卖盘
2383,11:22:45,7.34,-0.01,326,239284,卖盘
2384,11:22:42,7.35,0.01,382,280770,买盘
2385,11:22:39,7.34,-0.01,301,220934,卖盘
2386,11:22:36,7.35,0.01,106,77910,买盘
2387,11:22:33,7.34,-0.01,79,57986,卖盘
2388,11:22:30,7.35,0.01,43,31605,买盘
2389,11:22:27,7.34,--,149,109366,卖盘
2390,11:22:24,7.34,-0.01,158,115972,卖盘
2391,11:22:21,7.35,0.01,159,116865,买盘
2392,11:22:18,7.34,--,9,6606,卖盘
2393,11:22:15,7.34,--,100,73400,卖盘
2394,11:22:12,7.34,-0.01,155,113770,卖盘
2395,11:22:09,7.35,0.01,18,13230,买盘
2396,11:22:06,7.34,--,425,311950,卖盘
2397,11:22:03,7.34,--,35,25690,卖盘
2398,11:22:00,7.34,--,19,13946,卖盘
2399,11:21:57,7.34,--,320,234880,卖盘
2400,11:21:54,7.34,--,56,41104,卖盘
2401,11:21:51,7.34,--,260,190840,卖盘
2402,11:21:48,7.34,-0.01,52,38168,卖盘
2403,11:21:45,7.35,0.01,121,88935,买盘
2404,11:21:42,7.34,-0.01,30,22020,卖盘
2405,11:21:39,7.35,0.01,1074,789390,买盘
2406,11:21:36,7.34,-0.01,60,44040,卖盘
2407,11:21:33,7.35,--,51,37485,买盘
2408,11:21:30,7.35,0.01,30,22050,买盘
2409,11:21:27,7.34,-0.01,41,30094,卖盘
2410,11:21:24,7.35,--,154,113190,买盘
2411,11:21:21,7.35,--,52,38220,买盘
2412,11:21:18,7.35,0.01,74,54390,买盘
2413,11:21:15,7.34,-0.01,12,8808,卖盘
2414,11:21:12,7.35,--,33,24255,买盘
2415,11:21:09,7.35,--,15,11025,买盘
2416,11:21:06,7.35,--,187,137445,买盘
2417,11:21:03,7.35,--,139,102165,买盘
2418,11:21:00,7.35,--,70,51450,卖盘
2419,11:20:57,7.35,-0.01,155,113925,卖盘
2420,11:20:54,7.36,--,79,58144,买盘
2421,11:20:51,7.36,0.01,23,16928,买盘
2422,11:20:48,7.35,--,110,80850,卖盘
2423,11:20:45,7.35,--,26,19110,卖盘
2424,11:20:42,7.35,--,425,312375,买盘
2425,11:20:39,7.35,0.01,171,125685,买盘
2426,11:20:36,7.34,--,107,78538,卖盘
2427,11:20:33,7.34,--,123,90282,卖盘
2428,11:20:30,7.34,-0.01,387,284058,卖盘
2429,11:20:27,7.35,0.01,118,86730,买盘
2430,11:20:24,7.34,-0.01,133,97622,卖盘
2431,11:20:21,7.35,0.01,592,435120,买盘
2432,11:20:18,7.34,-0.01,228,167352,卖盘
2433,11:20:15,7.35,0.01,44,32340,买盘
2434,11:20:12,7.34,--,131,96154,卖盘
2435,11:20:09,7.34,--,20,14680,卖盘
2436,11:20:06,7.34,-0.01,188,137992,卖盘
2437,11:20:03,7.35,-0.01,8540,6277399,卖盘
2438,11:20:00,7.36,0.01,80,58880,买盘
2439,11:19:54,7.35,-0.01,11,8085,卖盘
2440,11:19:51,7.36,0.01,100,73600,买盘
2441,11:19:48,7.35,--,59,43365,卖盘
2442,11:19:45,7.35,--,16,11760,卖盘
2443,11:19:42,7.35,-0.01,34,24990,卖盘
2444,11:19:39,7.36,0.01,255,187680,买盘
2445,11:19:36,7.35,-0.01,35,25725,卖盘
2446,11:19:33,7.36,--,89,65504,买盘
2447,11:19:30,7.36,--,38,27968,买盘
2448,11:19:27,7.36,--,133,97888,买盘
2449,11:19:24,7.36,--,36,26496,买盘
2450,11:19:18,7.36,0.01,118,86848,买盘
2451,11:19:15,7.35,-0.02,1495,1098972,卖盘
2452,11:19:06,7.37,0.01,21,15477,买盘
2453,11:19:03,7.36,--,217,159712,卖盘
2454,11:19:00,7.36,--,18,13248,卖盘
2455,11:18:57,7.36,-0.01,674,496064,卖盘
2456,11:18:54,7.37,0.01,102,75174,买盘
2457,11:18:51,7.36,-0.01,23,16928,卖盘
2458,11:18:48,7.37,0.01,22,16803,买盘
2459,11:18:42,7.36,-0.01,18,13248,卖盘
2460,11:18:39,7.37,--,22,16214,买盘
2461,11:18:33,7.37,0.01,22,16214,买盘
2462,11:18:30,7.36,--,65,47840,卖盘
2463,11:18:27,7.36,-0.01,23,16928,卖盘
2464,11:18:24,7.37,0.01,28,20636,买盘
2465,11:18:21,7.36,--,18,13248,卖盘
2466,11:18:18,7.36,--,58,42688,卖盘
2467,11:18:15,7.36,-0.01,400,294400,卖盘
2468,11:18:12,7.37,--,191,140767,买盘
2469,11:18:09,7.37,0.01,25,18425,买盘
2470,11:18:06,7.36,-0.01,5,3680,卖盘
2471,11:18:03,7.37,0.01,138,101706,买盘
2472,11:18:00,7.36,--,20,14720,卖盘
2473,11:17:57,7.36,--,20,14720,卖盘
2474,11:17:54,7.36,--,23,16928,卖盘
2475,11:17:51,7.36,-0.01,107,78752,卖盘
2476,11:17:48,7.37,0.01,110,81070,买盘
2477,11:17:42,7.36,--,108,79488,卖盘
2478,11:17:39,7.36,--,8,5888,卖盘
2479,11:17:36,7.36,--,18,13248,卖盘
2480,11:17:33,7.36,--,100,73600,卖盘
2481,11:17:30,7.36,--,24,17664,卖盘
2482,11:17:27,7.36,--,140,103040,卖盘
2483,11:17:24,7.36,--,99,72864,卖盘
2484,11:17:21,7.36,--,24,17664,卖盘
2485,11:17:18,7.36,--,1,736,卖盘
2486,11:17:15,7.36,-0.01,18,13248,卖盘
2487,11:17:12,7.37,--,3,2211,买盘
2488,11:17:09,7.37,0.01,18,13266,买盘
2489,11:17:03,7.36,-0.01,19,13984,卖盘
2490,11:17:00,7.37,--,22,16214,买盘
2491,11:16:57,7.37,0.01,40,29480,买盘
2492,11:16:54,7.36,--,29,21344,卖盘
2493,11:16:51,7.36,--,40,30028,卖盘
2494,11:16:48,7.36,--,200,147200,卖盘
2495,11:16:42,7.36,-0.01,20,14720,卖盘
2496,11:16:39,7.37,0.01,2,1474,买盘
2497,11:16:36,7.36,-0.01,50,36800,卖盘
2498,11:16:33,7.37,0.01,29,21373,买盘
2499,11:16:30,7.36,-0.01,37,27232,中性盘
2500,11:16:27,7.37,0.02,36,26532,买盘
2501,11:16:24,7.35,-0.01,3315,2436525,卖盘
2502,11:16:21,7.36,0.01,161,118496,买盘
2503,11:16:18,7.35,-0.01,163,119805,卖盘
2504,11:16:12,7.36,--,168,123648,买盘
2505,11:16:09,7.36,--,140,103040,买盘
2506,11:16:06,7.36,--,82,60352,买盘
2507,11:16:03,7.36,--,151,111136,买盘
2508,11:16:00,7.36,0.01,37,27232,买盘
2509,11:15:57,7.35,--,19,13965,卖盘
2510,11:15:54,7.35,-0.01,10,7350,卖盘
2511,11:15:51,7.36,0.01,8,5888,买盘
2512,11:15:48,7.35,--,107,78645,卖盘
2513,11:15:45,7.35,-0.01,24,17640,卖盘
2514,11:15:42,7.36,0.01,16,11776,买盘
2515,11:15:39,7.35,--,465,341775,卖盘
2516,11:15:36,7.35,-0.01,188,138180,卖盘
2517,11:15:33,7.36,0.01,40,29440,买盘
2518,11:15:30,7.35,-0.01,4,2940,卖盘
2519,11:15:27,7.36,0.01,57,41952,买盘
2520,11:15:24,7.35,-0.01,44,32340,卖盘
2521,11:15:21,7.36,--,141,103776,买盘
2522,11:15:18,7.36,0.01,27,19872,买盘
2523,11:15:15,7.35,--,155,113925,卖盘
2524,11:15:12,7.35,--,41,30135,卖盘
2525,11:15:06,7.35,-0.01,16,11760,卖盘
2526,11:15:03,7.36,--,33,24288,买盘
2527,11:15:00,7.36,--,52,38272,买盘
2528,11:14:57,7.36,0.01,78,57408,买盘
2529,11:14:54,7.35,-0.01,163,119805,卖盘
2530,11:14:51,7.36,0.01,26,19136,买盘
2531,11:14:48,7.35,--,35,25725,卖盘
2532,11:14:45,7.35,-0.01,131,96285,卖盘
2533,11:14:42,7.36,--,34,25024,买盘
2534,11:14:39,7.36,--,22,16192,买盘
2535,11:14:36,7.36,0.01,26,19136,买盘
2536,11:14:33,7.35,-0.01,158,116130,卖盘
2537,11:14:30,7.36,--,365,268640,买盘
2538,11:14:27,7.36,0.01,344,253184,买盘
2539,11:14:24,7.35,--,59,43365,卖盘
2540,11:14:21,7.35,--,38,27930,卖盘
2541,11:14:18,7.35,-0.01,401,294735,卖盘
2542,11:14:15,7.36,0.01,240,176640,买盘
2543,11:14:12,7.35,--,95,69825,卖盘
2544,11:14:09,7.35,--,16,11760,卖盘
2545,11:14:06,7.35,-0.01,225,165375,卖盘
2546,11:14:03,7.36,--,13,9568,买盘
2547,11:14:00,7.36,--,53,39008,买盘
2548,11:13:57,7.36,0.01,14,10304,买盘
2549,11:13:54,7.35,-0.01,28,20580,卖盘
2550,11:13:51,7.36,--,47,34592,买盘
2551,11:13:48,7.36,0.01,9,6624,买盘
2552,11:13:45,7.35,-0.01,41,30135,卖盘
2553,11:13:42,7.36,--,147,108192,买盘
2554,11:13:39,7.36,--,86,63296,买盘
2555,11:13:36,7.36,0.01,3,2208,买盘
2556,11:13:33,7.35,-0.01,85,62475,卖盘
2557,11:13:30,7.36,--,31,22816,买盘
2558,11:13:27,7.36,--,120,88320,买盘
2559,11:13:24,7.36,0.01,54,39744,买盘
2560,11:13:21,7.35,-0.01,2196,1614060,卖盘
2561,11:13:18,7.36,--,272,200192,买盘
2562,11:13:15,7.36,--,132,97152,买盘
2563,11:13:12,7.36,--,38,27968,买盘
2564,11:13:09,7.36,--,56,41216,买盘
2565,11:13:06,7.36,--,49,36064,买盘
2566,11:13:03,7.36,0.01,110,80960,买盘
2567,11:13:00,7.35,-0.01,209,153615,卖盘
2568,11:12:54,7.36,--,23,16928,卖盘
2569,11:12:48,7.36,--,20,14720,卖盘
2570,11:12:45,7.36,-0.01,6,4416,卖盘
2571,11:12:42,7.37,--,41,30217,买盘
2572,11:12:39,7.37,0.01,97,71489,买盘
2573,11:12:36,7.36,-0.01,1746,1285056,卖盘
2574,11:12:33,7.37,0.01,253,186461,买盘
2575,11:12:30,7.36,-0.01,369,271584,卖盘
2576,11:12:27,7.37,0.01,6884,5073950,买盘
2577,11:12:24,7.36,-0.01,121,89056,卖盘
2578,11:12:21,7.37,--,11,8107,买盘
2579,11:12:18,7.37,0.01,131,96547,买盘
2580,11:12:15,7.36,-0.01,17,12512,卖盘
2581,11:12:12,7.37,--,40,29480,买盘
2582,11:12:09,7.37,--,3,2211,买盘
2583,11:12:06,7.37,--,31,22847,买盘
2584,11:12:00,7.37,0.01,147,108339,买盘
2585,11:11:57,7.36,--,11,8096,卖盘
2586,11:11:54,7.36,-0.01,535,393760,卖盘
2587,11:11:51,7.37,--,306,225522,买盘
2588,11:11:48,7.37,--,14,10318,买盘
2589,11:11:45,7.37,--,44,32428,买盘
2590,11:11:42,7.37,--,26,19162,买盘
2591,11:11:39,7.37,--,2,1474,买盘
2592,11:11:33,7.37,--,56,41272,买盘
2593,11:11:30,7.37,0.01,11,8107,买盘
2594,11:11:27,7.36,--,19,13984,卖盘
2595,11:11:24,7.36,-0.01,482,354752,卖盘
2596,11:11:21,7.37,0.01,346,255540,买盘
2597,11:11:18,7.36,-0.01,10,7360,卖盘
2598,11:11:15,7.37,0.01,854,629398,买盘
2599,11:11:12,7.36,--,31,23169,卖盘
2600,11:11:09,7.36,--,69,50784,卖盘
2601,11:11:06,7.36,-0.01,15,11040,卖盘
2602,11:11:03,7.37,0.01,192,141504,买盘
2603,11:11:00,7.36,-0.01,58,43394,卖盘
2604,11:10:57,7.37,--,21,15477,买盘
2605,11:10:54,7.37,0.01,37,27269,买盘
2606,11:10:51,7.36,-0.01,59,43556,卖盘
2607,11:10:48,7.37,--,21,15477,买盘
2608,11:10:45,7.37,--,5,3685,买盘
2609,11:10:42,7.37,--,63,46637,买盘
2610,11:10:39,7.37,0.01,3,2211,买盘
2611,11:10:36,7.36,-0.01,38,27968,卖盘
2612,11:10:33,7.37,--,54,40055,买盘
2613,11:10:30,7.37,0.01,23,16951,买盘
2614,11:10:27,7.36,--,24,17664,卖盘
2615,11:10:24,7.36,--,25,18400,卖盘
2616,11:10:21,7.36,--,240,176985,卖盘
2617,11:10:18,7.36,--,3,2208,卖盘
2618,11:10:15,7.36,--,405,298080,卖盘
2619,11:10:12,7.36,--,44,32891,卖盘
2620,11:10:09,7.36,--,143,105248,卖盘
2621,11:10:06,7.36,-0.01,64,47104,卖盘
2622,11:10:03,7.37,--,138,102384,买盘
2623,11:10:00,7.37,--,77,56749,买盘
2624,11:09:57,7.37,--,17,12529,买盘
2625,11:09:54,7.37,--,97,71621,买盘
2626,11:09:51,7.37,--,541,398717,买盘
2627,11:09:48,7.37,--,16,11792,买盘
2628,11:09:42,7.37,--,54,39798,买盘
2629,11:09:39,7.37,--,25,18425,买盘
2630,11:09:36,7.37,--,2,1474,买盘
2631,11:09:33,7.37,0.01,12,8844,买盘
2632,11:09:30,7.36,-0.01,42,30912,卖盘
2633,11:09:27,7.37,--,258,190146,买盘
2634,11:09:24,7.37,--,199,146663,买盘
2635,11:09:21,7.37,--,56,41272,买盘
2636,11:09:18,7.37,--,20,14740,买盘
2637,11:09:15,7.37,--,5,3685,买盘
2638,11:09:12,7.37,--,7,5159,买盘
2639,11:09:09,7.37,--,14,10318,买盘
2640,11:09:06,7.37,--,1,737,买盘
2641,11:09:03,7.37,--,45,33165,买盘
2642,11:09:00,7.37,--,8,5896,买盘
2643,11:08:57,7.37,--,40,29480,买盘
2644,11:08:54,7.37,--,243,179452,卖盘
2645,11:08:51,7.37,-0.01,843,621291,卖盘
2646,11:08:48,7.38,0.01,121,89298,买盘
2647,11:08:45,7.37,--,60,44522,卖盘
2648,11:08:42,7.37,-0.01,718,529166,卖盘
2649,11:08:39,7.38,0.01,1525,1125450,买盘
2650,11:08:36,7.37,-0.01,53,39444,卖盘
2651,11:08:33,7.38,0.01,22,16236,买盘
2652,11:08:30,7.37,--,7,5159,卖盘
2653,11:08:27,7.37,-0.01,540,398208,卖盘
2654,11:08:24,7.38,--,26,19188,买盘
2655,11:08:21,7.38,0.01,4,2952,买盘
2656,11:08:18,7.37,-0.01,57,42443,卖盘
2657,11:08:15,7.38,0.01,63,46494,买盘
2658,11:08:12,7.37,--,34,25058,卖盘
2659,11:08:09,7.37,--,21,15477,卖盘
2660,11:08:06,7.37,--,248,183173,卖盘
2661,11:08:03,7.37,--,180,132660,卖盘
2662,11:08:00,7.37,-0.01,216,159192,卖盘
2663,11:07:57,7.38,0.01,14,10332,买盘
2664,11:07:54,7.37,--,310,228470,卖盘
2665,11:07:51,7.37,--,21,15477,卖盘
2666,11:07:48,7.37,-0.01,846,623502,卖盘
2667,11:07:45,7.38,--,240,177120,买盘
2668,11:07:42,7.38,0.01,43,31734,买盘
2669,11:07:39,7.37,--,48,35560,卖盘
2670,11:07:36,7.37,--,36,26532,卖盘
2671,11:07:33,7.37,--,556,409772,卖盘
2672,11:07:30,7.37,--,319,235758,卖盘
2673,11:07:27,7.37,--,397,292589,卖盘
2674,11:07:24,7.37,-0.01,542,399454,卖盘
2675,11:07:21,7.38,--,63,46648,买盘
2676,11:07:18,7.38,0.01,8,5904,买盘
2677,11:07:15,7.37,--,15,11055,卖盘
2678,11:07:12,7.37,-0.01,43,32369,卖盘
2679,11:07:09,7.38,0.01,2,1476,买盘
2680,11:07:03,7.37,--,87,64332,卖盘
2681,11:07:00,7.37,--,12,8844,卖盘
2682,11:06:57,7.37,--,310,228470,卖盘
2683,11:06:54,7.37,-0.01,128,94829,卖盘
2684,11:06:48,7.38,--,73,53903,买盘
2685,11:06:45,7.38,0.01,481,354978,买盘
2686,11:06:42,7.37,-0.01,122,89914,卖盘
2687,11:06:39,7.38,0.01,15,11070,买盘
2688,11:06:36,7.37,-0.01,70,51590,卖盘
2689,11:06:33,7.38,0.01,6,4428,买盘
2690,11:06:30,7.37,-0.01,19,14003,卖盘
2691,11:06:27,7.38,--,203,149814,买盘
2692,11:06:24,7.38,0.01,37,27306,买盘
2693,11:06:21,7.37,-0.01,15,11055,卖盘
2694,11:06:18,7.38,--,210,154980,买盘
2695,11:06:15,7.38,--,5,3690,买盘
2696,11:06:12,7.38,0.01,56,41328,买盘
2697,11:06:09,7.37,-0.01,29,21373,卖盘
2698,11:06:06,7.38,--,36,26568,买盘
2699,11:06:03,7.38,--,56,41328,买盘
2700,11:06:00,7.38,0.01,28,20664,买盘
2701,11:05:57,7.37,-0.01,187,137819,卖盘
2702,11:05:54,7.38,--,116,85608,买盘
2703,11:05:51,7.38,--,1,738,买盘
2704,11:05:48,7.38,0.01,22,16236,买盘
2705,11:05:45,7.37,-0.01,42,31300,卖盘
2706,11:05:42,7.38,--,49,36162,买盘
2707,11:05:39,7.38,0.01,26,19188,买盘
2708,11:05:36,7.37,-0.01,62,45826,卖盘
2709,11:05:33,7.38,--,14,10332,买盘
2710,11:05:30,7.38,--,16,11808,买盘
2711,11:05:27,7.38,0.01,233,172308,买盘
2712,11:05:24,7.37,-0.01,33,24321,卖盘
2713,11:05:21,7.38,0.01,8,5904,买盘
2714,11:05:18,7.37,-0.01,33,24438,卖盘
2715,11:05:15,7.38,0.01,80,59040,买盘
2716,11:05:12,7.37,--,65,47905,卖盘
2717,11:05:09,7.37,--,32,24129,卖盘
2718,11:05:06,7.37,--,36,26532,卖盘
2719,11:05:03,7.37,-0.01,230,169510,卖盘
2720,11:05:00,7.38,--,45,33763,买盘
2721,11:04:57,7.38,0.01,34,25092,买盘
2722,11:04:54,7.37,--,10,7370,卖盘
2723,11:04:51,7.37,-0.01,51,37793,卖盘
2724,11:04:48,7.38,--,200,147600,买盘
2725,11:04:45,7.38,0.01,1005,741690,买盘
2726,11:04:42,7.37,-0.01,57,42451,卖盘
2727,11:04:39,7.38,0.01,7,5166,买盘
2728,11:04:36,7.37,--,6,4422,卖盘
2729,11:04:33,7.37,--,552,407133,卖盘
2730,11:04:30,7.37,-0.01,33,24321,卖盘
2731,11:04:27,7.38,0.01,53,39446,买盘
2732,11:04:24,7.37,--,74,54538,卖盘
2733,11:04:21,7.37,--,13,9581,卖盘
2734,11:04:18,7.37,--,15,11055,卖盘
2735,11:04:15,7.37,--,133,98161,卖盘
2736,11:04:12,7.37,--,23,16951,卖盘
2737,11:04:09,7.37,-0.01,224,165117,卖盘
2738,11:04:06,7.38,--,661,487818,买盘
2739,11:04:03,7.38,0.01,23,16974,买盘
2740,11:04:00,7.37,--,50,36850,卖盘
2741,11:03:57,7.37,-0.01,62,45878,卖盘
2742,11:03:54,7.38,0.01,32,23616,买盘
2743,11:03:51,7.37,--,28,20636,卖盘
2744,11:03:48,7.37,--,145,106887,卖盘
2745,11:03:45,7.37,--,26,19162,卖盘
2746,11:03:42,7.37,-0.01,176,130065,卖盘
2747,11:03:39,7.38,0.01,7,5166,买盘
2748,11:03:36,7.37,-0.01,45,33533,卖盘
2749,11:03:33,7.38,--,10,7380,买盘
2750,11:03:30,7.38,0.01,170,125460,买盘
2751,11:03:27,7.37,--,39,28978,卖盘
2752,11:03:24,7.37,--,29,21373,卖盘
2753,11:03:21,7.37,--,30,22110,卖盘
2754,11:03:18,7.37,-0.01,31,22861,卖盘
2755,11:03:15,7.38,0.01,10,7380,买盘
2756,11:03:12,7.37,--,59,44175,卖盘
2757,11:03:09,7.37,-0.01,303,223311,卖盘
2758,11:03:06,7.38,0.01,100,73800,买盘
2759,11:03:03,7.37,--,101,74923,卖盘
2760,11:02:54,7.37,-0.01,92,67899,卖盘
2761,11:02:51,7.38,--,29,21402,买盘
2762,11:02:48,7.38,--,58,42981,买盘
2763,11:02:45,7.38,0.01,27,19926,买盘
2764,11:02:42,7.37,--,39,29192,卖盘
2765,11:02:39,7.37,-0.01,20,14740,卖盘
2766,11:02:36,7.38,0.01,205,151290,买盘
2767,11:02:33,7.37,--,47,35317,卖盘
2768,11:02:30,7.37,--,11,8107,卖盘
2769,11:02:27,7.37,-0.01,313,230681,卖盘
2770,11:02:24,7.38,0.01,45,33601,买盘
2771,11:02:18,7.37,-0.01,70,51987,卖盘
2772,11:02:15,7.38,--,14,10332,买盘
2773,11:02:12,7.38,0.01,38,28737,买盘
2774,11:02:09,7.37,--,7,5159,卖盘
2775,11:02:06,7.37,-0.01,601,442937,卖盘
2776,11:02:03,7.38,--,552,407944,买盘
2777,11:02:00,7.38,--,20,14760,买盘
2778,11:01:57,7.38,0.01,99,73157,买盘
2779,11:01:54,7.37,-0.01,77,56749,卖盘
2780,11:01:51,7.38,--,6,4428,买盘
2781,11:01:48,7.38,0.01,3,2214,买盘
2782,11:01:45,7.37,-0.01,86,63743,卖盘
2783,11:01:42,7.38,--,7,5166,买盘
2784,11:01:39,7.38,0.01,6,4428,买盘
2785,11:01:36,7.37,-0.01,228,168500,卖盘
2786,11:01:33,7.38,0.01,21,15498,买盘
2787,11:01:30,7.37,--,32,23584,卖盘
2788,11:01:27,7.37,--,117,86582,卖盘
2789,11:01:24,7.37,--,243,179091,卖盘
2790,11:01:21,7.37,--,17,12529,卖盘
2791,11:01:18,7.37,-0.01,42,31064,卖盘
2792,11:01:15,7.38,--,56,41328,买盘
2793,11:01:12,7.38,0.01,26,19188,买盘
2794,11:01:09,7.37,-0.01,612,451530,卖盘
2795,11:01:03,7.38,--,5,3690,买盘
2796,11:01:00,7.38,0.01,75,55350,买盘
2797,11:00:57,7.37,--,55,40903,卖盘
2798,11:00:54,7.37,--,10,7370,卖盘
2799,11:00:51,7.37,--,23,16951,卖盘
2800,11:00:48,7.37,-0.01,61,45399,卖盘
2801,11:00:45,7.38,0.01,6,4428,买盘
2802,11:00:42,7.37,-0.01,38,28006,卖盘
2803,11:00:39,7.38,--,23,16974,买盘
2804,11:00:36,7.38,--,118,87084,买盘
2805,11:00:30,7.38,0.01,25,18450,买盘
2806,11:00:27,7.37,-0.01,16,11792,卖盘
2807,11:00:24,7.38,0.01,149,109962,买盘
2808,11:00:21,7.37,-0.01,5,3685,卖盘
2809,11:00:18,7.38,0.01,17,12546,买盘
2810,11:00:15,7.37,-0.01,69,50853,卖盘
2811,11:00:12,7.38,--,512,377856,买盘
2812,11:00:09,7.38,0.01,44,32472,买盘
2813,11:00:06,7.37,-0.01,17,12529,卖盘
2814,11:00:00,7.38,--,67,49446,买盘
2815,10:59:57,7.38,--,46,33948,买盘
2816,10:59:54,7.38,0.01,190,140220,买盘
2817,10:59:51,7.37,-0.01,78,57876,卖盘
2818,10:59:48,7.38,0.01,7,5166,买盘
2819,10:59:45,7.37,--,56,41382,卖盘
2820,10:59:42,7.37,-0.01,22,16214,卖盘
2821,10:59:39,7.38,--,54,39852,买盘
2822,10:59:36,7.38,--,346,255421,买盘
2823,10:59:33,7.38,0.01,17,12546,买盘
2824,10:59:30,7.37,--,5,3685,卖盘
2825,10:59:27,7.37,--,53,39061,卖盘
2826,10:59:24,7.37,--,28,20636,卖盘
2827,10:59:21,7.37,--,50,37277,卖盘
2828,10:59:18,7.37,-0.01,19,14003,卖盘
2829,10:59:15,7.38,0.01,108,79704,买盘
2830,10:59:12,7.37,--,99,73508,卖盘
2831,10:59:09,7.37,-0.01,18,13266,卖盘
2832,10:59:06,7.38,0.01,36,26568,买盘
2833,10:59:03,7.37,-0.01,57,42215,卖盘
2834,10:59:00,7.38,--,48,35424,买盘
2835,10:58:57,7.38,0.01,355,261990,买盘
2836,10:58:54,7.37,-0.01,80,59313,卖盘
2837,10:58:51,7.38,--,405,298890,买盘
2838,10:58:48,7.38,0.01,39,28782,买盘
2839,10:58:45,7.37,--,32,24180,卖盘
2840,10:58:42,7.37,-0.01,17,12529,卖盘
2841,10:58:39,7.38,0.01,8,5904,买盘
2842,10:58:36,7.37,--,102,75785,卖盘
2843,10:58:33,7.37,--,1,737,卖盘
2844,10:58:27,7.37,--,99,73095,卖盘
2845,10:58:24,7.37,-0.01,10,7370,卖盘
2846,10:58:21,7.38,--,10,7380,买盘
2847,10:58:18,7.38,0.01,4,2952,买盘
2848,10:58:15,7.37,-0.01,157,116070,卖盘
2849,10:58:12,7.38,0.01,88,64944,买盘
2850,10:58:06,7.37,--,41,30607,卖盘
2851,10:58:03,7.37,-0.01,41,30217,卖盘
2852,10:57:57,7.38,0.01,64,47947,买盘
2853,10:57:54,7.37,--,26,19162,卖盘
2854,10:57:51,7.37,-0.01,33,24321,卖盘
2855,10:57:48,7.38,0.01,6,4428,买盘
2856,10:57:45,7.37,-0.01,162,119600,卖盘
2857,10:57:42,7.38,--,24,17712,买盘
2858,10:57:39,7.38,0.01,4,2952,买盘
2859,10:57:36,7.37,--,29,22095,卖盘
2860,10:57:33,7.37,--,10,7370,卖盘
2861,10:57:30,7.37,--,57,42009,卖盘
2862,10:57:27,7.37,--,35,26001,卖盘
2863,10:57:24,7.37,-0.01,97,71489,卖盘
2864,10:57:21,7.38,--,40,29520,买盘
