,time,price,change,volume,amount,type
0,15:00:03,13.16,--,7128,9381290,买盘
1,14:57:00,13.16,--,66,86856,买盘
2,14:56:57,13.16,--,66,86856,买盘
3,14:56:54,13.16,-0.01,427,561958,卖盘
4,14:56:51,13.17,0.01,82,107994,买盘
5,14:56:48,13.16,--,18,23688,卖盘
6,14:56:45,13.16,--,221,291072,卖盘
7,14:56:42,13.16,--,158,207928,卖盘
8,14:56:39,13.16,--,82,108964,买盘
9,14:56:36,13.16,--,36,47376,买盘
10,14:56:33,13.16,--,696,915936,买盘
11,14:56:30,13.16,--,193,253988,买盘
12,14:56:27,13.16,--,63,82908,买盘
13,14:56:24,13.16,0.01,32,42112,买盘
14,14:56:21,13.15,-0.01,179,235385,中性盘
15,14:56:18,13.16,0.01,1850,2434600,买盘
16,14:56:15,13.15,--,132,173580,买盘
17,14:56:12,13.15,--,258,339533,卖盘
18,14:56:09,13.15,--,1,1315,卖盘
19,14:56:06,13.15,--,124,164112,买盘
20,14:56:03,13.15,--,13,17095,买盘
21,14:56:00,13.15,--,310,407650,买盘
22,14:55:57,13.15,--,33,43395,买盘
23,14:55:54,13.15,--,81,106515,买盘
24,14:55:51,13.15,--,91,119665,买盘
25,14:55:48,13.15,--,116,152540,买盘
26,14:55:45,13.15,--,70,92050,买盘
27,14:55:42,13.15,0.01,227,298505,买盘
28,14:55:39,13.14,-0.01,67,88038,卖盘
29,14:55:36,13.15,--,42,55230,买盘
30,14:55:33,13.15,0.01,4,5260,买盘
31,14:55:30,13.14,-0.01,13,17082,卖盘
32,14:55:27,13.15,--,30,39450,买盘
33,14:55:24,13.15,--,91,119665,买盘
34,14:55:21,13.15,--,38,49970,买盘
35,14:55:18,13.15,--,203,266945,买盘
36,14:55:15,13.15,0.01,153,201195,买盘
37,14:55:12,13.14,-0.01,131,172134,卖盘
38,14:55:09,13.15,0.01,239,314285,买盘
39,14:55:06,13.14,-0.01,170,223380,卖盘
40,14:55:03,13.15,--,158,207770,买盘
41,14:55:00,13.15,--,516,678540,买盘
42,14:54:57,13.15,--,771,1013865,买盘
43,14:54:54,13.15,--,653,858695,买盘
44,14:54:51,13.15,--,121,159115,买盘
45,14:54:48,13.15,--,56,73640,买盘
46,14:54:45,13.15,0.01,154,202510,买盘
47,14:54:42,13.14,-0.01,69,90666,卖盘
48,14:54:39,13.15,--,97,127555,买盘
49,14:54:36,13.15,--,30,39450,买盘
50,14:54:33,13.15,--,53,69695,买盘
51,14:54:30,13.15,0.01,92,120980,买盘
52,14:54:27,13.14,--,379,498006,卖盘
53,14:54:24,13.14,0.01,151,198414,买盘
54,14:54:21,13.13,-0.01,85,111605,卖盘
55,14:54:18,13.14,--,358,471200,买盘
56,14:54:15,13.14,--,166,218124,买盘
57,14:54:12,13.14,--,217,285138,买盘
58,14:54:09,13.14,--,156,204984,买盘
59,14:54:06,13.14,--,28,36792,买盘
60,14:54:03,13.14,--,64,84096,买盘
61,14:54:00,13.14,--,53,69642,买盘
62,14:53:57,13.14,--,102,134028,买盘
63,14:53:54,13.14,--,6,8409,卖盘
64,14:53:51,13.14,--,186,244404,卖盘
65,14:53:48,13.14,--,27,35478,卖盘
66,14:53:45,13.14,--,175,229950,卖盘
67,14:53:42,13.14,--,512,672768,卖盘
68,14:53:39,13.14,--,64,84096,卖盘
69,14:53:36,13.14,--,304,400244,买盘
70,14:53:33,13.14,--,226,296964,买盘
71,14:53:30,13.14,--,6,7884,买盘
72,14:53:27,13.14,--,185,243090,买盘
73,14:53:24,13.14,--,85,111690,买盘
74,14:53:21,13.14,--,116,152424,买盘
75,14:53:18,13.14,--,227,298278,买盘
76,14:53:15,13.14,--,454,596556,买盘
77,14:53:12,13.14,--,157,206298,买盘
78,14:53:09,13.14,0.01,185,243090,买盘
79,14:53:06,13.13,-0.01,196,257348,卖盘
80,14:53:03,13.14,--,314,412596,买盘
81,14:53:00,13.14,0.01,134,176076,买盘
82,14:52:57,13.13,-0.01,41,53833,卖盘
83,14:52:54,13.14,--,181,237834,买盘
84,14:52:51,13.14,0.01,49,64386,买盘
85,14:52:48,13.13,--,136,178568,卖盘
86,14:52:45,13.13,-0.01,38,49894,卖盘
87,14:52:42,13.14,--,4,5256,买盘
88,14:52:39,13.14,0.01,60,78840,买盘
89,14:52:36,13.13,-0.01,20,26260,卖盘
90,14:52:33,13.14,--,98,128772,买盘
91,14:52:30,13.14,--,55,72270,买盘
92,14:52:27,13.14,0.01,11,14454,买盘
93,14:52:24,13.13,-0.01,16,21008,卖盘
94,14:52:21,13.14,--,9,11826,买盘
95,14:52:18,13.14,0.01,45,59130,买盘
96,14:52:15,13.13,-0.01,6,7878,卖盘
97,14:52:12,13.14,-0.01,1,1839,卖盘
98,14:52:09,13.15,0.01,1407,1850994,买盘
99,14:52:06,13.14,--,338,444132,买盘
100,14:52:03,13.14,0.01,220,289080,买盘
101,14:52:00,13.13,--,87,114231,卖盘
102,14:51:57,13.13,-0.01,15,19695,卖盘
103,14:51:54,13.14,--,122,160308,买盘
104,14:51:51,13.14,0.01,20,26280,买盘
105,14:51:48,13.13,-0.01,140,183820,卖盘
106,14:51:45,13.14,0.01,5,6570,买盘
107,14:51:42,13.13,-0.01,102,133926,卖盘
108,14:51:39,13.14,0.01,157,206298,买盘
109,14:51:36,13.13,-0.01,39,51207,卖盘
110,14:51:33,13.14,0.01,199,261486,买盘
111,14:51:30,13.13,-0.01,112,147056,卖盘
112,14:51:27,13.14,0.01,2,2628,买盘
113,14:51:24,13.13,-0.01,55,72215,卖盘
114,14:51:21,13.14,0.01,2,2628,买盘
115,14:51:18,13.13,-0.01,12,15756,卖盘
116,14:51:15,13.14,--,118,155052,买盘
117,14:51:12,13.14,-0.01,138,181332,卖盘
118,14:51:09,13.15,0.01,27,35505,买盘
119,14:51:06,13.14,-0.01,28,36792,卖盘
120,14:51:03,13.15,0.01,28,36820,买盘
121,14:51:00,13.14,0.01,155,203670,买盘
122,14:50:57,13.13,-0.01,8,10504,卖盘
123,14:50:54,13.14,--,2,2628,买盘
124,14:50:51,13.14,--,62,81468,买盘
125,14:50:48,13.14,-0.01,434,570276,中性盘
126,14:50:45,13.15,--,273,358995,买盘
127,14:50:42,13.15,--,429,564135,买盘
128,14:50:39,13.15,--,85,111775,买盘
129,14:50:36,13.15,0.01,10,13150,买盘
130,14:50:33,13.14,--,11,14454,卖盘
131,14:50:30,13.14,--,41,53874,买盘
132,14:50:27,13.14,--,151,198414,买盘
133,14:50:24,13.14,0.01,25,32850,中性盘
134,14:50:21,13.13,-0.01,34,44642,卖盘
135,14:50:18,13.14,0.01,52,68328,买盘
136,14:50:15,13.13,-0.02,7,9191,卖盘
137,14:50:09,13.15,0.02,38,49970,买盘
138,14:50:06,13.13,-0.01,35,45955,卖盘
139,14:50:03,13.14,0.02,81,106434,买盘
140,14:50:00,13.12,--,855,1121760,卖盘
141,14:49:57,13.12,--,86,112832,卖盘
142,14:49:54,13.12,--,62,81344,卖盘
143,14:49:51,13.12,--,51,66912,卖盘
144,14:49:48,13.12,0.01,1074,1409875,买盘
145,14:49:45,13.11,--,263,344793,卖盘
146,14:49:42,13.11,--,1,1311,卖盘
147,14:49:39,13.11,0.01,205,268755,买盘
148,14:49:36,13.1,-0.01,38,49780,卖盘
149,14:49:33,13.11,--,62,81282,买盘
150,14:49:30,13.11,0.01,2,2622,买盘
151,14:49:27,13.1,-0.02,85,111350,卖盘
152,14:49:24,13.12,--,30,39360,买盘
153,14:49:21,13.12,0.01,1,1312,买盘
154,14:49:18,13.11,--,43,56373,卖盘
155,14:49:15,13.11,--,5,6555,卖盘
156,14:49:12,13.11,-0.01,40,52440,卖盘
157,14:49:09,13.12,0.01,35,45920,买盘
158,14:49:06,13.11,--,5,6555,卖盘
159,14:49:03,13.11,-0.01,53,69483,卖盘
160,14:49:00,13.12,0.02,94,123327,买盘
161,14:48:57,13.1,--,50,65500,卖盘
162,14:48:54,13.1,--,120,157200,卖盘
163,14:48:51,13.1,--,1,1310,卖盘
164,14:48:48,13.1,0.01,415,543650,买盘
165,14:48:45,13.09,--,292,382228,卖盘
166,14:48:42,13.09,--,21,27489,卖盘
167,14:48:39,13.09,--,54,70686,卖盘
168,14:48:36,13.09,--,131,171479,买盘
169,14:48:33,13.09,--,316,413644,买盘
170,14:48:30,13.09,0.01,71,92939,买盘
171,14:48:27,13.08,-0.01,113,147804,卖盘
172,14:48:24,13.09,0.01,500,654500,买盘
173,14:48:21,13.08,--,8,10464,卖盘
174,14:48:18,13.08,--,165,215820,卖盘
175,14:48:15,13.08,--,15,19620,卖盘
176,14:48:12,13.08,--,305,400117,卖盘
177,14:48:09,13.08,--,482,631319,买盘
178,14:48:06,13.08,--,41,53628,中性盘
179,14:48:03,13.08,0.01,615,804420,买盘
180,14:48:00,13.07,-0.01,91,118937,卖盘
181,14:47:57,13.08,--,120,156960,卖盘
182,14:47:54,13.08,--,45,58860,卖盘
183,14:47:51,13.08,-0.01,35,45780,卖盘
184,14:47:48,13.09,0.01,39,51051,买盘
185,14:47:45,13.08,--,30,39240,卖盘
186,14:47:42,13.08,-0.01,86,112488,卖盘
187,14:47:39,13.09,--,510,667590,买盘
188,14:47:36,13.09,--,47,61523,卖盘
189,14:47:33,13.09,--,38,49742,卖盘
190,14:47:30,13.09,-0.01,14,18326,卖盘
191,14:47:27,13.1,0.01,321,420510,买盘
192,14:47:24,13.09,--,163,213367,卖盘
193,14:47:21,13.09,-0.01,245,320705,卖盘
194,14:47:15,13.1,0.01,20,26200,买盘
195,14:47:12,13.09,-0.01,76,99484,卖盘
196,14:47:09,13.1,--,301,394310,卖盘
197,14:47:06,13.1,--,72,94320,卖盘
198,14:47:03,13.1,--,110,144100,卖盘
199,14:47:00,13.1,--,83,108730,卖盘
200,14:46:57,13.1,--,240,314400,卖盘
201,14:46:54,13.1,--,77,100870,卖盘
202,14:46:51,13.1,--,37,48470,卖盘
203,14:46:48,13.1,-0.01,17,22270,卖盘
204,14:46:45,13.11,0.01,74,97014,买盘
205,14:46:42,13.1,-0.01,26,34060,卖盘
206,14:46:39,13.11,--,5,6555,买盘
207,14:46:36,13.11,--,16,20976,买盘
208,14:46:33,13.11,--,40,52440,买盘
209,14:46:30,13.11,--,29,38019,卖盘
210,14:46:27,13.11,--,212,277932,卖盘
211,14:46:24,13.11,--,194,254334,卖盘
212,14:46:21,13.11,--,18,23598,卖盘
213,14:46:18,13.11,--,9,11799,卖盘
214,14:46:15,13.11,-0.01,80,104880,卖盘
215,14:46:12,13.12,0.01,9,11808,买盘
216,14:46:09,13.11,-0.01,307,402477,卖盘
217,14:46:06,13.12,--,5,6560,买盘
218,14:46:03,13.12,--,24,31487,买盘
219,14:46:00,13.12,--,3,3935,买盘
220,14:45:57,13.12,--,201,263712,卖盘
221,14:45:54,13.12,-0.01,248,325376,卖盘
222,14:45:51,13.13,0.01,47,61711,买盘
223,14:45:48,13.12,--,118,154816,卖盘
224,14:45:45,13.12,-0.01,42,55104,卖盘
225,14:45:42,13.13,0.01,43,56459,买盘
226,14:45:39,13.12,--,8,10496,卖盘
227,14:45:36,13.12,-0.02,7,9184,卖盘
228,14:45:33,13.14,0.01,42,55188,买盘
229,14:45:30,13.13,-0.01,6,7878,卖盘
230,14:45:27,13.14,0.03,100,131400,买盘
231,14:45:21,13.11,-0.01,231,302841,卖盘
232,14:45:18,13.12,0.01,2,2624,卖盘
233,14:45:15,13.11,-0.03,175,229425,卖盘
234,14:45:12,13.14,0.03,1136,1492704,买盘
235,14:45:09,13.11,--,242,317262,卖盘
236,14:45:06,13.11,-0.01,61,79971,卖盘
237,14:45:03,13.12,0.01,2,2624,买盘
238,14:45:00,13.11,--,19,24909,卖盘
239,14:44:57,13.11,--,14,18354,卖盘
240,14:44:54,13.11,0.01,726,951786,买盘
241,14:44:51,13.1,-0.01,80,104800,卖盘
242,14:44:48,13.11,0.01,40,52440,买盘
243,14:44:45,13.1,--,285,373350,卖盘
244,14:44:42,13.1,--,6,7860,卖盘
245,14:44:39,13.1,-0.01,119,155890,卖盘
246,14:44:36,13.11,--,74,97014,买盘
247,14:44:33,13.11,0.01,108,141588,买盘
248,14:44:30,13.1,-0.01,36,47160,卖盘
249,14:44:27,13.11,0.01,21,27531,买盘
250,14:44:24,13.1,-0.01,37,48470,卖盘
251,14:44:21,13.11,0.01,7,9177,买盘
252,14:44:18,13.1,-0.01,235,307850,卖盘
253,14:44:15,13.11,-0.01,164,215004,卖盘
254,14:44:12,13.12,0.01,113,148256,买盘
255,14:44:09,13.11,-0.01,12,15732,中性盘
256,14:44:06,13.12,0.01,229,300448,买盘
257,14:44:03,13.11,--,330,432630,买盘
258,14:44:00,13.11,--,78,102258,卖盘
259,14:43:57,13.11,--,735,963585,卖盘
260,14:43:54,13.11,--,320,419520,卖盘
261,14:43:51,13.11,0.01,234,306774,买盘
262,14:43:48,13.1,-0.01,2,2620,卖盘
263,14:43:45,13.11,--,29,38019,买盘
264,14:43:42,13.11,--,343,449673,卖盘
265,14:43:39,13.11,--,20,26220,卖盘
266,14:43:36,13.11,--,17,22287,卖盘
267,14:43:33,13.11,--,216,283176,买盘
268,14:43:30,13.11,--,83,108813,买盘
269,14:43:27,13.11,--,14,18354,买盘
270,14:43:24,13.11,--,33,43263,买盘
271,14:43:21,13.11,--,31,40641,买盘
272,14:43:18,13.11,-0.01,3,3933,卖盘
273,14:43:15,13.12,0.01,63,82656,买盘
274,14:43:12,13.11,0.01,30,39330,卖盘
275,14:43:03,13.1,--,28,36680,卖盘
276,14:43:00,13.1,-0.02,161,210910,卖盘
277,14:42:57,13.12,0.02,674,884288,买盘
278,14:42:54,13.1,--,37,48470,卖盘
279,14:42:51,13.1,--,5,6550,卖盘
280,14:42:48,13.1,--,12,15720,卖盘
281,14:42:45,13.1,-0.01,35,45850,卖盘
282,14:42:42,13.11,--,47,61617,买盘
283,14:42:39,13.11,--,55,72105,买盘
284,14:42:33,13.11,--,291,382287,买盘
285,14:42:30,13.11,--,47,61617,卖盘
286,14:42:27,13.11,--,255,334305,卖盘
287,14:42:24,13.11,-0.01,6,7866,卖盘
288,14:42:21,13.12,--,7,9184,买盘
289,14:42:18,13.12,0.01,10,13120,买盘
290,14:42:15,13.11,-0.01,50,65550,卖盘
291,14:42:12,13.12,--,10,13120,买盘
292,14:42:09,13.12,0.01,67,87904,买盘
293,14:42:06,13.11,-0.01,1,1311,卖盘
294,14:42:03,13.12,-0.01,227,297824,卖盘
295,14:42:00,13.13,--,16,21008,卖盘
296,14:41:57,13.13,0.01,4,5252,中性盘
297,14:41:54,13.12,--,25,32800,卖盘
298,14:41:51,13.12,-0.01,788,1033855,卖盘
299,14:41:48,13.13,--,86,112918,买盘
300,14:41:42,13.13,0.01,7,9191,买盘
301,14:41:39,13.12,--,2,2624,卖盘
302,14:41:36,13.12,--,29,38048,卖盘
303,14:41:33,13.12,0.01,563,738656,买盘
304,14:41:30,13.11,--,32,41952,卖盘
305,14:41:27,13.11,--,3,3933,卖盘
306,14:41:24,13.11,-0.01,35,45885,卖盘
307,14:41:21,13.12,0.01,1,1312,买盘
308,14:41:18,13.11,--,22,28842,卖盘
309,14:41:15,13.11,-0.01,40,52440,卖盘
310,14:41:12,13.12,--,28,36736,买盘
311,14:41:03,13.12,0.01,10,13120,买盘
312,14:41:00,13.11,--,34,44574,卖盘
313,14:40:57,13.11,--,50,65550,卖盘
314,14:40:54,13.11,--,40,52440,卖盘
315,14:40:51,13.11,--,20,26220,卖盘
316,14:40:48,13.11,0.01,217,284487,买盘
317,14:40:45,13.1,--,5,6550,卖盘
318,14:40:42,13.1,-0.01,20,26200,卖盘
319,14:40:39,13.11,0.01,154,201894,买盘
320,14:40:36,13.1,--,289,378590,卖盘
321,14:40:33,13.1,--,23,30130,卖盘
322,14:40:30,13.1,-0.01,428,560680,卖盘
323,14:40:27,13.11,0.01,3,3933,买盘
324,14:40:24,13.1,-0.01,80,104800,卖盘
325,14:40:21,13.11,--,197,258267,买盘
326,14:40:15,13.11,--,10,13110,买盘
327,14:40:12,13.11,--,929,1217919,卖盘
328,14:40:09,13.11,--,180,235980,卖盘
329,14:40:06,13.11,--,1,1311,卖盘
330,14:40:03,13.11,-0.01,457,599127,卖盘
331,14:40:00,13.12,--,145,190240,卖盘
332,14:39:57,13.12,-0.01,55,72160,卖盘
333,14:39:54,13.13,--,12,15756,买盘
334,14:39:51,13.13,--,92,120796,买盘
335,14:39:48,13.13,--,60,78780,买盘
336,14:39:45,13.13,0.01,11,14443,买盘
337,14:39:42,13.12,--,11,14432,卖盘
338,14:39:39,13.12,--,9,11808,卖盘
339,14:39:36,13.12,--,1,1312,卖盘
340,14:39:33,13.12,0.01,4,5248,买盘
341,14:39:30,13.11,--,34,44574,卖盘
342,14:39:27,13.11,-0.02,6,7866,卖盘
343,14:39:24,13.13,0.01,27,35451,买盘
344,14:39:21,13.12,-0.02,516,677910,卖盘
345,14:39:18,13.14,--,24,31536,买盘
346,14:39:15,13.14,0.01,16,21024,买盘
347,14:39:12,13.13,--,8,10504,卖盘
348,14:39:09,13.13,-0.02,273,358449,卖盘
349,14:39:06,13.15,0.01,20,26300,买盘
350,14:39:00,13.14,-0.01,5,6570,卖盘
351,14:38:57,13.15,--,11,14465,买盘
352,14:38:54,13.15,--,5,6575,买盘
353,14:38:51,13.15,--,381,501015,卖盘
354,14:38:48,13.15,--,220,289300,卖盘
355,14:38:45,13.15,--,251,330065,卖盘
356,14:38:42,13.15,-0.01,34,44710,卖盘
357,14:38:39,13.16,0.01,27,35532,买盘
358,14:38:36,13.15,-0.01,38,49970,卖盘
359,14:38:33,13.16,0.01,70,92120,买盘
360,14:38:30,13.15,-0.01,26,34190,卖盘
361,14:38:27,13.16,--,50,65800,买盘
362,14:38:24,13.16,--,14,18424,买盘
363,14:38:21,13.16,--,27,35532,买盘
364,14:38:18,13.16,--,208,273728,卖盘
365,14:38:15,13.16,-0.01,11,14476,卖盘
366,14:38:12,13.17,--,15,19755,买盘
367,14:38:09,13.17,0.01,58,76386,买盘
368,14:38:06,13.16,-0.01,225,296100,卖盘
369,14:38:03,13.17,--,539,709863,买盘
370,14:38:00,13.17,0.01,13,17121,买盘
371,14:37:57,13.16,--,45,59220,卖盘
372,14:37:54,13.16,--,63,82908,卖盘
373,14:37:51,13.16,--,23,30268,卖盘
374,14:37:48,13.16,--,13,17108,卖盘
375,14:37:45,13.16,0.01,119,156604,买盘
376,14:37:42,13.15,--,66,86790,卖盘
377,14:37:39,13.15,-0.01,1,1315,卖盘
378,14:37:36,13.16,--,254,334264,卖盘
379,14:37:33,13.16,--,9,11844,卖盘
380,14:37:30,13.16,--,465,611940,卖盘
381,14:37:27,13.16,--,22,28952,卖盘
382,14:37:24,13.16,0.01,109,143444,买盘
383,14:37:21,13.15,--,330,433950,卖盘
384,14:37:18,13.15,--,20,26300,卖盘
385,14:37:15,13.15,--,65,85475,卖盘
386,14:37:12,13.15,0.01,470,618050,买盘
387,14:37:09,13.14,-0.01,31,40734,卖盘
388,14:37:06,13.15,0.01,16,21040,买盘
389,14:37:03,13.14,--,235,308790,卖盘
390,14:37:00,13.14,--,151,198414,买盘
391,14:36:57,13.14,0.02,83,109062,买盘
392,14:36:54,13.12,-0.01,165,216480,卖盘
393,14:36:51,13.13,--,16,21008,卖盘
394,14:36:48,13.13,0.01,537,705081,买盘
395,14:36:45,13.12,--,21,27552,卖盘
396,14:36:42,13.12,-0.01,119,156521,卖盘
397,14:36:39,13.13,--,373,489749,买盘
398,14:36:36,13.13,--,40,52520,买盘
399,14:36:33,13.13,0.01,22,28886,买盘
400,14:36:30,13.12,--,246,322752,卖盘
401,14:36:27,13.12,-0.01,9,11808,卖盘
402,14:36:24,13.13,0.01,25,32825,买盘
403,14:36:21,13.12,-0.01,86,112832,卖盘
404,14:36:18,13.13,0.01,252,330876,买盘
405,14:36:15,13.12,-0.01,156,204672,卖盘
406,14:36:12,13.13,--,13,17069,买盘
407,14:36:09,13.13,0.01,5,6565,买盘
408,14:36:06,13.12,-0.01,61,80032,卖盘
409,14:36:03,13.13,--,3,3939,买盘
410,14:36:00,13.13,--,506,664378,卖盘
411,14:35:57,13.13,--,10,13130,卖盘
412,14:35:54,13.13,--,44,57772,卖盘
413,14:35:51,13.13,-0.01,26,34138,卖盘
414,14:35:48,13.14,--,30,39420,买盘
415,14:35:45,13.14,--,88,115632,买盘
416,14:35:42,13.14,0.01,3,3942,买盘
417,14:35:39,13.13,-0.01,10,13130,卖盘
418,14:35:36,13.14,-0.02,174,228636,卖盘
419,14:35:33,13.16,0.02,53,69748,买盘
420,14:35:30,13.14,-0.02,11,14454,卖盘
421,14:35:27,13.16,0.02,96,126336,买盘
422,14:35:24,13.14,--,234,307476,卖盘
423,14:35:21,13.14,-0.02,277,363978,卖盘
424,14:35:18,13.16,--,233,306628,买盘
425,14:35:15,13.16,--,21,27636,买盘
426,14:35:12,13.16,0.01,31,40796,买盘
427,14:35:09,13.15,-0.01,24,31560,卖盘
428,14:35:06,13.16,--,191,251356,买盘
429,14:35:03,13.16,0.01,10,13160,买盘
430,14:35:00,13.15,--,182,239330,卖盘
431,14:34:57,13.15,--,57,74955,卖盘
432,14:34:54,13.15,--,161,211715,卖盘
433,14:34:51,13.15,-0.01,77,101255,卖盘
434,14:34:48,13.16,0.01,14,18424,买盘
435,14:34:45,13.15,0.01,678,891570,买盘
436,14:34:42,13.14,-0.01,29,38106,卖盘
437,14:34:39,13.15,0.01,197,259055,买盘
438,14:34:36,13.14,-0.01,21,27594,卖盘
439,14:34:33,13.15,0.01,115,151225,买盘
440,14:34:24,13.14,--,75,98550,买盘
441,14:34:21,13.14,-0.02,20,26280,卖盘
442,14:34:18,13.16,0.01,724,952784,买盘
443,14:34:15,13.15,--,16,21040,卖盘
444,14:34:12,13.15,--,96,126240,卖盘
445,14:34:09,13.15,--,135,177525,卖盘
446,14:34:06,13.15,--,105,138075,卖盘
447,14:34:03,13.15,0.01,718,944170,买盘
448,14:34:00,13.14,0.01,205,269370,买盘
449,14:33:54,13.13,-0.01,22,28886,卖盘
450,14:33:51,13.14,0.01,106,139284,中性盘
451,14:33:48,13.13,-0.01,102,133926,卖盘
452,14:33:45,13.14,0.01,85,111690,买盘
453,14:33:42,13.13,-0.01,23,30199,卖盘
454,14:33:39,13.14,--,24,31536,买盘
455,14:33:36,13.14,--,52,68328,买盘
456,14:33:33,13.14,-0.01,13,17082,卖盘
457,14:33:30,13.15,--,29,38135,买盘
458,14:33:27,13.15,--,30,39450,买盘
459,14:33:24,13.15,0.01,51,67065,买盘
460,14:33:21,13.14,-0.01,205,269370,卖盘
461,14:33:18,13.15,--,173,227495,买盘
462,14:33:15,13.15,--,619,813985,买盘
463,14:33:12,13.15,--,17,22355,买盘
464,14:33:09,13.15,-0.01,264,347160,卖盘
465,14:33:06,13.16,--,80,105280,卖盘
466,14:33:03,13.16,--,16,21056,卖盘
467,14:33:00,13.16,0.01,202,265832,买盘
468,14:32:57,13.15,--,55,72325,卖盘
469,14:32:54,13.15,-0.01,17,22355,卖盘
470,14:32:51,13.16,0.01,68,89488,买盘
471,14:32:45,13.15,-0.01,204,268260,卖盘
472,14:32:42,13.16,--,148,194768,卖盘
473,14:32:39,13.16,--,284,373744,卖盘
474,14:32:36,13.16,-0.01,293,385588,卖盘
475,14:32:33,13.17,--,149,196233,买盘
476,14:32:30,13.17,0.01,3,3951,买盘
477,14:32:27,13.16,-0.01,51,67116,卖盘
478,14:32:24,13.17,--,32,42144,卖盘
479,14:32:21,13.17,--,108,142236,买盘
480,14:32:15,13.17,0.01,76,100092,买盘
481,14:32:12,13.16,-0.02,6,7896,卖盘
482,14:32:09,13.18,--,7,9226,买盘
483,14:32:06,13.18,-0.01,352,463936,卖盘
484,14:32:03,13.19,--,535,705665,卖盘
485,14:32:00,13.19,--,807,1064433,卖盘
486,14:31:57,13.19,--,236,311284,卖盘
487,14:31:54,13.19,-0.01,160,211040,卖盘
488,14:31:51,13.2,--,282,372240,买盘
489,14:31:48,13.2,--,405,534600,买盘
490,14:31:45,13.2,--,77,101640,买盘
491,14:31:42,13.2,--,320,422400,买盘
492,14:31:39,13.2,0.01,187,246840,买盘
493,14:31:36,13.19,-0.01,13,17147,卖盘
494,14:31:33,13.2,0.01,155,204600,买盘
495,14:31:30,13.19,-0.01,71,93649,卖盘
496,14:31:27,13.2,0.04,856,1129920,买盘
497,14:31:24,13.16,-0.02,309,406644,卖盘
498,14:31:21,13.18,--,43,56674,中性盘
499,14:31:18,13.18,--,232,305776,卖盘
500,14:31:15,13.18,-0.01,79,104122,卖盘
501,14:31:12,13.19,0.01,135,178065,买盘
502,14:31:09,13.18,-0.01,18,23724,卖盘
503,14:31:06,13.19,--,451,594869,买盘
504,14:31:00,13.19,--,398,524962,买盘
505,14:30:57,13.19,-0.01,474,625206,卖盘
506,14:30:54,13.2,0.02,319,421080,买盘
507,14:30:51,13.18,-0.01,70,92260,卖盘
508,14:30:48,13.19,-0.01,246,324474,中性盘
509,14:30:45,13.2,0.01,1078,1422960,买盘
510,14:30:42,13.19,0.01,540,712260,买盘
511,14:30:39,13.18,--,1305,1719990,买盘
512,14:30:36,13.18,0.01,31,40858,中性盘
513,14:30:33,13.17,-0.01,62,81654,卖盘
514,14:30:30,13.18,--,564,743352,买盘
515,14:30:27,13.18,0.01,185,243830,买盘
516,14:30:24,13.17,--,237,312129,卖盘
517,14:30:21,13.17,-0.02,88,115896,中性盘
518,14:30:18,13.19,0.03,1791,2362329,买盘
519,14:30:15,13.16,-0.01,500,658000,卖盘
520,14:30:12,13.17,0.01,35,46095,买盘
521,14:30:09,13.16,-0.01,210,276360,中性盘
522,14:30:06,13.17,0.01,652,858684,买盘
523,14:30:03,13.16,0.01,29,38164,买盘
524,14:30:00,13.15,-0.01,318,418170,卖盘
525,14:29:57,13.16,--,451,593516,买盘
526,14:29:54,13.16,--,736,968576,买盘
527,14:29:51,13.16,0.01,55,72380,买盘
528,14:29:48,13.15,--,868,1142195,买盘
529,14:29:45,13.15,--,1098,1443870,买盘
530,14:29:42,13.15,0.01,130,170950,买盘
531,14:29:39,13.14,--,81,106434,买盘
532,14:29:36,13.14,--,489,642546,买盘
533,14:29:33,13.14,0.01,5,6570,买盘
534,14:29:30,13.13,--,10,13130,卖盘
535,14:29:24,13.13,0.01,189,248157,买盘
536,14:29:18,13.12,--,30,39360,卖盘
537,14:29:15,13.12,0.01,374,490687,买盘
538,14:29:12,13.11,-0.01,212,277932,卖盘
539,14:29:09,13.12,--,859,1127008,卖盘
540,14:29:06,13.12,--,85,111520,卖盘
541,14:29:03,13.12,0.01,30,39360,中性盘
542,14:29:00,13.11,--,1844,2417484,卖盘
543,14:28:57,13.11,--,997,1307067,卖盘
544,14:28:54,13.11,--,45,58995,卖盘
545,14:28:51,13.11,--,186,243846,买盘
546,14:28:48,13.11,0.01,535,701385,买盘
547,14:28:45,13.1,--,3,3930,卖盘
548,14:28:42,13.1,0.01,16,20960,买盘
549,14:28:36,13.09,--,15,19635,买盘
550,14:28:33,13.09,-0.03,185,242165,卖盘
551,14:28:30,13.12,0.03,733,961696,买盘
552,14:28:27,13.09,-0.01,125,163625,卖盘
553,14:28:24,13.1,--,18,23580,买盘
554,14:28:21,13.1,--,2,2620,买盘
555,14:28:18,13.1,-0.01,10,13100,中性盘
556,14:28:15,13.11,--,421,551931,买盘
557,14:28:12,13.11,--,113,148143,买盘
558,14:28:09,13.11,--,337,441807,买盘
559,14:28:06,13.11,--,135,176985,买盘
560,14:28:03,13.11,--,46,60306,买盘
561,14:28:00,13.11,-0.01,411,538821,卖盘
562,14:27:57,13.12,0.01,610,800320,买盘
563,14:27:54,13.11,--,4,5244,卖盘
564,14:27:51,13.11,0.01,6,7866,买盘
565,14:27:48,13.1,-0.01,1,1310,卖盘
566,14:27:45,13.11,-0.01,1,1311,中性盘
567,14:27:42,13.12,0.01,740,970880,买盘
568,14:27:39,13.11,0.01,371,486381,买盘
569,14:27:33,13.1,0.01,1537,2014190,买盘
570,14:27:27,13.09,0.01,24,31416,买盘
571,14:27:24,13.08,--,55,71940,卖盘
572,14:27:18,13.08,0.01,140,183120,买盘
573,14:27:15,13.07,--,34,44438,卖盘
574,14:27:12,13.07,-0.01,231,301917,卖盘
575,14:27:06,13.08,0.01,19,24852,买盘
576,14:27:03,13.07,--,31,40517,买盘
577,14:27:00,13.07,--,33,43131,买盘
578,14:26:57,13.07,0.01,425,555475,买盘
579,14:26:54,13.06,-0.02,10,13060,卖盘
580,14:26:51,13.08,0.02,586,766488,买盘
581,14:26:48,13.06,-0.01,1,1306,卖盘
582,14:26:45,13.07,0.01,25,32675,买盘
583,14:26:42,13.06,--,69,90114,买盘
584,14:26:39,13.06,--,305,398330,买盘
585,14:26:36,13.06,--,3,3918,买盘
586,14:26:33,13.06,--,210,274260,买盘
587,14:26:30,13.06,--,10,13060,买盘
588,14:26:27,13.06,--,50,65300,买盘
589,14:26:24,13.06,-0.02,101,131906,卖盘
590,14:26:21,13.08,0.01,15,19620,买盘
591,14:26:18,13.07,--,68,88876,卖盘
592,14:26:15,13.07,--,5,6535,卖盘
593,14:26:12,13.07,0.01,291,380337,买盘
594,14:26:09,13.06,0.01,1,1306,中性盘
595,14:26:06,13.05,-0.02,107,140874,卖盘
596,14:26:03,13.07,--,2,2614,买盘
597,14:26:00,13.07,--,509,665263,买盘
598,14:25:54,13.07,0.01,10,13070,买盘
599,14:25:51,13.06,-0.01,1,1306,卖盘
600,14:25:48,13.07,0.01,2,2614,买盘
601,14:25:45,13.06,--,30,39180,卖盘
602,14:25:39,13.06,--,135,176310,买盘
603,14:25:33,13.06,--,312,407472,买盘
604,14:25:30,13.06,--,150,195900,买盘
605,14:25:27,13.06,0.01,21,27426,买盘
606,14:25:24,13.05,--,33,43065,卖盘
607,14:25:18,13.05,--,17,22185,卖盘
608,14:25:15,13.05,--,1,1305,卖盘
609,14:25:12,13.05,--,50,65250,卖盘
610,14:25:09,13.05,-0.01,258,336690,卖盘
611,14:25:06,13.06,--,9,11754,买盘
612,14:25:03,13.06,0.01,321,419226,买盘
613,14:25:00,13.05,-0.01,2,2610,买盘
614,14:24:57,13.06,0.02,10,13060,买盘
615,14:24:54,13.04,-0.02,1,1304,卖盘
616,14:24:51,13.06,0.01,190,248140,买盘
617,14:24:48,13.05,--,22,28710,卖盘
618,14:24:45,13.05,--,11,14355,卖盘
619,14:24:42,13.05,-0.01,224,292320,卖盘
620,14:24:39,13.06,--,54,70524,买盘
621,14:24:36,13.06,0.01,21,27426,买盘
622,14:24:33,13.05,--,66,86130,卖盘
623,14:24:27,13.05,--,18,23490,卖盘
624,14:24:24,13.05,--,167,217935,买盘
625,14:24:21,13.05,--,167,217935,买盘
626,14:24:18,13.05,0.01,39,50895,买盘
627,14:24:15,13.04,--,68,88672,卖盘
628,14:24:06,13.04,--,7,9128,卖盘
629,14:24:03,13.04,-0.01,231,301224,卖盘
630,14:24:00,13.05,0.01,12,15660,买盘
631,14:23:57,13.04,-0.01,143,186472,卖盘
632,14:23:51,13.05,0.01,30,39150,买盘
633,14:23:48,13.04,-0.01,4,5216,卖盘
634,14:23:45,13.05,--,164,214020,买盘
635,14:23:42,13.05,--,25,32625,买盘
636,14:23:39,13.05,--,6,7830,买盘
637,14:23:36,13.05,--,18,23490,买盘
638,14:23:33,13.05,0.01,5,6525,买盘
639,14:23:30,13.04,-0.01,77,100408,卖盘
640,14:23:27,13.05,--,75,97875,买盘
641,14:23:24,13.05,-0.01,7,9135,卖盘
642,14:23:18,13.06,0.01,9,11754,买盘
643,14:23:15,13.05,-0.01,6,7830,卖盘
644,14:23:09,13.06,--,309,403554,卖盘
645,14:23:06,13.06,0.01,21,27426,买盘
646,14:23:03,13.05,--,1,1305,卖盘
647,14:23:00,13.05,-0.02,60,78300,卖盘
648,14:22:57,13.07,0.02,83,108481,买盘
649,14:22:48,13.05,-0.01,200,261000,卖盘
650,14:22:45,13.06,-0.01,1,1306,卖盘
651,14:22:42,13.07,--,5,6535,卖盘
652,14:22:39,13.07,-0.01,15,19605,中性盘
653,14:22:33,13.08,0.01,19,24852,买盘
654,14:22:30,13.07,--,62,81034,卖盘
655,14:22:24,13.07,-0.01,112,146384,卖盘
656,14:22:21,13.08,--,30,39240,卖盘
657,14:22:18,13.08,--,46,60168,买盘
658,14:22:15,13.08,--,29,37932,买盘
659,14:22:12,13.08,0.01,67,87636,买盘
660,14:22:09,13.07,-0.01,1,1307,卖盘
661,14:22:06,13.08,--,204,266832,买盘
662,14:22:00,13.08,--,111,145188,买盘
663,14:21:57,13.08,--,80,104640,买盘
664,14:21:54,13.08,--,55,71940,买盘
665,14:21:51,13.08,--,405,529740,买盘
666,14:21:48,13.08,0.01,2,2616,买盘
667,14:21:45,13.07,--,26,33982,卖盘
668,14:21:42,13.07,-0.01,294,384258,卖盘
669,14:21:39,13.08,--,5,6540,买盘
670,14:21:36,13.08,--,92,120336,买盘
671,14:21:33,13.08,0.01,30,39240,中性盘
672,14:21:30,13.07,-0.02,60,78420,卖盘
673,14:21:27,13.09,--,50,65450,买盘
674,14:21:24,13.09,0.02,28,36652,买盘
675,14:21:21,13.07,-0.01,598,781586,卖盘
676,14:21:18,13.08,--,2,2616,卖盘
677,14:21:15,13.08,0.01,43,56244,卖盘
678,14:21:09,13.07,-0.01,423,552861,卖盘
679,14:21:06,13.08,--,34,44472,买盘
680,14:21:03,13.08,0.01,16,20928,买盘
681,14:21:00,13.07,-0.02,65,84955,卖盘
682,14:20:51,13.09,0.02,406,531454,买盘
683,14:20:45,13.07,0.01,32,41824,中性盘
684,14:20:39,13.06,-0.02,38,49628,卖盘
685,14:20:30,13.08,0.02,142,185736,买盘
686,14:20:27,13.06,--,21,27426,卖盘
687,14:20:24,13.06,--,2,2612,卖盘
688,14:20:21,13.06,--,159,207654,买盘
689,14:20:18,13.06,0.03,24,31344,买盘
690,14:20:15,13.03,-0.02,13,16939,卖盘
691,14:20:12,13.05,-0.01,314,409770,卖盘
692,14:20:09,13.06,0.02,79,103174,买盘
693,14:20:06,13.04,-0.01,168,219072,卖盘
694,14:20:03,13.05,-0.01,78,101790,卖盘
695,14:20:00,13.06,0.01,106,138436,买盘
696,14:19:57,13.05,-0.01,23,30015,卖盘
697,14:19:54,13.06,-0.01,207,270407,卖盘
698,14:19:51,13.07,--,9,13004,卖盘
699,14:19:45,13.07,0.01,1,1307,中性盘
700,14:19:42,13.06,-0.01,16,20896,卖盘
701,14:19:39,13.07,0.01,10,13070,中性盘
702,14:19:36,13.06,-0.01,8,10448,卖盘
703,14:19:33,13.07,--,5,6535,买盘
704,14:19:30,13.07,-0.01,54,70578,卖盘
705,14:19:27,13.08,--,144,188352,买盘
706,14:19:24,13.08,--,156,204048,卖盘
707,14:19:12,13.08,-0.02,32,41856,卖盘
708,14:19:06,13.1,--,6,7860,买盘
709,14:19:03,13.1,--,33,43230,买盘
710,14:19:00,13.1,-0.01,406,531860,卖盘
711,14:18:54,13.11,0.01,48,62928,买盘
712,14:18:51,13.1,--,4,5240,卖盘
713,14:18:48,13.1,0.04,1477,1934870,买盘
714,14:18:45,13.06,--,13,16978,卖盘
715,14:18:42,13.06,-0.02,1,1306,卖盘
716,14:18:39,13.08,0.02,959,1254372,买盘
717,14:18:33,13.06,--,338,441428,买盘
718,14:18:30,13.06,--,229,299074,买盘
719,14:18:27,13.06,0.01,100,130600,买盘
720,14:18:24,13.05,--,361,471105,买盘
721,14:18:21,13.05,--,422,550710,买盘
722,14:18:18,13.05,0.01,60,78300,买盘
723,14:18:12,13.04,0.02,955,1245320,买盘
724,14:18:09,13.02,-0.02,402,523404,卖盘
725,14:18:03,13.04,0.02,377,491607,买盘
726,14:18:00,13.02,-0.01,313,407526,卖盘
727,14:17:57,13.03,--,10,13030,卖盘
728,14:17:51,13.03,--,30,39090,卖盘
729,14:17:45,13.03,-0.01,37,48211,卖盘
730,14:17:42,13.04,0.01,22,28687,买盘
731,14:17:39,13.03,-0.01,19,24757,卖盘
732,14:17:36,13.04,--,25,32599,买盘
733,14:17:33,13.04,--,54,70416,买盘
734,14:17:30,13.04,--,17,22168,买盘
735,14:17:27,13.04,--,21,27384,买盘
736,14:17:24,13.04,--,10,13040,买盘
737,14:17:18,13.04,-0.01,2,2608,中性盘
738,14:17:12,13.05,--,352,459360,买盘
739,14:17:09,13.05,0.01,444,579420,买盘
740,14:17:06,13.04,-0.01,35,45640,卖盘
741,14:16:57,13.05,--,2,2610,买盘
742,14:16:54,13.05,--,40,52200,买盘
743,14:16:48,13.05,0.01,6,7830,买盘
744,14:16:45,13.04,-0.01,11,14343,卖盘
745,14:16:42,13.05,0.01,53,69165,买盘
746,14:16:39,13.04,-0.01,8,10432,中性盘
747,14:16:36,13.05,--,34,44370,买盘
748,14:16:33,13.05,0.01,160,208800,买盘
749,14:16:30,13.04,-0.01,1,1304,卖盘
750,14:16:27,13.05,0.01,10,13050,买盘
751,14:16:24,13.04,--,18,23472,卖盘
752,14:16:21,13.04,--,102,133008,卖盘
753,14:16:18,13.04,--,25,32599,卖盘
754,14:16:15,13.04,--,4,5216,卖盘
755,14:16:12,13.04,--,1,1304,卖盘
756,14:16:09,13.04,--,47,61287,买盘
757,14:16:03,13.04,--,20,26080,买盘
758,14:16:00,13.04,--,18,23472,买盘
759,14:15:57,13.04,--,84,109536,买盘
760,14:15:54,13.04,0.01,19,24776,买盘
761,14:15:51,13.03,--,12,15636,卖盘
762,14:15:45,13.03,--,6,7818,卖盘
763,14:15:42,13.03,--,14,18242,买盘
764,14:15:39,13.03,--,61,79483,卖盘
765,14:15:36,13.03,0.01,14,18242,买盘
766,14:15:27,13.02,-0.02,1,1302,卖盘
767,14:15:24,13.04,0.01,34,44336,买盘
768,14:15:21,13.03,0.01,10,13030,中性盘
769,14:15:18,13.02,-0.02,243,316386,卖盘
770,14:15:15,13.04,--,211,275144,买盘
771,14:15:12,13.04,0.01,198,258191,买盘
772,14:15:06,13.03,--,77,100331,卖盘
773,14:15:03,13.03,--,19,24757,卖盘
774,14:14:57,13.03,--,32,41696,卖盘
775,14:14:54,13.03,--,497,647591,卖盘
776,14:14:51,13.03,--,21,27363,卖盘
777,14:14:48,13.03,--,2,2606,卖盘
778,14:14:45,13.03,--,55,71665,卖盘
779,14:14:42,13.03,--,324,422172,买盘
780,14:14:39,13.03,0.01,9,11727,买盘
781,14:14:36,13.02,--,18,23436,卖盘
782,14:14:33,13.02,-0.01,94,122388,卖盘
783,14:14:27,13.03,0.01,2,2606,买盘
784,14:14:24,13.02,--,8,10416,卖盘
785,14:14:21,13.02,--,170,221340,卖盘
786,14:14:18,13.02,--,33,42966,卖盘
787,14:14:12,13.02,--,21,27342,卖盘
788,14:14:09,13.02,--,5,6510,卖盘
789,14:14:03,13.02,--,17,22134,卖盘
790,14:14:00,13.02,--,15,19530,卖盘
791,14:13:57,13.02,--,190,247380,卖盘
792,14:13:54,13.02,-0.01,13,16926,卖盘
793,14:13:51,13.03,--,23,29969,买盘
794,14:13:48,13.03,0.01,10,13030,买盘
795,14:13:45,13.02,-0.01,291,378882,卖盘
796,14:13:42,13.03,0.01,125,162875,买盘
797,14:13:39,13.02,--,10,13020,卖盘
798,14:13:36,13.02,-0.01,55,71610,卖盘
799,14:13:33,13.03,0.01,8,10424,买盘
800,14:13:30,13.02,--,7,9114,卖盘
801,14:13:27,13.02,-0.01,39,50778,卖盘
802,14:13:24,13.03,0.01,8,10424,买盘
803,14:13:21,13.02,--,316,411432,卖盘
804,14:13:18,13.02,--,2,2604,卖盘
805,14:13:15,13.02,--,107,139314,卖盘
806,14:13:12,13.02,--,465,605430,买盘
807,14:13:09,13.02,0.01,16,20832,买盘
808,14:13:06,13.01,-0.01,217,282317,卖盘
809,14:13:03,13.02,--,33,42966,买盘
810,14:13:00,13.02,--,37,48174,卖盘
811,14:12:57,13.02,--,418,544236,卖盘
812,14:12:54,13.02,--,39,50778,卖盘
813,14:12:48,13.02,--,84,109368,卖盘
814,14:12:45,13.02,--,4,5208,卖盘
815,14:12:42,13.02,--,81,105462,卖盘
816,14:12:39,13.02,-0.01,6,7812,卖盘
817,14:12:30,13.03,--,124,161572,买盘
818,14:12:27,13.03,--,103,134209,买盘
819,14:12:24,13.03,--,256,333568,卖盘
820,14:12:21,13.03,--,19,24757,卖盘
821,14:12:18,13.03,-0.01,15,19545,卖盘
822,14:12:12,13.04,0.01,18,23472,买盘
823,14:12:09,13.03,--,8,10424,卖盘
824,14:12:06,13.03,-0.01,11,14333,卖盘
825,14:12:03,13.04,0.01,10,13040,买盘
826,14:12:00,13.03,--,34,44302,卖盘
827,14:11:57,13.03,--,190,247570,卖盘
828,14:11:54,13.03,--,1,1303,卖盘
829,14:11:48,13.03,--,14,18242,卖盘
830,14:11:45,13.03,--,5,6515,卖盘
831,14:11:42,13.03,--,7,9121,卖盘
832,14:11:39,13.03,-0.01,68,88604,卖盘
833,14:11:36,13.04,--,31,40424,买盘
834,14:11:33,13.04,0.01,110,143440,买盘
835,14:11:27,13.03,--,1,1303,卖盘
836,14:11:24,13.03,-0.01,13,16939,卖盘
837,14:11:21,13.04,--,3,3911,买盘
838,14:11:18,13.04,0.01,228,297312,买盘
839,14:11:15,13.03,--,299,389597,卖盘
840,14:11:12,13.03,-0.01,3,3909,卖盘
841,14:11:06,13.04,--,4,5216,买盘
842,14:11:03,13.04,0.01,19,24776,中性盘
843,14:11:00,13.03,-0.01,104,135512,卖盘
844,14:10:57,13.04,--,37,48248,卖盘
845,14:10:54,13.04,--,8,10432,卖盘
846,14:10:51,13.04,--,1,1304,卖盘
847,14:10:45,13.04,--,35,45640,卖盘
848,14:10:42,13.04,--,21,27384,卖盘
849,14:10:39,13.04,-0.02,1,1304,卖盘
850,14:10:36,13.06,0.02,1,1306,中性盘
851,14:10:30,13.04,-0.02,1046,1363984,卖盘
852,14:10:27,13.06,-0.01,4,5224,卖盘
853,14:10:24,13.07,--,12,15684,买盘
854,14:10:21,13.07,0.01,2,2614,买盘
855,14:10:12,13.06,--,10,13060,卖盘
856,14:10:09,13.06,-0.01,51,66606,卖盘
857,14:10:06,13.07,--,50,65350,买盘
858,14:10:03,13.07,0.01,18,23526,买盘
859,14:10:00,13.06,-0.02,6,7836,卖盘
860,14:09:57,13.08,0.01,20,26160,买盘
861,14:09:54,13.07,--,15,19605,卖盘
862,14:09:51,13.07,-0.01,5,6535,卖盘
863,14:09:48,13.08,0.01,50,65400,买盘
864,14:09:45,13.07,-0.01,52,67964,买盘
865,14:09:42,13.08,0.01,184,240672,买盘
866,14:09:39,13.07,-0.01,47,61429,卖盘
867,14:09:36,13.08,0.01,10,13080,买盘
868,14:09:27,13.07,-0.01,65,84955,卖盘
869,14:09:24,13.08,--,79,103332,卖盘
870,14:09:21,13.08,-0.01,49,64092,卖盘
871,14:09:18,13.09,0.01,25,32725,买盘
872,14:09:15,13.08,--,56,73248,卖盘
873,14:09:09,13.08,--,14,18312,卖盘
874,14:09:06,13.08,--,48,62784,买盘
875,14:09:00,13.08,0.01,21,27468,买盘
876,14:08:57,13.07,0.01,1,1307,卖盘
877,14:08:54,13.06,-0.02,1,1306,卖盘
878,14:08:51,13.08,0.02,504,659232,买盘
879,14:08:48,13.06,--,19,24814,卖盘
880,14:08:45,13.06,--,2,2612,卖盘
881,14:08:42,13.06,--,45,58770,卖盘
882,14:08:39,13.06,--,1,1306,卖盘
883,14:08:36,13.06,-0.01,231,301686,卖盘
884,14:08:33,13.07,0.01,34,44438,买盘
885,14:08:30,13.06,--,44,57464,买盘
886,14:08:27,13.06,0.01,105,137130,买盘
887,14:08:24,13.05,-0.01,37,48285,卖盘
888,14:08:21,13.06,0.01,9,11754,买盘
889,14:08:15,13.05,--,30,39150,卖盘
890,14:08:09,13.05,--,14,18270,卖盘
891,14:08:06,13.05,0.01,43,56115,买盘
892,14:07:57,13.04,-0.02,1,1304,卖盘
893,14:07:54,13.06,--,211,275566,买盘
894,14:07:51,13.06,--,15,19590,卖盘
895,14:07:48,13.06,--,2,2612,卖盘
896,14:07:42,13.06,--,2,2612,卖盘
897,14:07:39,13.06,0.01,110,143660,中性盘
898,14:07:36,13.05,-0.02,10,13050,卖盘
899,14:07:33,13.07,--,5,6535,买盘
900,14:07:30,13.07,--,4,5228,买盘
901,14:07:24,13.07,0.01,237,309759,买盘
902,14:07:21,13.06,-0.01,88,114928,卖盘
903,14:07:18,13.07,--,8,10456,买盘
904,14:07:09,13.07,-0.01,26,33982,卖盘
905,14:07:06,13.08,--,2,2616,买盘
906,14:07:03,13.08,0.01,47,61476,买盘
907,14:07:00,13.07,--,46,60122,卖盘
908,14:06:57,13.07,-0.01,35,45745,卖盘
909,14:06:54,13.08,0.01,102,133416,买盘
910,14:06:51,13.07,--,48,62736,卖盘
911,14:06:48,13.07,--,144,188208,卖盘
912,14:06:45,13.07,--,35,45745,卖盘
913,14:06:42,13.07,--,127,165989,卖盘
914,14:06:39,13.07,-0.01,41,53587,卖盘
915,14:06:36,13.08,0.01,30,39240,买盘
916,14:06:33,13.07,--,48,62736,卖盘
917,14:06:27,13.07,--,36,47052,卖盘
918,14:06:24,13.07,-0.01,198,258786,卖盘
919,14:06:21,13.08,--,78,102024,卖盘
920,14:06:18,13.08,-0.01,22,28776,卖盘
921,14:06:12,13.09,--,66,86394,卖盘
922,14:06:09,13.09,--,34,44506,卖盘
923,14:06:06,13.09,--,24,31416,卖盘
924,14:06:03,13.09,-0.01,2,2618,卖盘
925,14:06:00,13.1,--,34,44540,买盘
926,14:05:57,13.1,--,61,79910,买盘
927,14:05:54,13.1,0.01,8,10480,买盘
928,14:05:51,13.09,--,9,11781,卖盘
929,14:05:48,13.09,--,8,10472,卖盘
930,14:05:42,13.09,-0.01,58,75922,卖盘
931,14:05:36,13.1,--,42,55020,买盘
932,14:05:33,13.1,-0.01,72,94320,卖盘
933,14:05:30,13.11,0.02,1,1311,买盘
934,14:05:27,13.09,-0.01,32,41888,卖盘
935,14:05:24,13.1,0.01,4,5240,买盘
936,14:05:21,13.09,-0.01,19,24871,卖盘
937,14:05:18,13.1,-0.01,152,199120,卖盘
938,14:05:15,13.11,0.01,3,3933,买盘
939,14:05:12,13.1,--,4,5240,卖盘
940,14:05:09,13.1,-0.01,517,677270,卖盘
941,14:05:06,13.11,0.02,65,85215,买盘
942,14:05:03,13.09,-0.02,356,466004,卖盘
943,14:05:00,13.11,0.01,15,19665,买盘
944,14:04:57,13.1,--,80,104800,卖盘
945,14:04:54,13.1,--,22,28820,卖盘
946,14:04:51,13.1,-0.02,143,187330,卖盘
947,14:04:48,13.12,--,854,1120448,买盘
948,14:04:45,13.12,--,60,78720,买盘
949,14:04:42,13.12,--,66,86592,买盘
950,14:04:39,13.12,--,554,726848,买盘
951,14:04:36,13.12,0.01,138,181056,买盘
952,14:04:33,13.11,-0.01,360,471960,卖盘
953,14:04:30,13.12,0.01,233,305696,买盘
954,14:04:27,13.11,--,118,154698,卖盘
955,14:04:24,13.11,-0.01,11,14421,卖盘
956,14:04:21,13.12,0.01,135,177120,买盘
957,14:04:18,13.11,-0.01,48,62928,卖盘
958,14:04:15,13.12,0.02,511,670432,买盘
959,14:04:12,13.1,-0.01,33,43230,卖盘
960,14:04:09,13.11,0.01,21,27531,买盘
961,14:04:06,13.1,--,22,28820,卖盘
962,14:04:03,13.1,0.01,204,267240,买盘
963,14:04:00,13.09,-0.01,1,1309,中性盘
964,14:03:57,13.1,0.01,510,668100,买盘
965,14:03:54,13.09,--,98,128282,卖盘
966,14:03:51,13.09,-0.01,20,26180,卖盘
967,14:03:48,13.1,--,111,145410,卖盘
968,14:03:45,13.1,0.01,438,573780,买盘
969,14:03:42,13.09,0.01,202,264418,买盘
970,14:03:39,13.08,0.01,421,550668,买盘
971,14:03:36,13.07,-0.01,10,13070,卖盘
972,14:03:30,13.08,0.01,60,78480,买盘
973,14:03:27,13.07,--,56,73192,买盘
974,14:03:24,13.07,--,11,14377,买盘
975,14:03:21,13.07,0.01,415,542405,卖盘
976,14:03:18,13.06,-0.01,10,13060,卖盘
977,14:03:15,13.07,--,51,66657,卖盘
978,14:03:12,13.07,--,10,13070,卖盘
979,14:03:09,13.07,--,24,31368,买盘
980,14:03:06,13.07,--,87,113709,卖盘
981,14:03:03,13.07,--,48,62736,卖盘
982,14:03:00,13.07,--,163,213041,卖盘
983,14:02:57,13.07,--,96,125472,卖盘
984,14:02:54,13.07,--,81,105867,卖盘
985,14:02:51,13.07,--,199,260093,卖盘
986,14:02:48,13.07,--,3,3921,卖盘
987,14:02:45,13.07,-0.01,74,96718,卖盘
988,14:02:42,13.08,0.01,16,20928,中性盘
989,14:02:39,13.07,--,31,40517,卖盘
990,14:02:36,13.07,-0.01,242,316294,卖盘
991,14:02:33,13.08,--,105,137340,卖盘
992,14:02:30,13.08,--,15,19620,卖盘
993,14:02:27,13.08,--,214,279912,买盘
994,14:02:21,13.08,--,4,5232,买盘
995,14:02:18,13.08,--,226,295608,买盘
996,14:02:15,13.08,--,314,410712,卖盘
997,14:02:12,13.08,--,176,230208,卖盘
998,14:02:09,13.08,--,215,281220,卖盘
999,14:02:06,13.08,--,161,210588,卖盘
1000,14:02:03,13.08,--,24,31392,卖盘
1001,14:02:00,13.08,--,201,262908,卖盘
1002,14:01:57,13.08,--,72,94176,卖盘
1003,14:01:54,13.08,-0.01,54,70632,卖盘
1004,14:01:51,13.09,--,100,130900,买盘
1005,14:01:48,13.09,--,13,17017,买盘
1006,14:01:45,13.09,0.01,82,107338,买盘
1007,14:01:42,13.08,--,39,51012,卖盘
1008,14:01:39,13.08,--,140,183120,卖盘
1009,14:01:36,13.08,-0.01,12,15696,卖盘
1010,14:01:33,13.09,--,5,6545,买盘
1011,14:01:30,13.09,--,21,27489,卖盘
1012,14:01:27,13.09,0.01,785,1027565,买盘
1013,14:01:24,13.08,--,1,1308,卖盘
1014,14:01:21,13.08,--,255,333540,卖盘
1015,14:01:18,13.08,-0.01,29,37932,卖盘
1016,14:01:15,13.09,--,65,85085,买盘
1017,14:01:12,13.09,--,68,89012,买盘
1018,14:01:09,13.09,0.01,39,51051,买盘
1019,14:01:06,13.08,-0.01,237,309996,卖盘
1020,14:01:03,13.09,0.01,25,32725,中性盘
1021,14:01:00,13.08,-0.01,52,68016,卖盘
1022,14:00:57,13.09,-0.01,306,400554,卖盘
1023,14:00:54,13.1,--,762,998220,买盘
1024,14:00:51,13.1,--,40,52400,买盘
1025,14:00:48,13.1,--,48,62880,买盘
1026,14:00:45,13.1,0.02,238,311780,买盘
1027,14:00:42,13.08,--,36,47088,卖盘
1028,14:00:39,13.08,--,31,40548,卖盘
1029,14:00:36,13.08,-0.02,185,241980,卖盘
1030,14:00:33,13.1,0.02,1068,1399080,买盘
1031,14:00:30,13.08,-0.02,122,159576,卖盘
1032,14:00:27,13.1,--,38,49780,买盘
1033,14:00:24,13.1,--,106,138860,买盘
1034,14:00:21,13.1,0.01,552,723120,买盘
1035,14:00:18,13.09,-0.01,589,771001,卖盘
1036,14:00:15,13.1,--,518,678580,买盘
1037,14:00:12,13.1,0.01,178,233180,买盘
1038,14:00:09,13.09,-0.01,531,695079,卖盘
1039,14:00:06,13.1,0.01,659,863290,买盘
1040,14:00:03,13.09,--,20,26180,卖盘
1041,14:00:00,13.09,0.02,2036,2665124,买盘
1042,13:59:57,13.07,--,23,30061,卖盘
1043,13:59:54,13.07,-0.01,100,130700,卖盘
1044,13:59:51,13.08,0.01,510,667080,买盘
1045,13:59:48,13.07,--,66,86262,卖盘
1046,13:59:45,13.07,--,304,397328,买盘
1047,13:59:42,13.07,0.01,67,87569,买盘
1048,13:59:39,13.06,-0.01,63,82278,卖盘
1049,13:59:36,13.07,-0.01,313,409091,卖盘
1050,13:59:33,13.08,--,69,90252,买盘
1051,13:59:27,13.08,0.02,202,264216,买盘
1052,13:59:24,13.06,-0.01,125,163250,卖盘
1053,13:59:21,13.07,--,226,295382,买盘
1054,13:59:18,13.07,--,70,91490,买盘
1055,13:59:15,13.07,0.01,2,2614,买盘
1056,13:59:09,13.06,--,378,493668,买盘
1057,13:59:06,13.06,0.01,17,22202,买盘
1058,13:59:03,13.05,-0.01,76,99180,卖盘
1059,13:58:57,13.06,0.01,939,1226569,买盘
1060,13:58:54,13.05,--,40,52200,买盘
1061,13:58:51,13.05,0.01,64,83520,买盘
1062,13:58:48,13.04,-0.01,21,27384,卖盘
1063,13:58:45,13.05,0.01,380,495900,买盘
1064,13:58:42,13.04,0.01,58,75632,买盘
1065,13:58:39,13.03,--,13,16939,卖盘
1066,13:58:36,13.03,-0.01,14,18242,卖盘
1067,13:58:33,13.04,0.01,14,18256,买盘
1068,13:58:30,13.03,--,72,93816,买盘
1069,13:58:27,13.03,0.01,33,42999,买盘
1070,13:58:24,13.02,--,10,13020,卖盘
1071,13:58:21,13.02,-0.01,164,213528,卖盘
1072,13:58:18,13.03,0.01,22,28666,买盘
1073,13:58:15,13.02,-0.01,21,27342,卖盘
1074,13:58:12,13.03,0.01,19,24757,买盘
1075,13:58:09,13.02,-0.01,275,358831,卖盘
1076,13:58:06,13.03,--,12,15636,买盘
1077,13:58:03,13.03,--,61,79483,买盘
1078,13:58:00,13.03,0.01,11,14333,买盘
1079,13:57:54,13.02,--,33,42966,卖盘
1080,13:57:51,13.02,--,116,151032,卖盘
1081,13:57:48,13.02,--,114,148428,买盘
1082,13:57:45,13.02,--,26,33852,买盘
1083,13:57:42,13.02,--,96,124992,买盘
1084,13:57:39,13.02,-0.01,113,147126,卖盘
1085,13:57:36,13.03,0.01,191,248873,买盘
1086,13:57:33,13.02,--,148,192696,卖盘
1087,13:57:30,13.02,--,156,203112,卖盘
1088,13:57:27,13.02,--,90,117180,卖盘
1089,13:57:24,13.02,0.01,279,363258,买盘
1090,13:57:21,13.01,-0.01,13,16913,卖盘
1091,13:57:18,13.02,0.01,21,27342,买盘
1092,13:57:15,13.01,-0.01,21,27321,卖盘
1093,13:57:12,13.02,--,318,414036,买盘
1094,13:57:09,13.02,--,30,39060,买盘
1095,13:57:06,13.02,--,87,113274,买盘
1096,13:57:03,13.02,--,12,15624,买盘
1097,13:57:00,13.02,0.01,36,46872,买盘
1098,13:56:57,13.01,-0.01,30,39030,卖盘
1099,13:56:54,13.02,--,99,128898,买盘
1100,13:56:51,13.02,--,233,303366,买盘
1101,13:56:48,13.02,0.01,831,1081962,买盘
1102,13:56:45,13.01,--,5,6505,卖盘
1103,13:56:42,13.01,-0.01,28,36428,卖盘
1104,13:56:39,13.02,0.01,18,23436,买盘
1105,13:56:36,13.01,-0.01,83,107983,中性盘
1106,13:56:33,13.02,--,160,208320,买盘
1107,13:56:30,13.02,--,97,126294,买盘
1108,13:56:27,13.02,--,227,295554,买盘
1109,13:56:24,13.02,0.01,64,83328,买盘
1110,13:56:18,13.01,-0.01,69,89769,中性盘
1111,13:56:15,13.02,0.02,63,82026,买盘
1112,13:56:09,13.0,-0.02,1,1300,卖盘
1113,13:56:06,13.02,--,19,24738,买盘
1114,13:56:03,13.02,0.02,144,187488,买盘
1115,13:56:00,13.0,--,42,54600,买盘
1116,13:55:57,13.0,--,1049,1363700,买盘
1117,13:55:54,13.0,--,55,71500,买盘
1118,13:55:51,13.0,--,33,42900,买盘
1119,13:55:48,13.0,--,28,36400,买盘
1120,13:55:45,13.0,--,33,42900,买盘
1121,13:55:42,13.0,--,6,7800,买盘
1122,13:55:39,13.0,0.01,17,22100,买盘
1123,13:55:36,12.99,--,16,20784,卖盘
1124,13:55:33,12.99,--,1,1299,卖盘
1125,13:55:30,12.99,-0.01,8,10392,卖盘
1126,13:55:27,13.0,0.01,17,22100,买盘
1127,13:55:24,12.99,-0.01,14,18186,卖盘
1128,13:55:21,13.0,0.01,11,14300,买盘
1129,13:55:18,12.99,-0.01,3,3897,卖盘
1130,13:55:15,13.0,--,16,20800,买盘
1131,13:55:12,13.0,--,70,91000,买盘
1132,13:55:09,13.0,0.01,41,53300,买盘
1133,13:55:06,12.99,-0.01,6,7794,卖盘
1134,13:55:03,13.0,--,1005,1306500,买盘
1135,13:54:57,13.0,--,102,132600,买盘
1136,13:54:51,13.0,--,6,7800,买盘
1137,13:54:48,13.0,0.01,21,27300,买盘
1138,13:54:45,12.99,-0.01,1,1299,卖盘
1139,13:54:42,13.0,--,71,92300,买盘
1140,13:54:39,13.0,--,11,14300,买盘
1141,13:54:36,13.0,0.01,10,13000,买盘
1142,13:54:33,12.99,-0.01,3,3897,中性盘
1143,13:54:30,13.0,0.01,215,279500,买盘
1144,13:54:27,12.99,-0.01,8,10392,卖盘
1145,13:54:24,13.0,--,267,347100,买盘
1146,13:54:21,13.0,0.02,75,97500,买盘
1147,13:54:18,12.98,--,103,133694,卖盘
1148,13:54:15,12.98,-0.02,16,20768,卖盘
1149,13:54:12,13.0,0.02,13,16900,买盘
1150,13:54:09,12.98,-0.02,21,27258,卖盘
1151,13:54:06,13.0,0.01,11,14300,买盘
1152,13:54:03,12.99,--,22,28578,买盘
1153,13:54:00,12.99,--,66,85734,卖盘
1154,13:53:51,12.99,--,150,194850,买盘
1155,13:53:48,12.99,0.01,34,44166,买盘
1156,13:53:45,12.98,-0.01,58,75284,卖盘
1157,13:53:42,12.99,--,14,18186,买盘
1158,13:53:39,12.99,--,72,93528,买盘
1159,13:53:36,12.99,--,11,14289,买盘
1160,13:53:33,12.99,--,12,15588,买盘
1161,13:53:27,12.99,--,201,261099,买盘
1162,13:53:24,12.99,--,250,324750,买盘
1163,13:53:21,12.99,--,10,12990,买盘
1164,13:53:18,12.99,0.01,173,224727,买盘
1165,13:53:15,12.98,-0.01,2,2596,卖盘
1166,13:53:12,12.99,--,7,9093,买盘
1167,13:53:09,12.99,--,24,31176,买盘
1168,13:53:06,12.99,--,46,59754,买盘
1169,13:53:00,12.99,0.01,8,10392,买盘
1170,13:52:57,12.98,-0.01,10,12980,卖盘
1171,13:52:54,12.99,0.01,96,124704,买盘
1172,13:52:51,12.98,--,77,99946,卖盘
1173,13:52:48,12.98,--,11,14278,卖盘
1174,13:52:45,12.98,-0.01,78,101244,卖盘
1175,13:52:42,12.99,0.01,204,264996,买盘
1176,13:52:39,12.98,--,25,32450,卖盘
1177,13:52:36,12.98,-0.01,2,2596,卖盘
1178,13:52:33,12.99,--,5,6495,买盘
1179,13:52:30,12.99,--,15,19485,买盘
1180,13:52:27,12.99,0.01,12,15588,买盘
1181,13:52:24,12.98,-0.01,21,27258,卖盘
1182,13:52:21,12.99,--,2,2598,买盘
1183,13:52:18,12.99,0.01,4,5196,买盘
1184,13:52:12,12.98,--,1,1298,卖盘
1185,13:52:09,12.98,-0.01,7,9086,卖盘
1186,13:52:06,12.99,--,26,33774,买盘
1187,13:52:00,12.99,0.01,15,19485,买盘
1188,13:51:57,12.98,--,16,20768,卖盘
1189,13:51:54,12.98,--,19,24662,卖盘
1190,13:51:51,12.98,--,43,55814,卖盘
1191,13:51:48,12.98,0.01,21,27258,中性盘
1192,13:51:42,12.97,--,4,5188,卖盘
1193,13:51:39,12.97,-0.02,237,307389,卖盘
1194,13:51:36,12.99,--,9,11691,买盘
1195,13:51:33,12.99,0.01,65,84435,买盘
1196,13:51:30,12.98,-0.01,6,7788,卖盘
1197,13:51:27,12.99,--,121,157179,买盘
1198,13:51:24,12.99,--,2,2598,买盘
1199,13:51:21,12.99,0.01,612,794988,买盘
1200,13:51:18,12.98,--,9,11682,卖盘
1201,13:51:15,12.98,-0.01,1,1817,卖盘
1202,13:51:12,12.99,0.01,24,31176,买盘
1203,13:51:09,12.98,--,12,15576,卖盘
1204,13:51:03,12.98,--,93,120714,卖盘
1205,13:51:00,12.98,-0.01,361,468578,卖盘
1206,13:50:57,12.99,--,63,81837,买盘
1207,13:50:54,12.99,0.01,50,64950,买盘
1208,13:50:51,12.98,--,4,5192,卖盘
1209,13:50:48,12.98,--,2,2596,卖盘
1210,13:50:45,12.98,--,52,67496,卖盘
1211,13:50:42,12.98,-0.01,429,556842,卖盘
1212,13:50:39,12.99,0.01,2,2598,买盘
1213,13:50:36,12.98,--,2,2596,卖盘
1214,13:50:33,12.98,-0.01,250,324500,卖盘
1215,13:50:30,12.99,--,30,38970,买盘
1216,13:50:27,12.99,--,21,27279,买盘
1217,13:50:24,12.99,0.01,1,1299,买盘
1218,13:50:21,12.98,-0.01,3,3894,卖盘
1219,13:50:18,12.99,--,25,32475,买盘
1220,13:50:15,12.99,0.01,17,22083,买盘
1221,13:50:12,12.98,--,16,20768,卖盘
1222,13:50:09,12.98,-0.01,292,379016,卖盘
1223,13:50:06,12.99,0.01,18,23382,买盘
1224,13:50:03,12.98,-0.01,110,142780,卖盘
1225,13:50:00,12.99,0.01,1,1299,买盘
1226,13:49:54,12.98,--,98,127204,卖盘
1227,13:49:51,12.98,-0.01,25,32450,卖盘
1228,13:49:48,12.99,--,60,77940,买盘
1229,13:49:45,12.99,--,16,20784,买盘
1230,13:49:42,12.99,0.01,9,11691,买盘
1231,13:49:39,12.98,--,1,1298,卖盘
1232,13:49:36,12.98,--,2,2596,卖盘
1233,13:49:33,12.98,-0.01,1,1298,卖盘
1234,13:49:30,12.99,0.01,7,9093,买盘
1235,13:49:24,12.98,--,93,120714,卖盘
1236,13:49:21,12.98,--,25,32450,卖盘
1237,13:49:18,12.98,--,9,11682,卖盘
1238,13:49:15,12.98,--,20,25960,卖盘
1239,13:49:12,12.98,-0.01,2,2596,卖盘
1240,13:49:09,12.99,--,109,141591,买盘
1241,13:49:06,12.99,--,16,20784,买盘
1242,13:49:03,12.99,--,23,29877,买盘
1243,13:49:00,12.99,--,30,38970,买盘
1244,13:48:57,12.99,--,7,9093,买盘
1245,13:48:54,12.99,0.01,2,2598,买盘
1246,13:48:51,12.98,-0.01,50,64900,卖盘
1247,13:48:48,12.99,--,25,32475,买盘
1248,13:48:45,12.99,--,43,55857,买盘
1249,13:48:42,12.99,0.01,6,7794,买盘
1250,13:48:39,12.98,--,456,591888,卖盘
1251,13:48:36,12.98,-0.01,56,72688,卖盘
1252,13:48:30,12.99,--,17,22083,买盘
1253,13:48:27,12.99,0.01,14,18186,买盘
1254,13:48:24,12.98,--,77,99946,卖盘
1255,13:48:21,12.98,--,11,14278,卖盘
1256,13:48:18,12.98,-0.01,33,42834,卖盘
1257,13:48:15,12.99,0.01,2,2598,买盘
1258,13:48:12,12.98,--,1,1298,卖盘
1259,13:48:09,12.98,-0.01,63,81774,卖盘
1260,13:48:06,12.99,0.01,9,11691,买盘
1261,13:48:03,12.98,-0.01,6,7788,卖盘
1262,13:48:00,12.99,--,3,3897,买盘
1263,13:47:54,12.99,0.01,9,11691,买盘
1264,13:47:51,12.98,-0.01,66,85668,卖盘
1265,13:47:48,12.99,0.01,12,15588,买盘
1266,13:47:45,12.98,--,3,3894,卖盘
1267,13:47:42,12.98,-0.01,7,9086,卖盘
1268,13:47:39,12.99,0.01,20,25980,买盘
1269,13:47:36,12.98,--,6,7788,卖盘
1270,13:47:33,12.98,-0.01,4,5192,卖盘
1271,13:47:27,12.99,0.01,8,10392,买盘
1272,13:47:24,12.98,--,11,14278,卖盘
1273,13:47:21,12.98,--,2,2596,卖盘
1274,13:47:18,12.98,0.01,608,789184,买盘
1275,13:47:15,12.97,-0.01,527,683519,卖盘
1276,13:47:12,12.98,0.01,93,120714,买盘
1277,13:47:09,12.97,-0.01,35,45395,卖盘
1278,13:47:06,12.98,0.01,2,2596,买盘
1279,13:47:03,12.97,-0.01,2,2594,卖盘
1280,13:47:00,12.98,--,21,27258,买盘
1281,13:46:57,12.98,0.01,16,20768,买盘
1282,13:46:54,12.97,--,101,130997,卖盘
1283,13:46:51,12.97,-0.01,14,18158,卖盘
1284,13:46:48,12.98,0.01,23,29854,买盘
1285,13:46:45,12.97,-0.01,20,25940,卖盘
1286,13:46:42,12.98,--,42,54516,买盘
1287,13:46:39,12.98,--,13,16874,买盘
1288,13:46:36,12.98,0.01,22,28556,买盘
1289,13:46:33,12.97,-0.01,4,5188,卖盘
1290,13:46:30,12.98,--,13,16874,买盘
1291,13:46:27,12.98,0.01,50,64900,买盘
1292,13:46:24,12.97,-0.01,45,58365,卖盘
1293,13:46:18,12.98,0.01,10,12980,买盘
1294,13:46:15,12.97,--,3,3891,卖盘
1295,13:46:12,12.97,--,1,1297,卖盘
1296,13:46:09,12.97,--,33,42801,卖盘
1297,13:46:06,12.97,--,112,145834,买盘
1298,13:46:03,12.97,--,51,66147,买盘
1299,13:46:00,12.97,--,386,500642,买盘
1300,13:45:57,12.97,--,108,140076,买盘
1301,13:45:54,12.97,0.01,367,475999,买盘
1302,13:45:51,12.96,-0.01,63,81648,卖盘
1303,13:45:48,12.97,0.01,15,19455,买盘
1304,13:45:45,12.96,-0.01,101,130896,卖盘
1305,13:45:42,12.97,--,90,116730,买盘
1306,13:45:39,12.97,--,59,76523,买盘
1307,13:45:36,12.97,--,254,329438,买盘
1308,13:45:33,12.97,--,30,38910,买盘
1309,13:45:24,12.97,--,23,29831,买盘
1310,13:45:21,12.97,--,25,32425,买盘
1311,13:45:18,12.97,0.01,130,168610,买盘
1312,13:45:15,12.96,--,120,155520,卖盘
1313,13:45:12,12.96,--,140,181440,卖盘
1314,13:45:09,12.96,-0.01,10,12960,卖盘
1315,13:45:03,12.97,--,101,130997,买盘
1316,13:45:00,12.97,0.01,43,55771,买盘
1317,13:44:57,12.96,-0.01,24,31104,卖盘
1318,13:44:54,12.97,0.01,20,25940,买盘
1319,13:44:51,12.96,--,3,3888,卖盘
1320,13:44:48,12.96,--,53,68688,卖盘
1321,13:44:45,12.96,-0.01,8,10368,卖盘
1322,13:44:42,12.97,--,239,309983,买盘
1323,13:44:39,12.97,-0.01,278,361292,卖盘
1324,13:44:36,12.98,0.01,51,66198,买盘
1325,13:44:33,12.97,--,33,42801,卖盘
1326,13:44:30,12.97,--,80,103760,卖盘
1327,13:44:24,12.97,--,35,45395,卖盘
1328,13:44:21,12.97,--,20,25940,卖盘
1329,13:44:18,12.97,--,3,3891,卖盘
1330,13:44:15,12.97,--,440,571250,买盘
1331,13:44:12,12.97,0.01,17,22049,买盘
1332,13:44:09,12.96,-0.01,32,41472,卖盘
1333,13:44:06,12.97,0.01,60,77820,买盘
1334,13:44:03,12.96,--,1,1296,卖盘
1335,13:44:00,12.96,--,92,119232,卖盘
1336,13:43:57,12.96,--,160,207930,卖盘
1337,13:43:54,12.96,--,40,51840,卖盘
1338,13:43:51,12.96,--,12,15552,卖盘
1339,13:43:48,12.96,--,12,15552,卖盘
1340,13:43:45,12.96,--,14,18144,卖盘
1341,13:43:42,12.96,--,9,11664,卖盘
1342,13:43:39,12.96,-0.01,2,2592,卖盘
1343,13:43:36,12.97,0.01,17,22049,买盘
1344,13:43:33,12.96,--,81,104976,卖盘
1345,13:43:30,12.96,--,285,370617,买盘
1346,13:43:27,12.96,--,11,14256,买盘
1347,13:43:24,12.96,--,15,19440,买盘
1348,13:43:21,12.96,--,55,71280,买盘
1349,13:43:18,12.96,--,110,142560,买盘
1350,13:43:15,12.96,--,20,25920,买盘
1351,13:43:12,12.96,--,1204,1560422,卖盘
1352,13:43:09,12.96,--,25,32400,卖盘
1353,13:43:06,12.96,-0.01,71,92016,卖盘
1354,13:43:00,12.97,0.01,5,6485,买盘
1355,13:42:57,12.96,--,5,6480,卖盘
1356,13:42:54,12.96,-0.01,20,25920,卖盘
1357,13:42:51,12.97,--,48,62256,买盘
1358,13:42:48,12.97,0.01,238,308686,买盘
1359,13:42:45,12.96,--,16,20736,卖盘
1360,13:42:42,12.96,-0.01,190,246240,卖盘
1361,13:42:39,12.97,0.01,8,10376,买盘
1362,13:42:36,12.96,-0.01,1,1296,卖盘
1363,13:42:33,12.97,0.01,21,27237,买盘
1364,13:42:30,12.96,-0.01,91,117936,卖盘
1365,13:42:27,12.97,--,4,5188,买盘
1366,13:42:24,12.97,--,72,93384,买盘
1367,13:42:21,12.97,--,14,18158,买盘
1368,13:42:18,12.97,--,5,6485,买盘
1369,13:42:15,12.97,0.01,99,128403,买盘
1370,13:42:12,12.96,-0.01,6,7776,卖盘
1371,13:42:09,12.97,--,153,198441,买盘
1372,13:42:06,12.97,--,125,162125,买盘
1373,13:42:03,12.97,0.01,31,40207,买盘
1374,13:42:00,12.96,-0.01,24,31104,卖盘
1375,13:41:57,12.97,0.01,1,1297,买盘
1376,13:41:54,12.96,-0.01,24,31104,卖盘
1377,13:41:51,12.97,0.01,10,12970,买盘
1378,13:41:48,12.96,--,107,139929,买盘
1379,13:41:45,12.96,--,278,360326,卖盘
1380,13:41:42,12.96,--,97,125712,卖盘
1381,13:41:39,12.96,--,3,3888,卖盘
1382,13:41:36,12.96,--,127,164592,卖盘
1383,13:41:33,12.96,--,37,47952,卖盘
1384,13:41:30,12.96,--,16,20736,卖盘
1385,13:41:27,12.96,--,53,68688,卖盘
1386,13:41:24,12.96,--,10,12960,卖盘
1387,13:41:18,12.96,--,155,200880,卖盘
1388,13:41:15,12.96,--,22,28512,卖盘
1389,13:41:12,12.96,--,6,7776,卖盘
1390,13:41:09,12.96,--,51,66096,卖盘
1391,13:41:06,12.96,--,880,1140480,卖盘
1392,13:41:03,12.96,--,41,53136,卖盘
1393,13:41:00,12.96,--,18,23328,卖盘
1394,13:40:57,12.96,--,8,10368,卖盘
1395,13:40:54,12.96,-0.01,434,562464,卖盘
1396,13:40:51,12.97,0.01,1,1297,买盘
1397,13:40:48,12.96,--,1,1296,卖盘
1398,13:40:45,12.96,--,6,7776,卖盘
1399,13:40:42,12.96,--,68,88128,卖盘
1400,13:40:39,12.96,--,23,29808,卖盘
1401,13:40:36,12.96,--,35,45360,卖盘
1402,13:40:33,12.96,--,14,18144,卖盘
1403,13:40:30,12.96,--,21,27216,卖盘
1404,13:40:24,12.96,-0.01,109,141264,卖盘
1405,13:40:21,12.97,0.01,10,12970,买盘
1406,13:40:18,12.96,-0.01,9,11664,卖盘
1407,13:40:15,12.97,0.01,53,68741,买盘
1408,13:40:12,12.96,--,16,20736,卖盘
1409,13:40:09,12.96,-0.01,62,80352,卖盘
1410,13:40:06,12.97,0.01,38,49286,买盘
1411,13:40:03,12.96,-0.01,298,386208,卖盘
1412,13:40:00,12.97,--,284,368348,买盘
1413,13:39:57,12.97,0.01,11,14267,买盘
1414,13:39:54,12.96,-0.01,25,32400,卖盘
1415,13:39:51,12.97,0.01,120,155640,买盘
1416,13:39:48,12.96,--,14,18144,卖盘
1417,13:39:45,12.96,-0.01,1,1296,卖盘
1418,13:39:39,12.97,--,2,2594,买盘
1419,13:39:36,12.97,0.01,10,12970,买盘
1420,13:39:33,12.96,--,36,46656,卖盘
1421,13:39:30,12.96,-0.01,9,11664,卖盘
1422,13:39:24,12.97,-0.01,127,165445,卖盘
1423,13:39:21,12.98,--,1019,1322662,买盘
1424,13:39:15,12.98,--,116,150568,买盘
1425,13:39:09,12.98,0.01,2,2596,买盘
1426,13:39:06,12.97,--,7,9079,卖盘
1427,13:39:03,12.97,--,40,51880,卖盘
1428,13:39:00,12.97,--,1,1297,卖盘
1429,13:38:48,12.97,-0.01,10,12970,卖盘
1430,13:38:45,12.98,0.01,42,54516,买盘
1431,13:38:42,12.97,-0.01,10,12970,卖盘
1432,13:38:39,12.98,0.01,57,73986,买盘
1433,13:38:36,12.97,-0.01,30,38910,卖盘
1434,13:38:33,12.98,0.01,85,110330,买盘
1435,13:38:30,12.97,-0.01,43,55771,卖盘
1436,13:38:27,12.98,0.01,2,2596,买盘
1437,13:38:24,12.97,-0.01,10,12970,卖盘
1438,13:38:21,12.98,0.01,13,16874,买盘
1439,13:38:18,12.97,--,12,15564,卖盘
1440,13:38:15,12.97,-0.01,3,3891,卖盘
1441,13:38:12,12.98,--,20,25960,买盘
1442,13:38:09,12.98,0.01,125,162250,买盘
1443,13:38:06,12.97,-0.01,239,309983,卖盘
1444,13:38:03,12.98,--,20,25960,买盘
1445,13:38:00,12.98,--,60,77880,买盘
1446,13:37:57,12.98,--,26,33748,买盘
1447,13:37:54,12.98,--,41,53218,买盘
1448,13:37:51,12.98,--,32,41536,买盘
1449,13:37:48,12.98,--,149,193402,卖盘
1450,13:37:45,12.98,--,5,6490,卖盘
1451,13:37:42,12.98,--,29,37642,买盘
1452,13:37:39,12.98,--,122,158356,买盘
1453,13:37:36,12.98,--,79,102542,卖盘
1454,13:37:33,12.98,-0.01,55,71390,卖盘
1455,13:37:30,12.99,0.01,96,124704,买盘
1456,13:37:27,12.98,-0.01,162,210276,卖盘
1457,13:37:21,12.99,0.01,10,12990,买盘
1458,13:37:18,12.98,--,61,79178,卖盘
1459,13:37:15,12.98,--,3,3894,卖盘
1460,13:37:12,12.98,--,31,40238,卖盘
1461,13:37:09,12.98,--,113,146674,卖盘
1462,13:37:06,12.98,-0.01,106,137588,卖盘
1463,13:37:03,12.99,0.01,57,74043,买盘
1464,13:37:00,12.98,--,11,14278,卖盘
1465,13:36:57,12.98,--,10,12980,卖盘
1466,13:36:54,12.98,--,10,12980,卖盘
1467,13:36:51,12.98,-0.01,27,35046,卖盘
1468,13:36:48,12.99,0.01,80,103920,买盘
1469,13:36:45,12.98,0.01,10,12980,中性盘
1470,13:36:42,12.97,-0.01,101,130997,卖盘
1471,13:36:39,12.98,--,47,61006,卖盘
1472,13:36:36,12.98,--,425,551650,卖盘
1473,13:36:33,12.98,0.01,20,25960,卖盘
1474,13:36:30,12.97,-0.01,5,6485,卖盘
1475,13:36:27,12.98,--,716,929368,卖盘
1476,13:36:18,12.98,--,1,1298,卖盘
1477,13:36:15,12.98,--,108,140755,买盘
1478,13:36:12,12.98,--,84,109032,买盘
1479,13:36:09,12.98,--,62,80476,买盘
1480,13:36:06,12.98,--,70,90860,买盘
1481,13:36:03,12.98,--,13,16874,买盘
1482,13:36:00,12.98,--,310,402380,买盘
1483,13:35:57,12.98,-0.01,765,993696,卖盘
1484,13:35:54,12.99,0.01,24,31176,买盘
1485,13:35:48,12.98,--,21,27258,卖盘
1486,13:35:45,12.98,--,13,16874,卖盘
1487,13:35:42,12.98,-0.01,3,3894,卖盘
1488,13:35:39,12.99,0.01,497,645603,买盘
1489,13:35:36,12.98,--,6,7788,卖盘
1490,13:35:30,12.98,-0.01,1,1298,卖盘
1491,13:35:24,12.99,--,5,6495,买盘
1492,13:35:21,12.99,0.01,16,20784,买盘
1493,13:35:18,12.98,--,39,50622,卖盘
1494,13:35:12,12.98,--,20,25960,卖盘
1495,13:35:09,12.98,--,20,25960,卖盘
1496,13:35:06,12.98,-0.01,1,1298,卖盘
1497,13:35:03,12.99,0.01,20,25980,买盘
1498,13:35:00,12.98,--,1,1298,卖盘
1499,13:34:54,12.98,-0.01,20,25960,卖盘
1500,13:34:51,12.99,0.01,10,12990,买盘
1501,13:34:48,12.98,--,14,18172,卖盘
1502,13:34:45,12.98,--,40,51920,卖盘
1503,13:34:42,12.98,--,36,46728,卖盘
1504,13:34:39,12.98,--,3,3894,卖盘
1505,13:34:36,12.98,--,1,1298,卖盘
1506,13:34:33,12.98,--,20,25960,卖盘
1507,13:34:30,12.98,--,332,431507,买盘
1508,13:34:27,12.98,--,132,171336,买盘
1509,13:34:24,12.98,0.01,38,49324,买盘
1510,13:34:21,12.97,-0.01,63,81711,卖盘
1511,13:34:18,12.98,-0.01,793,1030040,卖盘
1512,13:34:12,12.99,--,86,112285,买盘
1513,13:34:09,12.99,0.01,90,116910,买盘
1514,13:34:06,12.98,--,18,23364,卖盘
1515,13:34:00,12.98,--,37,48026,卖盘
1516,13:33:57,12.98,--,17,22066,卖盘
1517,13:33:51,12.98,--,17,22066,卖盘
1518,13:33:48,12.98,-0.01,6,7788,卖盘
1519,13:33:45,12.99,0.01,80,103920,买盘
1520,13:33:42,12.98,-0.01,10,12980,卖盘
1521,13:33:39,12.99,--,35,45465,买盘
1522,13:33:36,12.99,--,34,44166,买盘
1523,13:33:30,12.99,--,15,19485,买盘
1524,13:33:27,12.99,0.01,5,6495,买盘
1525,13:33:24,12.98,-0.01,11,14278,卖盘
1526,13:33:18,12.99,--,26,33774,买盘
1527,13:33:15,12.99,0.01,78,101322,买盘
1528,13:33:12,12.98,-0.01,37,48026,卖盘
1529,13:33:09,12.99,--,5,6495,买盘
1530,13:33:06,12.99,0.01,108,140292,买盘
1531,13:33:03,12.98,--,20,25960,卖盘
1532,13:33:00,12.98,--,14,18172,卖盘
1533,13:32:57,12.98,--,99,128502,卖盘
1534,13:32:54,12.98,--,108,140184,卖盘
1535,13:32:51,12.98,-0.01,64,83072,卖盘
1536,13:32:48,12.99,--,10,12990,买盘
1537,13:32:45,12.99,0.01,8,10392,买盘
1538,13:32:42,12.98,--,18,23364,卖盘
1539,13:32:39,12.98,--,2,2596,卖盘
1540,13:32:36,12.98,-0.01,6,7788,卖盘
1541,13:32:30,12.99,0.01,20,25980,买盘
1542,13:32:27,12.98,--,10,12980,卖盘
1543,13:32:24,12.98,-0.01,41,53218,卖盘
1544,13:32:21,12.99,0.01,2,2598,买盘
1545,13:32:18,12.98,-0.01,20,25960,卖盘
1546,13:32:15,12.99,--,16,20784,买盘
1547,13:32:09,12.99,0.01,3,3897,买盘
1548,13:32:06,12.98,-0.01,12,15576,卖盘
1549,13:32:00,12.99,0.01,50,64950,买盘
1550,13:31:57,12.98,-0.01,15,19470,卖盘
1551,13:31:54,12.99,--,44,57156,买盘
1552,13:31:48,12.99,--,4,5196,买盘
1553,13:31:45,12.99,--,13,16887,买盘
1554,13:31:42,12.99,0.01,63,81837,买盘
1555,13:31:39,12.98,--,550,713900,卖盘
1556,13:31:36,12.98,-0.01,17,22066,卖盘
1557,13:31:33,12.99,0.01,1,1299,买盘
1558,13:31:30,12.98,--,475,616550,卖盘
1559,13:31:27,12.98,--,37,48026,卖盘
1560,13:31:24,12.98,-0.01,51,66198,卖盘
1561,13:31:21,12.99,0.01,31,40269,买盘
1562,13:31:18,12.98,--,15,19470,卖盘
1563,13:31:12,12.98,--,34,44132,卖盘
1564,13:31:09,12.98,0.01,12,15576,卖盘
1565,13:31:06,12.97,--,1822,2363134,卖盘
1566,13:31:03,12.97,--,291,377427,卖盘
1567,13:31:00,12.97,--,70,90790,卖盘
1568,13:30:54,12.97,--,44,57068,卖盘
1569,13:30:51,12.97,--,13,16861,卖盘
1570,13:30:48,12.97,--,463,600511,买盘
1571,13:30:45,12.97,--,62,80414,买盘
1572,13:30:42,12.97,--,101,130997,买盘
1573,13:30:39,12.97,0.01,183,237351,买盘
1574,13:30:36,12.96,-0.01,11,14256,卖盘
1575,13:30:33,12.97,0.01,28,36316,买盘
1576,13:30:27,12.96,-0.01,14,18144,卖盘
1577,13:30:24,12.97,0.01,22,28534,买盘
1578,13:30:21,12.96,--,159,206064,卖盘
1579,13:30:18,12.96,-0.01,5,6480,卖盘
1580,13:30:15,12.97,0.01,150,194550,买盘
1581,13:30:12,12.96,-0.01,30,38880,卖盘
1582,13:30:09,12.97,--,114,147858,买盘
1583,13:30:06,12.97,--,74,95978,买盘
1584,13:30:03,12.97,0.01,153,198441,买盘
1585,13:30:00,12.96,--,9,11664,卖盘
1586,13:29:57,12.96,--,143,185328,卖盘
1587,13:29:54,12.96,-0.01,105,136080,卖盘
1588,13:29:51,12.97,--,17,22049,买盘
1589,13:29:48,12.97,0.01,81,105057,买盘
1590,13:29:45,12.96,--,10,12960,卖盘
1591,13:29:42,12.96,--,92,119232,卖盘
1592,13:29:39,12.96,0.01,797,1034169,买盘
1593,13:29:36,12.95,--,58,75110,买盘
1594,13:29:33,12.95,0.01,320,414400,买盘
1595,13:29:30,12.94,-0.01,160,207040,卖盘
1596,13:29:27,12.95,0.01,205,265475,买盘
1597,13:29:24,12.94,-0.01,45,58230,卖盘
1598,13:29:21,12.95,--,5,6475,买盘
1599,13:29:18,12.95,--,230,297850,买盘
1600,13:29:15,12.95,--,38,49210,买盘
1601,13:29:12,12.95,--,20,25900,卖盘
1602,13:29:09,12.95,-0.01,621,804195,卖盘
1603,13:29:06,12.96,0.01,641,830736,买盘
1604,13:29:03,12.95,-0.01,35,45325,卖盘
1605,13:29:00,12.96,0.01,214,277344,买盘
1606,13:28:57,12.95,--,84,108780,卖盘
1607,13:28:54,12.95,--,214,277130,卖盘
1608,13:28:51,12.95,--,264,341880,卖盘
1609,13:28:48,12.95,-0.01,55,71225,卖盘
1610,13:28:45,12.96,0.01,483,625968,买盘
1611,13:28:42,12.95,--,96,124320,卖盘
1612,13:28:39,12.95,-0.01,320,414400,卖盘
1613,13:28:36,12.96,0.01,539,698544,买盘
1614,13:28:30,12.95,--,84,108780,卖盘
1615,13:28:27,12.95,--,45,58275,卖盘
1616,13:28:24,12.95,-0.01,263,340585,卖盘
1617,13:28:21,12.96,--,103,133488,买盘
1618,13:28:18,12.96,--,73,94608,卖盘
1619,13:28:15,12.96,--,90,116640,卖盘
1620,13:28:12,12.96,--,46,59616,买盘
1621,13:28:09,12.96,--,133,172368,卖盘
1622,13:28:06,12.96,--,87,112752,卖盘
1623,13:28:03,12.96,--,24,31104,卖盘
1624,13:28:00,12.96,-0.01,669,867024,卖盘
1625,13:27:57,12.97,0.01,3,3891,买盘
1626,13:27:54,12.96,--,155,200880,卖盘
1627,13:27:51,12.96,-0.01,16,20736,卖盘
1628,13:27:48,12.97,0.01,84,108948,买盘
1629,13:27:45,12.96,--,52,67392,卖盘
1630,13:27:42,12.96,--,317,410832,卖盘
1631,13:27:39,12.96,--,23,29808,卖盘
1632,13:27:36,12.96,--,26,33696,卖盘
1633,13:27:33,12.96,--,80,103680,卖盘
1634,13:27:30,12.96,-0.01,200,259200,卖盘
1635,13:27:24,12.97,0.01,30,38910,买盘
1636,13:27:21,12.96,--,36,46656,卖盘
1637,13:27:18,12.96,--,1,1296,卖盘
1638,13:27:15,12.96,--,211,273456,卖盘
1639,13:27:12,12.96,--,29,37584,卖盘
1640,13:27:09,12.96,--,65,84240,卖盘
1641,13:27:06,12.96,--,30,38880,卖盘
1642,13:27:03,12.96,-0.01,24,31104,卖盘
1643,13:27:00,12.97,0.01,77,99869,买盘
1644,13:26:57,12.96,--,31,40176,卖盘
1645,13:26:54,12.96,-0.01,176,228096,卖盘
1646,13:26:51,12.97,--,204,264588,卖盘
1647,13:26:48,12.97,--,14,18158,卖盘
1648,13:26:45,12.97,--,107,138779,卖盘
1649,13:26:42,12.97,--,97,125809,卖盘
1650,13:26:39,12.97,--,303,392991,卖盘
1651,13:26:36,12.97,--,34,44098,卖盘
1652,13:26:33,12.97,--,419,543443,卖盘
1653,13:26:30,12.97,--,38,49286,卖盘
1654,13:26:27,12.97,--,20,25940,卖盘
1655,13:26:24,12.97,--,29,37613,卖盘
1656,13:26:21,12.97,--,135,175095,卖盘
1657,13:26:18,12.97,--,2,2594,卖盘
1658,13:26:15,12.97,--,11,14267,卖盘
1659,13:26:12,12.97,-0.01,9,11673,卖盘
1660,13:26:09,12.98,0.01,100,129800,买盘
1661,13:26:06,12.97,--,129,167313,卖盘
1662,13:26:03,12.97,--,31,40207,卖盘
1663,13:26:00,12.97,--,9,11673,卖盘
1664,13:25:57,12.97,--,200,259400,卖盘
1665,13:25:54,12.97,-0.01,65,84305,卖盘
1666,13:25:51,12.98,--,35,45430,买盘
1667,13:25:45,12.98,0.01,33,42834,买盘
1668,13:25:42,12.97,-0.01,12,15564,卖盘
1669,13:25:36,12.98,0.01,246,319308,买盘
1670,13:25:33,12.97,-0.01,34,44098,卖盘
1671,13:25:30,12.98,--,4,5192,买盘
1672,13:25:27,12.98,--,40,51920,买盘
1673,13:25:24,12.98,0.01,26,33748,买盘
1674,13:25:21,12.97,-0.01,92,119324,卖盘
1675,13:25:18,12.98,--,4,5192,买盘
1676,13:25:15,12.98,--,497,645106,买盘
1677,13:25:09,12.98,0.01,2,2596,买盘
1678,13:25:06,12.97,--,19,24643,卖盘
1679,13:25:03,12.97,-0.01,70,90790,卖盘
1680,13:25:00,12.98,0.01,9,11682,卖盘
1681,13:24:57,12.97,-0.01,1050,1361850,卖盘
1682,13:24:51,12.98,--,1,1298,卖盘
1683,13:24:48,12.98,0.01,94,122012,买盘
1684,13:24:45,12.97,--,201,260697,卖盘
1685,13:24:42,12.97,-0.01,3,3891,卖盘
1686,13:24:39,12.98,--,69,89562,买盘
1687,13:24:36,12.98,--,23,29854,买盘
1688,13:24:33,12.98,--,11,14278,买盘
1689,13:24:30,12.98,--,15,19470,买盘
1690,13:24:27,12.98,--,77,99946,买盘
1691,13:24:24,12.98,--,10,12980,买盘
1692,13:24:21,12.98,-0.01,938,1217524,卖盘
1693,13:24:18,12.99,0.01,6,7794,买盘
1694,13:24:09,12.98,--,53,68794,卖盘
1695,13:24:06,12.98,-0.01,1,1298,卖盘
1696,13:24:03,12.99,0.01,82,106518,买盘
1697,13:24:00,12.98,-0.01,388,503624,卖盘
1698,13:23:57,12.99,0.01,32,41568,买盘
1699,13:23:54,12.98,-0.01,462,599676,卖盘
1700,13:23:51,12.99,--,10,12990,买盘
1701,13:23:48,12.99,--,2,2598,买盘
1702,13:23:45,12.99,0.01,12,15588,买盘
1703,13:23:42,12.98,--,33,42834,卖盘
1704,13:23:39,12.98,-0.01,93,120714,卖盘
1705,13:23:36,12.99,0.01,88,114312,买盘
1706,13:23:33,12.98,--,111,144078,卖盘
1707,13:23:30,12.98,--,21,27258,卖盘
1708,13:23:27,12.98,--,12,15576,卖盘
1709,13:23:24,12.98,--,1,1298,卖盘
1710,13:23:21,12.98,--,119,154462,卖盘
1711,13:23:18,12.98,--,6,7788,卖盘
1712,13:23:15,12.98,-0.01,19,24662,卖盘
1713,13:23:09,12.99,--,3,3897,买盘
1714,13:23:06,12.99,0.01,27,35073,买盘
1715,13:23:03,12.98,--,31,40238,卖盘
1716,13:23:00,12.98,-0.01,15,19470,卖盘
1717,13:22:57,12.99,0.01,201,261099,买盘
1718,13:22:54,12.98,--,2,2596,卖盘
1719,13:22:51,12.98,-0.01,7,9086,卖盘
1720,13:22:48,12.99,--,11,14289,买盘
1721,13:22:45,12.99,--,11,14289,买盘
1722,13:22:42,12.99,--,51,66249,买盘
1723,13:22:39,12.99,0.01,135,175365,买盘
1724,13:22:36,12.98,-0.02,27,35046,卖盘
1725,13:22:33,13.0,--,111,144300,买盘
1726,13:22:30,13.0,0.01,108,140400,买盘
1727,13:22:27,12.99,--,239,310461,卖盘
1728,13:22:24,12.99,--,25,32475,卖盘
1729,13:22:18,12.99,--,22,28578,卖盘
1730,13:22:15,12.99,--,20,25980,卖盘
1731,13:22:12,12.99,--,66,85734,卖盘
1732,13:22:09,12.99,--,100,129900,卖盘
1733,13:22:06,12.99,--,210,272790,卖盘
1734,13:22:03,12.99,-0.01,10,12990,卖盘
1735,13:22:00,13.0,--,52,67600,买盘
1736,13:21:57,13.0,0.01,3,3900,买盘
1737,13:21:54,12.99,--,9,11691,卖盘
1738,13:21:51,12.99,--,15,19485,卖盘
1739,13:21:45,12.99,--,12,15588,卖盘
1740,13:21:42,12.99,-0.01,306,397494,卖盘
1741,13:21:39,13.0,--,15,19500,买盘
1742,13:21:36,13.0,--,15,19500,买盘
1743,13:21:33,13.0,--,7,9100,买盘
1744,13:21:15,13.0,0.01,8,10400,买盘
1745,13:21:12,12.99,--,46,59754,卖盘
1746,13:21:09,12.99,--,33,42867,卖盘
1747,13:21:03,12.99,--,21,27279,卖盘
1748,13:21:00,12.99,--,9,11691,卖盘
1749,13:20:57,12.99,--,1,1299,卖盘
1750,13:20:54,12.99,--,24,31176,卖盘
1751,13:20:51,12.99,--,1,1299,卖盘
1752,13:20:48,12.99,--,22,28578,卖盘
1753,13:20:42,12.99,--,37,48063,卖盘
1754,13:20:39,12.99,-0.01,301,390999,卖盘
1755,13:20:36,13.0,0.01,15,19500,买盘
1756,13:20:33,12.99,-0.01,1,1299,卖盘
1757,13:20:30,13.0,0.01,24,31200,买盘
1758,13:20:27,12.99,--,51,66249,卖盘
1759,13:20:24,12.99,--,15,19485,卖盘
1760,13:20:21,12.99,--,17,22083,买盘
1761,13:20:18,12.99,--,47,61053,卖盘
1762,13:20:15,12.99,--,52,67548,买盘
1763,13:20:12,12.99,--,109,141591,买盘
1764,13:20:09,12.99,--,28,36372,卖盘
1765,13:20:06,12.99,--,13,16887,卖盘
1766,13:20:03,12.99,--,11,14289,买盘
1767,13:20:00,12.99,-0.01,215,279285,卖盘
1768,13:19:57,13.0,0.02,52,67600,买盘
1769,13:19:54,12.98,-0.02,12,15576,卖盘
1770,13:19:51,13.0,0.02,23,29900,买盘
1771,13:19:48,12.98,-0.02,239,310222,卖盘
1772,13:19:45,13.0,0.01,101,131300,买盘
1773,13:19:42,12.99,--,6,7794,卖盘
1774,13:19:39,12.99,--,12,15588,卖盘
1775,13:19:36,12.99,--,12,15588,卖盘
1776,13:19:33,12.99,--,42,54558,卖盘
1777,13:19:30,12.99,-0.01,1,1299,卖盘
1778,13:19:27,13.0,0.01,15,19500,买盘
1779,13:19:24,12.99,--,10,12990,买盘
1780,13:19:21,12.99,--,66,85734,买盘
1781,13:19:18,12.99,--,288,374112,买盘
1782,13:19:15,12.99,0.01,90,116910,买盘
1783,13:19:12,12.98,--,208,269984,卖盘
1784,13:19:06,12.98,--,115,149270,卖盘
1785,13:19:03,12.98,--,5,6490,卖盘
1786,13:19:00,12.98,--,117,151866,卖盘
1787,13:18:57,12.98,--,202,262196,卖盘
1788,13:18:54,12.98,--,132,171336,卖盘
1789,13:18:51,12.98,--,80,103840,卖盘
1790,13:18:48,12.98,--,16,20768,卖盘
1791,13:18:45,12.98,--,184,238832,卖盘
1792,13:18:42,12.98,--,10,12980,卖盘
1793,13:18:39,12.98,-0.01,624,809952,卖盘
1794,13:18:36,12.99,--,50,64950,买盘
1795,13:18:33,12.99,0.01,75,97425,买盘
1796,13:18:30,12.98,-0.01,18,23364,卖盘
1797,13:18:27,12.99,--,73,94827,买盘
1798,13:18:24,12.99,0.01,10,12990,买盘
1799,13:18:21,12.98,-0.01,19,24662,卖盘
1800,13:18:18,12.99,0.01,168,218232,买盘
1801,13:18:15,12.98,--,26,33748,卖盘
1802,13:18:12,12.98,--,41,53218,卖盘
1803,13:18:09,12.98,--,59,76582,卖盘
1804,13:18:03,12.98,--,10,12980,卖盘
1805,13:18:00,12.98,-0.01,39,50622,买盘
1806,13:17:57,12.99,0.02,1153,1497747,买盘
1807,13:17:54,12.97,--,21,27237,卖盘
1808,13:17:51,12.97,--,30,38910,卖盘
1809,13:17:48,12.97,-0.01,117,151749,卖盘
1810,13:17:45,12.98,0.01,67,86966,买盘
1811,13:17:42,12.97,-0.01,61,79117,卖盘
1812,13:17:39,12.98,--,126,163548,卖盘
1813,13:17:36,12.98,--,13,16874,卖盘
1814,13:17:33,12.98,-0.01,17,22066,卖盘
1815,13:17:30,12.99,0.01,7,9093,买盘
1816,13:17:27,12.98,--,139,180422,卖盘
1817,13:17:24,12.98,-0.01,40,51920,卖盘
1818,13:17:21,12.99,0.01,24,31176,买盘
1819,13:17:18,12.98,0.01,85,110330,中性盘
1820,13:17:15,12.97,-0.01,1000,1297000,卖盘
1821,13:17:12,12.98,0.01,8,10384,中性盘
1822,13:17:09,12.97,-0.01,276,357972,卖盘
1823,13:17:06,12.98,--,401,520498,买盘
1824,13:17:03,12.98,--,223,289454,买盘
1825,13:17:00,12.98,--,15,19470,买盘
1826,13:16:57,12.98,--,7,9086,买盘
1827,13:16:54,12.98,0.01,28,36344,买盘
1828,13:16:51,12.97,-0.01,6,7782,卖盘
1829,13:16:48,12.98,--,22,28556,买盘
1830,13:16:45,12.98,0.01,203,263494,买盘
1831,13:16:42,12.97,--,185,239945,卖盘
1832,13:16:39,12.97,-0.01,35,45395,卖盘
1833,13:16:36,12.98,0.01,35,45430,买盘
1834,13:16:33,12.97,--,29,37613,卖盘
1835,13:16:30,12.97,-0.01,435,564195,卖盘
1836,13:16:27,12.98,0.01,40,51920,买盘
1837,13:16:24,12.97,--,152,197144,卖盘
1838,13:16:21,12.97,--,81,105057,卖盘
1839,13:16:18,12.97,-0.01,317,411149,卖盘
1840,13:16:15,12.98,0.01,314,407572,买盘
1841,13:16:12,12.97,-0.01,265,343705,卖盘
1842,13:16:09,12.98,0.01,38,49324,买盘
1843,13:16:06,12.97,--,60,77820,卖盘
1844,13:16:03,12.97,--,1,1297,卖盘
1845,13:16:00,12.97,--,44,57068,卖盘
1846,13:15:57,12.97,--,43,55771,卖盘
1847,13:15:54,12.97,-0.01,670,868990,卖盘
1848,13:15:51,12.98,-0.01,948,1230504,卖盘
1849,13:15:48,12.99,0.01,13,16887,买盘
1850,13:15:45,12.98,-0.01,246,319308,卖盘
1851,13:15:42,12.99,0.01,71,92229,买盘
1852,13:15:39,12.98,--,6,7788,卖盘
1853,13:15:36,12.98,-0.01,14,18172,卖盘
1854,13:15:33,12.99,0.01,370,480630,买盘
1855,13:15:30,12.98,--,38,49324,卖盘
1856,13:15:27,12.98,--,70,90860,卖盘
1857,13:15:24,12.98,--,24,31152,卖盘
1858,13:15:21,12.98,--,117,151866,卖盘
1859,13:15:18,12.98,-0.01,17,22066,卖盘
1860,13:15:15,12.99,0.01,260,337740,买盘
1861,13:15:12,12.98,-0.01,147,190806,卖盘
1862,13:15:09,12.99,0.01,440,571560,买盘
1863,13:15:06,12.98,--,81,105138,卖盘
1864,13:15:03,12.98,-0.01,550,713900,卖盘
1865,13:15:00,12.99,0.01,13,16887,买盘
1866,13:14:57,12.98,--,209,271282,卖盘
1867,13:14:54,12.98,--,43,55814,卖盘
1868,13:14:51,12.98,--,100,129800,卖盘
1869,13:14:48,12.98,--,69,89562,卖盘
1870,13:14:45,12.98,--,162,210276,卖盘
1871,13:14:42,12.98,-0.01,10,12980,卖盘
1872,13:14:39,12.99,--,36,46764,买盘
1873,13:14:36,12.99,--,62,80538,买盘
1874,13:14:33,12.99,--,12,15588,买盘
1875,13:14:30,12.99,--,31,40269,卖盘
1876,13:14:27,12.99,--,15,19485,卖盘
1877,13:14:24,12.99,0.01,105,136395,买盘
1878,13:14:21,12.98,-0.02,1240,1609520,卖盘
1879,13:14:18,13.0,0.01,23,29900,买盘
1880,13:14:12,12.99,--,71,92229,卖盘
1881,13:14:09,12.99,--,20,25980,卖盘
1882,13:14:06,12.99,--,9,11691,卖盘
1883,13:14:03,12.99,--,80,103920,卖盘
1884,13:14:00,12.99,--,133,172767,卖盘
1885,13:13:57,12.99,--,10,12990,卖盘
1886,13:13:54,12.99,--,28,36372,卖盘
1887,13:13:51,12.99,--,21,27279,卖盘
1888,13:13:48,12.99,--,446,579354,卖盘
1889,13:13:45,12.99,--,28,36372,卖盘
1890,13:13:42,12.99,--,86,111714,卖盘
1891,13:13:39,12.99,--,137,177963,卖盘
1892,13:13:36,12.99,--,1,1299,卖盘
1893,13:13:33,12.99,--,157,203943,卖盘
1894,13:13:30,12.99,-0.01,68,88332,卖盘
1895,13:13:27,13.0,0.01,171,222300,买盘
1896,13:13:24,12.99,-0.01,206,267594,卖盘
1897,13:13:21,13.0,0.01,12,15600,买盘
1898,13:13:18,12.99,-0.01,11,14289,卖盘
1899,13:13:15,13.0,--,193,252135,买盘
1900,13:13:12,13.0,--,17,22529,买盘
1901,13:13:09,13.0,--,13,16900,买盘
1902,13:13:03,13.0,0.01,72,93600,买盘
1903,13:13:00,12.99,-0.01,248,322152,卖盘
1904,13:12:57,13.0,0.01,217,282100,买盘
1905,13:12:54,12.99,-0.01,21,27279,卖盘
1906,13:12:51,13.0,--,428,556400,买盘
1907,13:12:48,13.0,0.01,56,72800,买盘
1908,13:12:45,12.99,--,28,36372,卖盘
1909,13:12:42,12.99,-0.01,331,429969,卖盘
1910,13:12:39,13.0,--,62,80600,卖盘
1911,13:12:36,13.0,--,11,14300,卖盘
1912,13:12:33,13.0,-0.01,132,171600,卖盘
1913,13:12:30,13.01,0.01,1073,1395973,买盘
1914,13:12:27,13.0,--,207,269100,卖盘
1915,13:12:24,13.0,--,48,62400,卖盘
1916,13:12:21,13.0,--,158,205595,买盘
1917,13:12:18,13.0,--,159,206700,买盘
1918,13:12:15,13.0,--,224,291200,买盘
1919,13:12:12,13.0,--,15,19500,买盘
1920,13:12:09,13.0,--,37,48100,买盘
1921,13:12:06,13.0,-0.01,517,673205,卖盘
1922,13:12:03,13.01,0.01,18,23418,买盘
1923,13:12:00,13.0,--,111,144300,卖盘
1924,13:11:57,13.0,--,59,76700,卖盘
1925,13:11:54,13.0,--,169,219700,卖盘
1926,13:11:51,13.0,0.01,917,1192295,买盘
1927,13:11:48,12.99,--,102,132498,卖盘
1928,13:11:45,12.99,--,21,27279,卖盘
1929,13:11:42,12.99,--,240,311760,卖盘
1930,13:11:39,12.99,-0.01,6,7794,卖盘
1931,13:11:36,13.0,--,89,115700,买盘
1932,13:11:33,13.0,0.01,212,276757,买盘
1933,13:11:30,12.99,--,140,181860,卖盘
1934,13:11:27,12.99,--,102,132498,卖盘
1935,13:11:24,12.99,--,75,97425,卖盘
1936,13:11:21,12.99,--,181,235599,卖盘
1937,13:11:18,12.99,-0.01,127,164973,卖盘
1938,13:11:15,13.0,0.01,473,614900,买盘
1939,13:11:12,12.99,-0.01,16,21121,卖盘
1940,13:11:09,13.0,--,319,414700,买盘
1941,13:11:06,13.0,0.01,22,28600,买盘
1942,13:11:03,12.99,-0.01,133,172767,卖盘
1943,13:11:00,13.0,--,321,418210,卖盘
1944,13:10:57,13.0,--,241,313300,卖盘
1945,13:10:54,13.0,--,470,611520,卖盘
1946,13:10:51,13.0,--,56,72800,卖盘
1947,13:10:48,13.0,--,7,9100,卖盘
1948,13:10:45,13.0,--,1661,2159300,卖盘
1949,13:10:42,13.0,-0.01,24,31200,卖盘
1950,13:10:39,13.01,0.01,857,1114957,中性盘
1951,13:10:36,13.0,-0.01,65,85605,卖盘
1952,13:10:33,13.01,--,22,28622,买盘
1953,13:10:27,13.01,--,1096,1426091,卖盘
1954,13:10:24,13.01,-0.01,1001,1302301,卖盘
1955,13:10:18,13.02,--,46,59892,买盘
1956,13:10:15,13.02,--,7,9114,买盘
1957,13:10:12,13.02,--,78,102714,卖盘
1958,13:10:09,13.02,--,180,235466,卖盘
1959,13:10:06,13.02,--,8,10416,卖盘
1960,13:10:03,13.02,--,20,26040,卖盘
1961,13:09:57,13.02,--,265,345030,卖盘
1962,13:09:54,13.02,-0.01,45,58590,卖盘
1963,13:09:51,13.03,0.01,4,5212,买盘
1964,13:09:48,13.02,--,103,134509,卖盘
1965,13:09:45,13.02,--,2,2604,卖盘
1966,13:09:42,13.02,--,2,2604,卖盘
1967,13:09:39,13.02,--,11,14322,卖盘
1968,13:09:36,13.02,-0.01,119,154938,卖盘
1969,13:09:30,13.03,0.01,3,3909,买盘
1970,13:09:27,13.02,--,8,10416,卖盘
1971,13:09:24,13.02,--,43,57222,卖盘
1972,13:09:21,13.02,-0.01,30,39060,卖盘
1973,13:09:18,13.03,0.01,15,19545,买盘
1974,13:09:15,13.02,--,8,10416,卖盘
1975,13:09:12,13.02,-0.01,1,1302,卖盘
1976,13:09:09,13.03,--,2,2606,买盘
1977,13:09:06,13.03,--,3,3909,买盘
1978,13:09:03,13.03,-0.01,88,114664,卖盘
1979,13:09:00,13.04,0.01,836,1090144,买盘
1980,13:08:57,13.03,--,35,45605,卖盘
1981,13:08:54,13.03,--,12,15636,卖盘
1982,13:08:51,13.03,--,89,115967,卖盘
1983,13:08:48,13.03,--,31,40393,卖盘
1984,13:08:45,13.03,--,152,198056,卖盘
1985,13:08:42,13.03,-0.01,40,52120,卖盘
1986,13:08:39,13.04,--,55,71720,买盘
1987,13:08:36,13.04,0.01,146,190384,买盘
1988,13:08:30,13.03,--,72,93816,卖盘
1989,13:08:27,13.03,--,3,3909,卖盘
1990,13:08:24,13.03,-0.01,12,15636,卖盘
1991,13:08:21,13.04,--,30,39120,买盘
1992,13:08:18,13.04,--,756,985823,卖盘
1993,13:08:15,13.04,-0.01,63,82152,卖盘
1994,13:08:12,13.05,--,92,120060,卖盘
1995,13:08:09,13.05,--,6,7830,卖盘
1996,13:08:06,13.05,-0.01,10,13050,卖盘
1997,13:08:03,13.06,0.01,26,33956,买盘
1998,13:08:00,13.05,--,46,60030,卖盘
1999,13:07:57,13.05,-0.01,91,118755,卖盘
2000,13:07:54,13.06,0.01,20,26120,买盘
2001,13:07:51,13.05,-0.01,29,37845,卖盘
2002,13:07:48,13.06,--,12,15672,买盘
2003,13:07:45,13.06,--,33,43098,买盘
2004,13:07:42,13.06,0.01,170,222020,买盘
2005,13:07:39,13.05,-0.01,1,1305,卖盘
2006,13:07:36,13.06,0.01,15,19590,买盘
2007,13:07:33,13.05,-0.01,135,176175,卖盘
2008,13:07:30,13.06,--,105,137965,卖盘
2009,13:07:27,13.06,--,52,68382,卖盘
2010,13:07:24,13.06,-0.01,636,830616,卖盘
2011,13:07:21,13.07,0.01,48,62736,买盘
2012,13:07:18,13.06,-0.01,29,37874,卖盘
2013,13:07:15,13.07,0.01,80,104560,买盘
2014,13:07:09,13.06,--,121,158026,卖盘
2015,13:07:06,13.06,--,67,87502,卖盘
2016,13:07:03,13.06,--,4,5224,卖盘
2017,13:06:57,13.06,-0.01,10,13060,卖盘
2018,13:06:54,13.07,--,15,19605,买盘
2019,13:06:51,13.07,0.01,10,13070,买盘
2020,13:06:48,13.06,-0.01,14,18284,卖盘
2021,13:06:42,13.07,--,50,65350,买盘
2022,13:06:39,13.07,0.01,1003,1310921,买盘
2023,13:06:36,13.06,--,5,6530,卖盘
2024,13:06:33,13.06,0.01,756,987336,买盘
2025,13:06:30,13.05,--,52,67860,卖盘
2026,13:06:27,13.05,--,35,45675,买盘
2027,13:06:24,13.05,0.01,8,10440,买盘
2028,13:06:21,13.04,-0.01,13,16952,卖盘
2029,13:06:18,13.05,--,26,33930,买盘
2030,13:06:15,13.05,0.01,54,70470,中性盘
2031,13:06:09,13.04,--,40,52160,卖盘
2032,13:06:06,13.04,-0.02,5,6520,中性盘
2033,13:05:57,13.06,0.01,426,556356,买盘
2034,13:05:54,13.05,0.02,494,644670,买盘
2035,13:05:45,13.03,--,17,22151,卖盘
2036,13:05:39,13.03,-0.01,11,14333,卖盘
2037,13:05:36,13.04,0.01,10,13040,买盘
2038,13:05:33,13.03,-0.01,9,11727,卖盘
2039,13:05:30,13.04,0.01,38,49552,买盘
2040,13:05:21,13.03,--,5,6515,卖盘
2041,13:05:12,13.03,--,9,11727,卖盘
2042,13:05:09,13.03,0.01,41,53423,买盘
2043,13:05:06,13.02,-0.01,238,309876,卖盘
2044,13:05:00,13.03,0.01,119,155057,中性盘
2045,13:04:57,13.02,-0.01,227,295554,卖盘
2046,13:04:54,13.03,--,221,287963,买盘
2047,13:04:51,13.03,0.01,10,13030,买盘
2048,13:04:45,13.02,--,160,208320,卖盘
2049,13:04:39,13.02,-0.01,73,95046,卖盘
2050,13:04:33,13.03,--,11,14333,买盘
2051,13:04:30,13.03,0.01,48,62544,买盘
2052,13:04:27,13.02,--,200,260400,卖盘
2053,13:04:24,13.02,-0.01,20,26040,卖盘
2054,13:04:18,13.03,--,14,18242,买盘
2055,13:04:15,13.03,0.01,7,9121,买盘
2056,13:04:09,13.02,-0.01,1,1302,卖盘
2057,13:04:06,13.03,0.01,15,19545,买盘
2058,13:04:00,13.02,--,4,5208,卖盘
2059,13:03:57,13.02,-0.01,7,9114,卖盘
2060,13:03:54,13.03,0.01,7,9121,中性盘
2061,13:03:51,13.02,-0.02,120,156240,卖盘
2062,13:03:48,13.04,0.01,1,1304,买盘
2063,13:03:45,13.03,-0.01,1,1303,卖盘
2064,13:03:42,13.04,0.01,10,13040,买盘
2065,13:03:39,13.03,--,150,195450,卖盘
2066,13:03:33,13.03,--,54,70362,卖盘
2067,13:03:30,13.03,--,332,432596,买盘
2068,13:03:27,13.03,0.01,30,39090,买盘
2069,13:03:21,13.02,-0.01,30,39060,卖盘
2070,13:03:18,13.03,--,8,10424,买盘
2071,13:03:12,13.03,--,13,16939,买盘
2072,13:03:09,13.03,0.01,21,27363,买盘
2073,13:03:06,13.02,-0.01,1,1302,卖盘
2074,13:03:03,13.03,0.01,23,29969,买盘
2075,13:02:57,13.02,--,7,9114,卖盘
2076,13:02:54,13.02,--,40,52080,卖盘
2077,13:02:48,13.02,--,169,220038,卖盘
2078,13:02:45,13.02,--,10,13020,卖盘
2079,13:02:42,13.02,--,29,37758,卖盘
2080,13:02:39,13.02,--,10,13020,卖盘
2081,13:02:33,13.02,-0.01,66,85932,卖盘
2082,13:02:27,13.03,--,100,130300,买盘
2083,13:02:24,13.03,0.01,10,13030,买盘
2084,13:02:18,13.02,-0.01,34,44268,卖盘
2085,13:02:15,13.03,0.01,4,5212,买盘
2086,13:02:12,13.02,--,50,65100,卖盘
2087,13:02:09,13.02,--,1,1302,卖盘
2088,13:02:06,13.02,-0.01,1,1302,卖盘
2089,13:02:03,13.03,0.01,39,50817,买盘
2090,13:01:57,13.02,--,8,10416,卖盘
2091,13:01:54,13.02,--,3,3906,卖盘
2092,13:01:45,13.02,-0.01,20,26040,卖盘
2093,13:01:42,13.03,0.01,12,15636,买盘
2094,13:01:33,13.02,0.01,432,562464,买盘
2095,13:01:24,13.01,-0.01,24,31224,卖盘
2096,13:01:18,13.02,0.01,15,19530,买盘
2097,13:01:15,13.01,--,40,52040,卖盘
2098,13:01:12,13.01,--,59,76759,卖盘
2099,13:01:09,13.01,--,25,32525,卖盘
2100,13:01:06,13.01,--,1,1301,卖盘
2101,13:01:03,13.01,--,386,502186,卖盘
2102,13:01:00,13.01,--,38,49438,卖盘
2103,13:00:57,13.01,--,32,41632,卖盘
2104,13:00:51,13.01,--,84,109284,卖盘
2105,13:00:45,13.01,--,31,40331,卖盘
2106,13:00:42,13.01,--,18,23418,卖盘
2107,13:00:39,13.01,-0.01,38,49438,卖盘
2108,13:00:36,13.02,--,41,53382,买盘
2109,13:00:33,13.02,0.01,64,83328,买盘
2110,13:00:30,13.01,-0.01,143,186043,卖盘
2111,13:00:27,13.02,--,150,195300,买盘
2112,13:00:24,13.02,0.01,42,54684,买盘
2113,13:00:21,13.01,--,12,15612,卖盘
2114,13:00:15,13.01,--,1,1301,卖盘
2115,13:00:12,13.01,--,5,6505,卖盘
2116,13:00:09,13.01,-0.01,12,15612,卖盘
2117,13:00:06,13.02,--,101,131502,卖盘
2118,13:00:03,13.02,--,2209,2876612,卖盘
2119,13:00:00,13.02,--,0,0,卖盘
2120,11:30:00,13.02,--,5,6510,卖盘
2121,11:29:57,13.02,--,10,13020,卖盘
2122,11:29:54,13.02,-0.01,12,15624,卖盘
2123,11:29:48,13.03,0.01,100,130300,买盘
2124,11:29:42,13.02,--,78,101556,卖盘
2125,11:29:39,13.02,--,64,83328,卖盘
2126,11:29:33,13.02,--,100,130200,卖盘
2127,11:29:30,13.02,-0.01,23,29946,卖盘
2128,11:29:27,13.03,0.01,23,29969,买盘
2129,11:29:24,13.02,-0.01,28,36456,卖盘
2130,11:29:15,13.03,0.01,5,6515,买盘
2131,11:29:12,13.02,--,924,1203048,卖盘
2132,11:29:09,13.02,-0.01,203,264306,卖盘
2133,11:29:06,13.03,0.01,22,28666,买盘
2134,11:29:03,13.02,-0.01,4,5208,卖盘
2135,11:29:00,13.03,--,37,48211,买盘
2136,11:28:57,13.03,--,136,177208,卖盘
2137,11:28:54,13.03,--,19,24757,卖盘
2138,11:28:48,13.03,--,3,3909,卖盘
2139,11:28:45,13.03,--,27,35181,卖盘
2140,11:28:42,13.03,--,14,18242,卖盘
2141,11:28:39,13.03,--,10,13030,卖盘
2142,11:28:33,13.03,-0.01,123,160269,卖盘
2143,11:28:27,13.04,0.01,234,305136,买盘
2144,11:28:24,13.03,-0.01,67,87301,卖盘
2145,11:28:21,13.04,--,124,161696,买盘
2146,11:28:15,13.04,--,21,27384,买盘
2147,11:28:12,13.04,--,11,14343,买盘
2148,11:28:09,13.04,--,5,6520,买盘
2149,11:28:06,13.04,0.01,21,27384,买盘
2150,11:28:03,13.03,--,120,156360,卖盘
2151,11:27:57,13.03,-0.01,11,14333,卖盘
2152,11:27:54,13.04,--,8,10432,买盘
2153,11:27:48,13.04,0.01,6,7823,买盘
2154,11:27:45,13.03,--,24,31272,卖盘
2155,11:27:42,13.03,--,100,130300,卖盘
2156,11:27:33,13.03,--,129,168087,卖盘
2157,11:27:27,13.03,-0.01,50,65150,卖盘
2158,11:27:21,13.04,--,9,11736,买盘
2159,11:27:18,13.04,0.01,4,5216,买盘
2160,11:27:15,13.03,--,8,10424,卖盘
2161,11:27:12,13.03,--,234,304902,卖盘
2162,11:27:09,13.03,-0.01,29,37787,卖盘
2163,11:27:06,13.04,--,101,131704,买盘
2164,11:27:03,13.04,0.01,6,7823,买盘
2165,11:27:00,13.03,--,40,52120,卖盘
2166,11:26:54,13.03,-0.01,46,59938,卖盘
2167,11:26:51,13.04,--,233,303832,买盘
2168,11:26:48,13.04,--,76,99104,买盘
2169,11:26:45,13.04,--,50,65199,买盘
2170,11:26:42,13.04,--,100,130399,买盘
2171,11:26:39,13.04,0.01,63,82152,买盘
2172,11:26:36,13.03,--,10,13030,卖盘
2173,11:26:30,13.03,--,11,14333,卖盘
2174,11:26:21,13.03,--,86,112058,卖盘
2175,11:26:18,13.03,-0.01,43,56029,卖盘
2176,11:26:15,13.04,0.01,116,151264,买盘
2177,11:26:12,13.03,--,28,36484,卖盘
2178,11:26:09,13.03,--,16,20848,卖盘
2179,11:26:06,13.03,--,6,7818,卖盘
2180,11:26:03,13.03,--,44,57332,卖盘
2181,11:26:00,13.03,--,25,32575,卖盘
2182,11:25:57,13.03,--,100,130300,卖盘
2183,11:25:54,13.03,-0.01,36,46908,卖盘
2184,11:25:51,13.04,0.01,8,10432,买盘
2185,11:25:48,13.03,--,36,46908,卖盘
2186,11:25:42,13.03,--,257,334871,卖盘
2187,11:25:39,13.03,--,7,9121,卖盘
2188,11:25:33,13.03,-0.01,36,46908,卖盘
2189,11:25:30,13.04,--,5,6520,买盘
2190,11:25:24,13.04,--,10,13040,买盘
2191,11:25:21,13.04,--,16,20864,买盘
2192,11:25:15,13.04,0.01,12,15647,买盘
2193,11:25:12,13.03,-0.01,15,19545,卖盘
2194,11:25:09,13.04,--,1,1304,买盘
2195,11:25:06,13.04,--,60,78240,买盘
2196,11:25:03,13.04,--,2,2608,买盘
2197,11:25:00,13.04,--,76,99104,买盘
2198,11:24:57,13.04,--,104,135616,买盘
2199,11:24:54,13.04,0.01,22,28687,买盘
2200,11:24:51,13.03,-0.01,44,57332,卖盘
2201,11:24:48,13.04,--,37,48248,卖盘
2202,11:24:45,13.04,--,22,28687,卖盘
2203,11:24:42,13.04,--,94,122575,买盘
2204,11:24:39,13.04,0.01,2,2608,买盘
2205,11:24:30,13.03,-0.01,44,57332,卖盘
2206,11:24:27,13.04,--,4,5216,买盘
2207,11:24:24,13.04,--,122,159088,卖盘
2208,11:24:21,13.04,--,2,2608,卖盘
2209,11:24:18,13.04,--,57,74328,卖盘
2210,11:24:15,13.04,--,1,1304,卖盘
2211,11:24:09,13.04,--,79,103016,卖盘
2212,11:24:06,13.04,--,1,1304,卖盘
2213,11:24:00,13.04,--,5,6520,买盘
2214,11:23:57,13.04,0.01,8,10432,买盘
2215,11:23:54,13.03,-0.02,4,5212,卖盘
2216,11:23:48,13.05,--,297,387585,买盘
2217,11:23:45,13.05,0.01,18,23490,买盘
2218,11:23:42,13.04,-0.01,14,18256,卖盘
2219,11:23:33,13.05,0.01,2,2610,买盘
2220,11:23:30,13.04,0.01,315,410760,中性盘
2221,11:23:24,13.03,-0.01,106,138118,卖盘
2222,11:23:21,13.04,--,30,39120,买盘
2223,11:23:18,13.04,--,5,6520,买盘
2224,11:23:15,13.04,--,11,14343,买盘
2225,11:23:12,13.04,0.01,10,13040,买盘
2226,11:23:09,13.03,-0.01,22,28666,卖盘
2227,11:23:06,13.04,--,13,16952,买盘
2228,11:23:03,13.04,0.01,20,26080,买盘
2229,11:23:00,13.03,-0.01,29,37787,卖盘
2230,11:22:57,13.04,--,20,26080,买盘
2231,11:22:54,13.04,--,30,39120,买盘
2232,11:22:51,13.04,0.01,13,16952,买盘
2233,11:22:48,13.03,-0.01,19,24757,卖盘
2234,11:22:45,13.04,-0.01,2,2608,买盘
2235,11:22:36,13.05,--,233,304065,买盘
2236,11:22:33,13.05,0.01,20,26100,买盘
2237,11:22:30,13.04,--,37,48248,卖盘
2238,11:22:27,13.04,--,46,59983,卖盘
2239,11:22:24,13.04,-0.01,1,1304,卖盘
2240,11:22:21,13.05,--,22,28710,买盘
2241,11:22:18,13.05,0.01,29,37845,买盘
2242,11:22:15,13.04,--,95,123879,卖盘
2243,11:22:12,13.04,--,8,10432,卖盘
2244,11:22:09,13.04,--,55,71720,卖盘
2245,11:22:06,13.04,--,2,2608,卖盘
2246,11:22:03,13.04,-0.01,47,61287,卖盘
2247,11:22:00,13.05,0.01,5,6525,买盘
2248,11:21:57,13.04,--,39,50856,卖盘
2249,11:21:54,13.04,--,20,26080,卖盘
2250,11:21:51,13.04,--,1,1304,卖盘
2251,11:21:48,13.04,--,2,2608,卖盘
2252,11:21:45,13.04,--,3,3911,卖盘
2253,11:21:39,13.04,--,2,2608,卖盘
2254,11:21:33,13.04,--,50,65199,卖盘
2255,11:21:30,13.04,--,113,147352,买盘
2256,11:21:27,13.04,0.01,6,7823,买盘
2257,11:21:24,13.03,-0.01,24,31272,卖盘
2258,11:21:21,13.04,--,11,14343,买盘
2259,11:21:18,13.04,0.01,3,3911,买盘
2260,11:21:15,13.03,-0.01,37,48211,卖盘
2261,11:21:12,13.04,--,237,309048,卖盘
2262,11:21:09,13.04,0.01,759,989735,买盘
2263,11:21:06,13.03,--,5,6515,卖盘
2264,11:21:03,13.03,--,9,11727,卖盘
2265,11:20:57,13.03,--,3,3909,卖盘
2266,11:20:54,13.03,--,43,56029,卖盘
2267,11:20:51,13.03,--,12,15636,卖盘
2268,11:20:45,13.03,-0.01,25,32575,卖盘
2269,11:20:42,13.04,--,7,9128,买盘
2270,11:20:39,13.04,0.01,14,18256,买盘
2271,11:20:33,13.03,--,5,6515,卖盘
2272,11:20:30,13.03,--,2,2606,卖盘
2273,11:20:24,13.03,--,11,14333,卖盘
2274,11:20:21,13.03,--,5,6515,卖盘
2275,11:20:18,13.03,-0.01,32,41696,卖盘
2276,11:20:12,13.04,--,131,170824,买盘
2277,11:20:09,13.04,0.01,56,73024,买盘
2278,11:20:06,13.03,-0.01,53,69059,卖盘
2279,11:20:00,13.04,--,6,7823,买盘
2280,11:19:57,13.04,0.01,5,6520,买盘
2281,11:19:54,13.03,--,19,24757,卖盘
2282,11:19:51,13.03,--,62,80786,卖盘
2283,11:19:48,13.03,--,44,57332,卖盘
2284,11:19:45,13.03,--,57,74271,卖盘
2285,11:19:42,13.03,-0.01,9,11727,卖盘
2286,11:19:36,13.04,--,19,24776,买盘
2287,11:19:33,13.04,--,18,23472,买盘
2288,11:19:27,13.04,0.02,1,1304,买盘
2289,11:19:24,13.02,-0.02,232,302064,卖盘
2290,11:19:21,13.04,0.01,8,10432,买盘
2291,11:19:15,13.03,-0.01,10,13837,卖盘
2292,11:19:12,13.04,0.01,38,49552,买盘
2293,11:19:09,13.03,--,8,10424,卖盘
2294,11:19:06,13.03,-0.01,1,1303,卖盘
2295,11:19:03,13.04,0.01,69,89976,买盘
2296,11:19:00,13.03,--,87,113361,卖盘
2297,11:18:54,13.03,--,1,1303,卖盘
2298,11:18:51,13.03,--,13,16939,卖盘
2299,11:18:48,13.03,-0.01,1,1303,卖盘
2300,11:18:45,13.04,-0.01,11,14343,中性盘
2301,11:18:42,13.05,0.02,110,143550,买盘
2302,11:18:39,13.03,-0.02,1290,1680870,卖盘
2303,11:18:36,13.05,--,80,104400,买盘
2304,11:18:33,13.05,--,228,297540,买盘
2305,11:18:27,13.05,0.01,8,10440,买盘
2306,11:18:24,13.04,--,11,14343,卖盘
2307,11:18:21,13.04,--,6,7823,卖盘
2308,11:18:18,13.04,-0.01,10,13040,卖盘
2309,11:18:15,13.05,--,11,14355,买盘
2310,11:18:06,13.05,0.01,12,15660,买盘
2311,11:18:03,13.04,--,7,9128,卖盘
2312,11:18:00,13.04,--,27,35208,卖盘
2313,11:17:57,13.04,--,67,87368,卖盘
2314,11:17:54,13.04,--,1,1304,卖盘
2315,11:17:51,13.04,--,22,28687,卖盘
2316,11:17:48,13.04,--,52,67808,卖盘
2317,11:17:45,13.04,--,123,160392,卖盘
2318,11:17:42,13.04,--,73,95192,买盘
2319,11:17:39,13.04,--,79,103016,买盘
2320,11:17:36,13.04,--,20,26080,买盘
2321,11:17:33,13.04,0.01,5,6520,买盘
2322,11:17:27,13.03,-0.01,12,15636,卖盘
2323,11:17:24,13.04,--,220,286880,卖盘
2324,11:17:21,13.04,--,40,52160,买盘
2325,11:17:18,13.04,--,6,7823,买盘
2326,11:17:15,13.04,--,91,118663,卖盘
2327,11:17:12,13.04,--,39,50856,卖盘
2328,11:17:06,13.04,--,1,1304,卖盘
2329,11:17:03,13.04,-0.01,20,26080,卖盘
2330,11:17:00,13.05,0.01,10,13050,买盘
2331,11:16:51,13.04,--,11,14343,买盘
2332,11:16:48,13.04,--,108,140832,卖盘
2333,11:16:45,13.04,--,86,112143,卖盘
2334,11:16:36,13.04,--,94,122575,卖盘
2335,11:16:33,13.04,-0.01,1,1304,卖盘
2336,11:16:30,13.05,0.01,16,20880,买盘
2337,11:16:24,13.04,-0.01,198,258191,卖盘
2338,11:16:21,13.05,--,40,52200,卖盘
2339,11:16:18,13.05,--,1,1305,卖盘
2340,11:16:15,13.05,-0.01,99,129195,卖盘
2341,11:16:12,13.06,0.01,210,274260,买盘
2342,11:16:09,13.05,-0.01,20,26100,卖盘
2343,11:16:06,13.06,0.01,10,13060,买盘
2344,11:15:57,13.05,--,5,6525,卖盘
2345,11:15:54,13.05,--,32,41760,卖盘
2346,11:15:51,13.05,0.01,2,2610,中性盘
2347,11:15:48,13.04,-0.02,91,118663,卖盘
2348,11:15:42,13.06,0.01,10,13060,买盘
2349,11:15:39,13.05,--,112,146160,买盘
2350,11:15:36,13.05,--,73,95265,卖盘
2351,11:15:33,13.05,-0.01,64,83520,卖盘
2352,11:15:27,13.06,--,7,9142,买盘
2353,11:15:24,13.06,--,6,7836,买盘
2354,11:15:18,13.06,0.01,37,48322,买盘
2355,11:15:12,13.05,--,25,32625,卖盘
2356,11:15:09,13.05,--,6,7830,卖盘
2357,11:15:06,13.05,--,108,140940,卖盘
2358,11:15:03,13.05,--,93,121365,卖盘
2359,11:14:57,13.05,--,1,1305,卖盘
2360,11:14:54,13.05,--,18,23490,卖盘
2361,11:14:51,13.05,0.01,312,407160,买盘
2362,11:14:48,13.04,--,100,130399,卖盘
2363,11:14:45,13.04,-0.01,1,1304,卖盘
2364,11:14:42,13.05,--,1,1305,买盘
2365,11:14:39,13.05,--,37,48285,买盘
2366,11:14:36,13.05,0.01,36,46980,买盘
2367,11:14:30,13.04,--,30,39120,卖盘
2368,11:14:27,13.04,--,34,44336,买盘
2369,11:14:24,13.04,0.01,10,13040,买盘
2370,11:14:21,13.03,-0.01,56,72968,卖盘
2371,11:14:18,13.04,--,30,39120,买盘
2372,11:14:15,13.04,0.01,172,224287,买盘
2373,11:14:12,13.03,--,27,35181,卖盘
2374,11:14:09,13.03,-0.01,23,29969,卖盘
2375,11:14:06,13.04,--,83,108232,买盘
2376,11:14:03,13.04,--,75,97800,买盘
2377,11:14:00,13.04,--,202,263408,买盘
2378,11:13:57,13.04,--,93,121271,买盘
2379,11:13:54,13.04,--,28,36512,买盘
2380,11:13:51,13.04,--,22,28687,买盘
2381,11:13:48,13.04,0.01,17,22168,买盘
2382,11:13:45,13.03,--,6,7818,卖盘
2383,11:13:39,13.03,--,10,13030,卖盘
2384,11:13:36,13.03,0.01,69,89907,买盘
2385,11:13:33,13.02,-0.01,229,298158,卖盘
2386,11:13:30,13.03,--,243,316629,买盘
2387,11:13:27,13.03,0.01,3,3909,买盘
2388,11:13:24,13.02,-0.01,129,167958,卖盘
2389,11:13:18,13.03,--,158,205874,买盘
2390,11:13:15,13.03,--,245,319235,买盘
2391,11:13:06,13.03,0.01,33,42999,买盘
2392,11:13:03,13.02,--,29,37758,卖盘
2393,11:12:57,13.02,-0.01,47,61194,卖盘
2394,11:12:54,13.03,0.01,32,41696,买盘
2395,11:12:51,13.02,0.01,55,71610,卖盘
2396,11:12:48,13.01,-0.01,200,260200,卖盘
2397,11:12:45,13.02,0.01,406,529718,买盘
2398,11:12:42,13.01,--,771,1003071,卖盘
2399,11:12:39,13.01,--,75,97575,卖盘
2400,11:12:36,13.01,-0.01,13,16913,卖盘
2401,11:12:33,13.02,0.01,45,58590,买盘
2402,11:12:30,13.01,--,9,11709,卖盘
2403,11:12:27,13.01,--,117,152217,卖盘
2404,11:12:24,13.01,--,59,76759,卖盘
2405,11:12:21,13.01,--,338,439738,卖盘
2406,11:12:18,13.01,--,760,988760,买盘
2407,11:12:15,13.01,--,34,44234,买盘
2408,11:12:12,13.01,0.01,15,19515,买盘
2409,11:12:09,13.0,-0.01,121,157300,卖盘
2410,11:12:06,13.01,--,173,225073,买盘
2411,11:12:03,13.01,0.01,63,81963,中性盘
2412,11:12:00,13.0,-0.01,785,1020500,卖盘
2413,11:11:57,13.01,--,7,9107,卖盘
2414,11:11:54,13.01,0.01,660,858725,买盘
2415,11:11:51,13.0,-0.01,77,101335,卖盘
2416,11:11:48,13.01,--,120,156120,卖盘
2417,11:11:45,13.01,--,45,58545,卖盘
2418,11:11:42,13.01,--,1695,2205260,卖盘
2419,11:11:39,13.01,--,113,147013,卖盘
2420,11:11:36,13.01,--,69,89769,卖盘
2421,11:11:33,13.01,--,105,136605,卖盘
2422,11:11:30,13.01,--,58,75458,卖盘
2423,11:11:27,13.01,--,65,84565,卖盘
2424,11:11:24,13.01,--,939,1221639,卖盘
2425,11:11:21,13.01,--,46,59846,卖盘
2426,11:11:18,13.01,--,2,2602,卖盘
2427,11:11:15,13.01,-0.01,97,126197,卖盘
2428,11:11:12,13.02,0.01,33,42966,买盘
2429,11:11:09,13.01,--,61,79361,卖盘
2430,11:11:06,13.01,-0.01,173,225073,卖盘
2431,11:11:03,13.02,--,308,401016,买盘
2432,11:11:00,13.02,--,1,1302,买盘
2433,11:10:57,13.02,--,293,381551,卖盘
2434,11:10:54,13.02,--,50,65100,卖盘
2435,11:10:51,13.02,--,70,91140,卖盘
2436,11:10:48,13.02,--,81,105462,卖盘
2437,11:10:45,13.02,--,392,510384,卖盘
2438,11:10:42,13.02,--,146,190092,卖盘
2439,11:10:39,13.02,--,104,135408,卖盘
2440,11:10:36,13.02,--,94,122388,卖盘
2441,11:10:33,13.02,--,37,48174,卖盘
2442,11:10:30,13.02,--,240,313716,买盘
2443,11:10:27,13.02,--,48,62561,卖盘
2444,11:10:24,13.02,-0.01,334,434868,卖盘
2445,11:10:21,13.03,0.01,159,207177,买盘
2446,11:10:18,13.02,--,1110,1446456,卖盘
2447,11:10:15,13.02,-0.01,49,63798,卖盘
2448,11:10:12,13.03,0.01,60,78180,买盘
2449,11:10:09,13.02,--,5,6510,卖盘
2450,11:10:06,13.02,-0.01,6,7812,卖盘
2451,11:10:03,13.03,0.01,3,3909,买盘
2452,11:10:00,13.02,-0.01,268,348936,卖盘
2453,11:09:57,13.03,--,408,531624,卖盘
2454,11:09:54,13.03,--,212,276236,卖盘
2455,11:09:51,13.03,--,512,667136,卖盘
2456,11:09:48,13.03,--,408,531624,卖盘
2457,11:09:45,13.03,--,16,20848,卖盘
2458,11:09:42,13.03,--,80,104240,卖盘
2459,11:09:39,13.03,-0.01,175,228025,卖盘
2460,11:09:36,13.04,--,29,37816,买盘
2461,11:09:33,13.04,--,8,10432,买盘
2462,11:09:30,13.04,--,10,13040,买盘
2463,11:09:27,13.04,--,460,600035,卖盘
2464,11:09:24,13.04,--,40,52160,卖盘
2465,11:09:21,13.04,--,488,636352,卖盘
2466,11:09:18,13.04,-0.01,62,80848,卖盘
2467,11:09:15,13.05,--,43,56115,买盘
2468,11:09:12,13.05,0.01,72,93960,买盘
2469,11:09:09,13.04,-0.01,17,22168,卖盘
2470,11:09:06,13.05,--,60,78300,买盘
2471,11:09:03,13.05,--,105,137025,买盘
2472,11:09:00,13.05,--,52,67860,买盘
2473,11:08:57,13.05,-0.01,227,296235,卖盘
2474,11:08:54,13.06,--,50,65300,买盘
2475,11:08:51,13.06,--,37,48322,买盘
2476,11:08:48,13.06,0.01,73,95338,买盘
2477,11:08:45,13.05,--,92,120060,卖盘
2478,11:08:39,13.05,-0.01,84,109620,卖盘
2479,11:08:36,13.06,--,10,13060,买盘
2480,11:08:33,13.06,--,72,94032,买盘
2481,11:08:30,13.06,0.02,20,26120,买盘
2482,11:08:27,13.04,-0.02,54,70416,卖盘
2483,11:08:24,13.06,0.02,3,3918,买盘
2484,11:08:18,13.04,-0.01,73,95192,卖盘
2485,11:08:15,13.05,--,24,31320,卖盘
2486,11:08:12,13.05,--,152,198360,卖盘
2487,11:08:09,13.05,--,8,10440,卖盘
2488,11:08:06,13.05,0.01,450,588189,买盘
2489,11:08:03,13.04,--,1,1304,卖盘
2490,11:08:00,13.04,--,32,41728,卖盘
2491,11:07:57,13.04,--,67,87368,卖盘
2492,11:07:54,13.04,0.01,468,610441,买盘
2493,11:07:51,13.03,--,75,97725,卖盘
2494,11:07:48,13.03,--,13,16939,卖盘
2495,11:07:45,13.03,--,120,156360,卖盘
2496,11:07:42,13.03,--,125,162875,卖盘
2497,11:07:39,13.03,--,15,19545,卖盘
2498,11:07:36,13.03,--,33,42999,卖盘
2499,11:07:33,13.03,--,111,144633,买盘
2500,11:07:30,13.03,--,44,57332,买盘
2501,11:07:27,13.03,--,362,471686,卖盘
2502,11:07:24,13.03,-0.01,24,31272,中性盘
2503,11:07:21,13.04,--,497,649222,买盘
2504,11:07:18,13.04,0.01,3,3911,中性盘
2505,11:07:15,13.03,-0.01,79,102937,卖盘
2506,11:07:12,13.04,--,742,967737,买盘
2507,11:07:09,13.04,0.01,68,88672,买盘
2508,11:07:06,13.03,--,106,138118,卖盘
2509,11:07:03,13.03,--,162,211086,卖盘
2510,11:07:00,13.03,--,161,209783,卖盘
2511,11:06:57,13.03,0.01,804,1047612,买盘
2512,11:06:54,13.02,--,563,733026,卖盘
2513,11:06:51,13.02,-0.01,68,88536,卖盘
2514,11:06:48,13.03,0.01,679,884737,买盘
2515,11:06:45,13.02,-0.01,36,46872,卖盘
2516,11:06:42,13.03,--,20,26060,买盘
2517,11:06:39,13.03,-0.02,1889,2462500,卖盘
2518,11:06:36,13.05,0.01,411,536524,买盘
2519,11:06:33,13.04,0.01,2,2608,买盘
2520,11:06:30,13.03,-0.01,60,79313,卖盘
2521,11:06:27,13.04,--,718,936271,卖盘
2522,11:06:24,13.04,--,70,91280,卖盘
2523,11:06:21,13.04,-0.01,287,374248,卖盘
2524,11:06:18,13.05,--,8,10440,买盘
2525,11:06:15,13.05,--,32,42125,卖盘
2526,11:06:12,13.05,--,1320,1722600,卖盘
2527,11:06:09,13.05,--,90,118389,卖盘
2528,11:06:06,13.05,--,342,446310,卖盘
2529,11:06:03,13.05,--,21,27405,卖盘
2530,11:06:00,13.05,-0.01,55,71775,卖盘
2531,11:05:57,13.06,0.01,7,9142,买盘
2532,11:05:54,13.05,--,78,101790,卖盘
2533,11:05:51,13.05,-0.01,590,771189,卖盘
2534,11:05:48,13.06,--,53,69218,卖盘
2535,11:05:42,13.06,--,61,79666,卖盘
2536,11:05:39,13.06,-0.01,137,178922,卖盘
2537,11:05:36,13.07,0.01,57,74499,买盘
2538,11:05:33,13.06,--,63,82278,卖盘
2539,11:05:30,13.06,--,220,287320,卖盘
2540,11:05:27,13.06,-0.01,67,87502,卖盘
2541,11:05:24,13.07,--,22,28754,买盘
2542,11:05:21,13.07,0.01,35,45745,买盘
2543,11:05:15,13.06,--,26,33956,卖盘
2544,11:05:12,13.06,-0.01,10,13060,卖盘
2545,11:05:09,13.07,0.01,46,60122,买盘
2546,11:05:06,13.06,--,110,143660,卖盘
2547,11:05:03,13.06,--,267,348702,卖盘
2548,11:05:00,13.06,-0.01,15,19590,卖盘
2549,11:04:57,13.07,-0.01,398,520186,卖盘
2550,11:04:51,13.08,0.01,3,3924,买盘
2551,11:04:48,13.07,--,9,11763,卖盘
2552,11:04:45,13.07,--,50,65350,卖盘
2553,11:04:42,13.07,--,171,223497,卖盘
2554,11:04:39,13.07,--,10,13070,卖盘
2555,11:04:36,13.07,--,10,13070,卖盘
2556,11:04:33,13.07,--,66,86262,卖盘
2557,11:04:30,13.07,-0.01,71,92797,卖盘
2558,11:04:27,13.08,0.01,6,7848,买盘
2559,11:04:24,13.07,0.01,73,95411,中性盘
2560,11:04:21,13.06,--,152,198512,卖盘
2561,11:04:18,13.06,-0.02,2,2612,卖盘
2562,11:04:12,13.08,0.02,2,2616,买盘
2563,11:04:09,13.06,--,81,105786,卖盘
2564,11:04:06,13.06,-0.02,240,313440,卖盘
2565,11:04:03,13.08,--,430,562440,卖盘
2566,11:04:00,13.08,--,5,6540,卖盘
2567,11:03:57,13.08,--,23,30084,卖盘
2568,11:03:54,13.08,-0.01,11,14388,卖盘
2569,11:03:51,13.09,0.01,41,53669,买盘
2570,11:03:48,13.08,-0.01,14,18312,卖盘
2571,11:03:42,13.09,0.01,4,5236,买盘
2572,11:03:39,13.08,--,3,3924,卖盘
2573,11:03:36,13.08,--,64,83712,卖盘
2574,11:03:33,13.08,-0.01,4,5232,卖盘
2575,11:03:30,13.09,--,7,9163,买盘
2576,11:03:27,13.09,--,4,5236,买盘
2577,11:03:24,13.09,0.01,11,14399,买盘
2578,11:03:21,13.08,--,95,124260,卖盘
2579,11:03:18,13.08,--,74,96792,买盘
2580,11:03:15,13.08,--,46,60168,卖盘
2581,11:03:12,13.08,-0.01,100,130800,卖盘
2582,11:03:09,13.09,0.01,1,1309,买盘
2583,11:03:06,13.08,--,168,219744,卖盘
2584,11:03:03,13.08,--,55,71940,卖盘
2585,11:02:57,13.08,-0.01,12,15696,卖盘
2586,11:02:54,13.09,0.01,5,6545,买盘
2587,11:02:51,13.08,-0.01,110,143880,卖盘
2588,11:02:48,13.09,0.01,17,22253,买盘
2589,11:02:45,13.08,-0.01,18,23544,卖盘
2590,11:02:42,13.09,0.01,146,191114,买盘
2591,11:02:39,13.08,-0.01,13,17004,卖盘
2592,11:02:36,13.09,0.01,196,256564,买盘
2593,11:02:33,13.08,-0.01,98,128184,卖盘
2594,11:02:30,13.09,0.01,30,39270,买盘
2595,11:02:27,13.08,--,14,18312,卖盘
2596,11:02:24,13.08,--,26,34008,卖盘
2597,11:02:21,13.08,--,14,18312,卖盘
2598,11:02:18,13.08,--,35,45780,卖盘
2599,11:02:12,13.08,--,26,34008,卖盘
2600,11:02:09,13.08,-0.01,19,24852,卖盘
2601,11:02:06,13.09,0.01,2,2618,买盘
2602,11:02:03,13.08,--,269,351852,卖盘
2603,11:01:57,13.08,--,13,17004,卖盘
2604,11:01:54,13.08,--,3,3924,卖盘
2605,11:01:51,13.08,--,4,5232,卖盘
2606,11:01:48,13.08,--,36,47088,卖盘
2607,11:01:42,13.08,--,6,7848,卖盘
2608,11:01:39,13.08,0.01,444,580752,买盘
2609,11:01:36,13.07,--,141,184287,卖盘
2610,11:01:33,13.07,-0.01,23,30061,卖盘
2611,11:01:27,13.08,0.01,37,48396,买盘
2612,11:01:24,13.07,--,8,10456,卖盘
2613,11:01:21,13.07,--,37,48359,卖盘
2614,11:01:18,13.07,--,42,54894,卖盘
2615,11:01:09,13.07,0.01,163,213106,买盘
2616,11:01:06,13.06,--,44,57464,卖盘
2617,11:01:03,13.06,-0.01,20,26120,卖盘
2618,11:01:00,13.07,0.01,1,1307,买盘
2619,11:00:57,13.06,-0.01,31,40486,卖盘
2620,11:00:54,13.07,0.01,8,10456,买盘
2621,11:00:51,13.06,-0.01,54,70524,卖盘
2622,11:00:48,13.07,0.01,9,11763,买盘
2623,11:00:45,13.06,--,8,10448,卖盘
2624,11:00:42,13.06,-0.01,103,135758,卖盘
2625,11:00:39,13.07,--,914,1194663,买盘
2626,11:00:36,13.07,--,91,118937,买盘
2627,11:00:30,13.07,--,156,203892,买盘
2628,11:00:27,13.07,0.01,24,31368,买盘
2629,11:00:24,13.06,--,17,22202,卖盘
2630,11:00:21,13.06,-0.01,61,79666,卖盘
2631,11:00:18,13.07,0.01,216,282312,买盘
2632,11:00:15,13.06,--,10,13060,卖盘
2633,11:00:12,13.06,--,47,61382,卖盘
2634,11:00:09,13.06,--,1,1306,卖盘
2635,11:00:06,13.06,-0.01,14,18284,卖盘
2636,11:00:00,13.07,--,29,37903,买盘
2637,10:59:57,13.07,--,271,355438,卖盘
2638,10:59:54,13.07,--,168,219576,卖盘
2639,10:59:48,13.07,--,162,211734,卖盘
2640,10:59:45,13.07,--,90,117630,卖盘
2641,10:59:42,13.07,--,53,69271,卖盘
2642,10:59:39,13.07,--,210,274470,卖盘
2643,10:59:36,13.07,-0.01,11,14377,卖盘
2644,10:59:33,13.08,0.01,50,65400,买盘
2645,10:59:30,13.07,--,5,6535,卖盘
2646,10:59:27,13.07,--,4,5228,卖盘
2647,10:59:24,13.07,-0.01,49,64043,卖盘
2648,10:59:21,13.08,--,2,2616,买盘
2649,10:59:15,13.08,--,303,396324,卖盘
2650,10:59:09,13.08,--,1,1308,卖盘
2651,10:59:06,13.08,--,2,2616,卖盘
2652,10:59:03,13.08,-0.01,813,1063469,卖盘
2653,10:59:00,13.09,0.01,3,3927,买盘
2654,10:58:57,13.08,--,10,13080,卖盘
2655,10:58:54,13.08,--,40,52320,卖盘
2656,10:58:51,13.08,--,427,558516,卖盘
2657,10:58:48,13.08,--,2,2616,卖盘
2658,10:58:45,13.08,-0.01,10,13080,卖盘
2659,10:58:42,13.09,0.01,49,64141,买盘
2660,10:58:39,13.08,--,15,19620,卖盘
2661,10:58:36,13.08,--,83,108564,卖盘
2662,10:58:33,13.08,--,60,78480,卖盘
2663,10:58:30,13.08,--,142,185736,卖盘
2664,10:58:27,13.08,--,3,3924,卖盘
2665,10:58:24,13.08,--,19,24852,卖盘
2666,10:58:21,13.08,-0.01,50,65400,卖盘
2667,10:58:18,13.09,--,15,19635,买盘
2668,10:58:15,13.09,--,28,36652,买盘
2669,10:58:12,13.09,--,32,41888,买盘
2670,10:58:09,13.09,--,34,44506,卖盘
2671,10:58:06,13.09,--,251,328559,卖盘
2672,10:58:03,13.09,--,42,54978,卖盘
2673,10:57:57,13.09,-0.01,3,3927,卖盘
2674,10:57:54,13.1,0.01,104,136240,买盘
2675,10:57:48,13.09,--,22,28798,卖盘
2676,10:57:45,13.09,-0.01,2,2618,卖盘
2677,10:57:42,13.1,--,233,305230,买盘
2678,10:57:39,13.1,0.01,33,43230,买盘
2679,10:57:36,13.09,-0.01,50,65450,卖盘
2680,10:57:33,13.1,0.01,15,19650,买盘
2681,10:57:30,13.09,--,49,64141,卖盘
2682,10:57:27,13.09,--,37,48433,卖盘
2683,10:57:24,13.09,--,76,99484,卖盘
2684,10:57:21,13.09,--,20,26180,卖盘
2685,10:57:18,13.09,--,6,7854,卖盘
2686,10:57:15,13.09,--,5,6545,卖盘
2687,10:57:09,13.09,--,21,27489,卖盘
2688,10:57:06,13.09,--,14,18326,卖盘
2689,10:57:03,13.09,--,201,263109,卖盘
2690,10:56:57,13.09,--,11,14399,卖盘
2691,10:56:54,13.09,-0.01,20,26180,卖盘
2692,10:56:51,13.1,--,107,140170,买盘
2693,10:56:48,13.1,0.01,15,19650,买盘
2694,10:56:45,13.09,-0.01,20,26180,卖盘
2695,10:56:42,13.1,--,49,64190,卖盘
2696,10:56:39,13.1,--,10,13100,卖盘
2697,10:56:36,13.1,--,3,3930,卖盘
2698,10:56:33,13.1,-0.01,51,66810,卖盘
2699,10:56:30,13.11,0.01,20,26220,买盘
2700,10:56:27,13.1,--,47,61570,买盘
2701,10:56:24,13.1,--,93,121830,卖盘
2702,10:56:21,13.1,--,84,110040,卖盘
2703,10:56:18,13.1,--,285,373350,卖盘
2704,10:56:15,13.1,--,67,87770,卖盘
2705,10:56:09,13.1,--,364,476840,卖盘
2706,10:56:06,13.1,--,113,148030,卖盘
2707,10:56:03,13.1,--,1,1310,卖盘
2708,10:56:00,13.1,--,17,22270,卖盘
2709,10:55:57,13.1,--,65,85150,卖盘
2710,10:55:54,13.1,--,25,32750,卖盘
2711,10:55:51,13.1,-0.01,265,347150,卖盘
2712,10:55:48,13.11,0.01,66,86526,买盘
2713,10:55:45,13.1,--,1,1310,卖盘
2714,10:55:39,13.1,--,251,328810,卖盘
2715,10:55:36,13.1,--,94,123140,卖盘
2716,10:55:33,13.1,-0.01,107,140170,卖盘
2717,10:55:30,13.11,0.01,179,234669,买盘
2718,10:55:27,13.1,-0.01,48,62880,卖盘
2719,10:55:24,13.11,--,4,5244,买盘
2720,10:55:21,13.11,-0.01,83,108813,卖盘
2721,10:55:18,13.12,--,38,49856,买盘
2722,10:55:15,13.12,0.01,70,91840,买盘
2723,10:55:12,13.11,--,4,5244,卖盘
2724,10:55:09,13.11,--,33,43263,卖盘
2725,10:55:06,13.11,-0.01,5,6555,买盘
2726,10:55:03,13.12,--,210,275585,买盘
2727,10:55:00,13.12,0.01,85,111520,买盘
2728,10:54:57,13.11,--,38,49818,卖盘
2729,10:54:54,13.11,--,20,26220,卖盘
2730,10:54:51,13.11,-0.01,100,131100,卖盘
2731,10:54:48,13.12,0.01,134,175808,买盘
2732,10:54:45,13.11,--,389,509979,卖盘
2733,10:54:42,13.11,-0.01,32,41952,卖盘
2734,10:54:39,13.12,0.01,74,98334,买盘
2735,10:54:36,13.11,--,73,95703,卖盘
2736,10:54:33,13.11,--,357,468027,卖盘
2737,10:54:30,13.11,--,81,106191,卖盘
2738,10:54:27,13.11,-0.01,1133,1485363,卖盘
2739,10:54:24,13.12,0.01,2,2624,买盘
2740,10:54:21,13.11,--,3,3933,卖盘
2741,10:54:18,13.11,--,210,275310,卖盘
2742,10:54:15,13.11,--,346,453606,卖盘
2743,10:54:12,13.11,--,60,78660,卖盘
2744,10:54:06,13.11,--,5,6555,卖盘
2745,10:54:03,13.11,-0.01,4,5244,卖盘
2746,10:54:00,13.12,--,352,461824,卖盘
2747,10:53:57,13.12,--,146,191552,卖盘
2748,10:53:54,13.12,-0.01,50,65600,卖盘
2749,10:53:51,13.13,0.01,45,59085,买盘
2750,10:53:48,13.12,--,155,203360,卖盘
2751,10:53:45,13.12,--,102,133824,卖盘
2752,10:53:39,13.12,-0.01,17,22304,卖盘
2753,10:53:36,13.13,0.01,2,2626,买盘
2754,10:53:33,13.12,--,53,69536,卖盘
2755,10:53:27,13.12,--,3,3935,卖盘
2756,10:53:24,13.12,--,139,182368,卖盘
2757,10:53:21,13.12,--,21,27552,卖盘
2758,10:53:18,13.12,-0.01,167,219104,卖盘
2759,10:53:15,13.13,0.01,56,73528,买盘
2760,10:53:09,13.12,--,15,19680,卖盘
2761,10:53:06,13.12,--,538,705856,卖盘
2762,10:53:03,13.12,--,4,5248,卖盘
2763,10:53:00,13.12,--,45,59040,卖盘
2764,10:52:57,13.12,--,27,35424,卖盘
2765,10:52:54,13.12,--,135,177120,卖盘
2766,10:52:51,13.12,-0.01,50,65600,卖盘
2767,10:52:48,13.13,0.01,184,241592,买盘
2768,10:52:45,13.12,-0.01,325,426400,卖盘
2769,10:52:42,13.13,0.01,1,1313,买盘
2770,10:52:36,13.12,-0.02,13,17056,卖盘
2771,10:52:33,13.14,0.01,29,38106,买盘
2772,10:52:30,13.13,-0.01,153,200889,卖盘
2773,10:52:27,13.14,--,117,153738,买盘
2774,10:52:24,13.14,0.01,117,153738,买盘
