,time,price,change,volume,amount,type
0,15:00:03,8.5,--,8117,6899450,卖盘
1,14:57:00,8.5,-0.01,127,107950,卖盘
2,14:56:57,8.51,0.02,393,334443,买盘
3,14:56:54,8.49,-0.02,160,135840,卖盘
4,14:56:51,8.51,--,457,388907,买盘
5,14:56:48,8.51,0.01,114,97014,买盘
6,14:56:45,8.5,-0.01,272,231200,卖盘
7,14:56:42,8.51,-0.01,719,611869,卖盘
8,14:56:39,8.52,0.01,626,533352,买盘
9,14:56:36,8.51,-0.01,185,157435,卖盘
10,14:56:33,8.52,0.01,368,313536,买盘
11,14:56:30,8.51,--,25,21275,卖盘
12,14:56:27,8.51,0.01,1467,1248417,买盘
13,14:56:24,8.5,--,448,380800,卖盘
14,14:56:21,8.5,--,3257,2768450,买盘
15,14:56:18,8.5,0.01,179,152150,买盘
16,14:56:15,8.49,--,1548,1314252,卖盘
17,14:56:12,8.49,--,1061,900789,卖盘
18,14:56:09,8.49,--,103,87447,卖盘
19,14:56:06,8.49,--,188,159612,卖盘
20,14:56:03,8.49,--,189,160461,卖盘
21,14:56:00,8.49,0.01,246,208854,买盘
22,14:55:57,8.48,-0.02,91,77168,卖盘
23,14:55:54,8.5,0.02,130,110500,买盘
24,14:55:51,8.48,-0.01,221,187408,卖盘
25,14:55:48,8.49,0.01,1545,1311705,买盘
26,14:55:45,8.48,-0.01,836,708928,卖盘
27,14:55:42,8.49,--,428,363372,卖盘
28,14:55:39,8.49,--,661,561189,卖盘
29,14:55:36,8.49,--,293,248757,卖盘
30,14:55:33,8.49,0.01,3540,3005808,买盘
31,14:55:30,8.48,--,90,76320,卖盘
32,14:55:27,8.48,0.01,764,647872,买盘
33,14:55:24,8.47,-0.01,164,138908,卖盘
34,14:55:21,8.48,0.01,79,66992,买盘
35,14:55:18,8.47,-0.02,216,182952,卖盘
36,14:55:15,8.49,--,279,236871,买盘
37,14:55:12,8.49,--,1572,1334628,买盘
38,14:55:09,8.49,0.01,949,805701,买盘
39,14:55:06,8.48,--,208,176384,卖盘
40,14:55:03,8.48,--,558,473184,卖盘
41,14:55:00,8.48,0.01,102,86496,中性盘
42,14:54:57,8.47,--,271,229537,卖盘
43,14:54:54,8.47,-0.02,228,193116,卖盘
44,14:54:51,8.49,--,502,426198,买盘
45,14:54:48,8.49,0.01,159,134991,买盘
46,14:54:45,8.48,0.01,2812,2384576,买盘
47,14:54:42,8.47,--,210,177870,卖盘
48,14:54:39,8.47,--,637,539539,买盘
49,14:54:36,8.47,0.01,1506,1275582,买盘
50,14:54:33,8.46,--,238,201348,卖盘
51,14:54:30,8.46,--,21,17766,卖盘
52,14:54:27,8.46,--,133,112518,卖盘
53,14:54:24,8.46,0.01,405,342630,买盘
54,14:54:21,8.45,--,79,66755,卖盘
55,14:54:18,8.45,--,131,110694,卖盘
56,14:54:15,8.45,--,64,54079,卖盘
57,14:54:12,8.45,-0.02,12,10140,卖盘
58,14:54:09,8.47,--,633,536151,买盘
59,14:54:06,8.47,0.01,6290,5327630,买盘
60,14:54:03,8.46,--,100,84600,卖盘
61,14:54:00,8.46,--,52,43992,卖盘
62,14:53:57,8.46,--,385,325710,卖盘
63,14:53:54,8.46,--,366,309636,卖盘
64,14:53:51,8.46,0.01,1477,1249542,买盘
65,14:53:48,8.45,--,20,16900,买盘
66,14:53:45,8.45,--,152,128439,买盘
67,14:53:42,8.45,--,170,143650,卖盘
68,14:53:39,8.45,-0.01,146,123369,卖盘
69,14:53:36,8.46,0.01,91,76986,买盘
70,14:53:33,8.45,-0.01,66,55769,卖盘
71,14:53:30,8.46,0.01,20,16920,买盘
72,14:53:27,8.45,--,4,3379,卖盘
73,14:53:24,8.45,--,8,6759,卖盘
74,14:53:21,8.45,-0.01,403,340535,卖盘
75,14:53:18,8.46,0.01,214,181044,买盘
76,14:53:15,8.45,-0.01,91,77452,卖盘
77,14:53:12,8.46,--,350,296100,卖盘
78,14:53:09,8.46,--,513,433998,卖盘
79,14:53:06,8.46,--,140,118440,卖盘
80,14:53:03,8.46,--,240,203040,卖盘
81,14:53:00,8.46,--,168,142128,卖盘
82,14:52:57,8.46,--,179,151434,卖盘
83,14:52:54,8.46,--,18,15228,卖盘
84,14:52:51,8.46,-0.01,53,44838,卖盘
85,14:52:48,8.47,0.01,140,118580,买盘
86,14:52:45,8.46,--,140,118440,卖盘
87,14:52:42,8.46,--,87,73602,卖盘
88,14:52:39,8.46,--,62,52452,卖盘
89,14:52:36,8.46,-0.01,80,68356,卖盘
90,14:52:33,8.47,--,106,89782,买盘
91,14:52:30,8.47,--,89,75383,买盘
92,14:52:27,8.47,0.01,93,78771,买盘
93,14:52:24,8.46,--,495,418770,卖盘
94,14:52:21,8.46,--,212,179352,卖盘
95,14:52:18,8.46,--,132,111672,卖盘
96,14:52:15,8.46,-0.01,34,28764,卖盘
97,14:52:12,8.47,0.01,509,431123,买盘
98,14:52:09,8.46,--,133,112518,卖盘
99,14:52:06,8.46,--,77,65142,卖盘
100,14:52:03,8.46,--,177,149742,卖盘
101,14:52:00,8.46,--,43,36378,卖盘
102,14:51:57,8.46,--,62,52452,卖盘
103,14:51:54,8.46,--,60,50760,卖盘
104,14:51:51,8.46,0.01,757,640878,买盘
105,14:51:48,8.45,--,45,38025,买盘
106,14:51:45,8.45,--,95,80275,买盘
107,14:51:42,8.45,-0.01,2880,2433600,卖盘
108,14:51:39,8.46,--,302,255492,卖盘
109,14:51:36,8.46,0.01,1117,944982,买盘
110,14:51:33,8.45,-0.01,63,53234,卖盘
111,14:51:30,8.46,0.02,17,14382,买盘
112,14:51:27,8.44,-0.01,54,45576,卖盘
113,14:51:24,8.45,0.01,24,20280,中性盘
114,14:51:21,8.44,-0.01,459,387396,卖盘
115,14:51:18,8.45,0.01,36,30419,卖盘
116,14:51:15,8.44,-0.01,34,28696,卖盘
117,14:51:12,8.45,--,51,43095,买盘
118,14:51:09,8.45,--,219,185054,买盘
119,14:51:06,8.45,--,36,30419,买盘
120,14:51:03,8.45,--,210,177449,买盘
121,14:51:00,8.45,--,290,245049,买盘
122,14:50:57,8.45,--,73,61684,卖盘
123,14:50:54,8.45,--,115,97174,卖盘
124,14:50:51,8.45,--,21,17745,卖盘
125,14:50:48,8.45,-0.01,78,65910,卖盘
126,14:50:45,8.46,--,41,34686,买盘
127,14:50:42,8.46,--,60,50760,卖盘
128,14:50:39,8.46,-0.01,284,240264,卖盘
129,14:50:36,8.47,--,626,530222,买盘
130,14:50:33,8.47,0.01,280,237160,买盘
131,14:50:30,8.46,--,84,71064,卖盘
132,14:50:27,8.46,--,53,44838,卖盘
133,14:50:24,8.46,--,133,112518,买盘
134,14:50:21,8.46,0.01,613,518598,买盘
135,14:50:18,8.45,-0.01,263,222234,卖盘
136,14:50:15,8.46,--,68,57528,买盘
137,14:50:12,8.46,0.01,94,79524,买盘
138,14:50:09,8.45,-0.01,45,38025,卖盘
139,14:50:06,8.46,0.01,107,90522,买盘
140,14:50:03,8.45,-0.01,26,21969,卖盘
141,14:50:00,8.46,0.01,671,567666,买盘
142,14:49:57,8.45,--,982,829789,卖盘
143,14:49:54,8.45,--,110,92949,卖盘
144,14:49:51,8.45,--,185,156325,卖盘
145,14:49:48,8.45,0.01,1976,1669719,买盘
146,14:49:45,8.44,--,29,24476,卖盘
147,14:49:42,8.44,--,565,476860,卖盘
148,14:49:39,8.44,-0.01,8,6752,中性盘
149,14:49:36,8.45,0.01,1486,1255670,买盘
150,14:49:33,8.44,--,4,3376,买盘
151,14:49:30,8.44,--,200,168800,买盘
152,14:49:27,8.44,--,313,264172,买盘
153,14:49:24,8.44,0.01,46,38824,买盘
154,14:49:21,8.43,--,8,6744,卖盘
155,14:49:18,8.43,--,40,33720,卖盘
156,14:49:15,8.43,-0.02,53,44679,卖盘
157,14:49:12,8.45,0.01,828,699659,买盘
158,14:49:09,8.44,--,77,64987,买盘
159,14:49:06,8.44,0.01,145,122380,买盘
160,14:49:03,8.43,-0.01,666,561438,卖盘
161,14:49:00,8.44,--,181,152764,卖盘
162,14:48:57,8.44,--,72,60768,卖盘
163,14:48:54,8.44,-0.01,275,232100,卖盘
164,14:48:51,8.45,0.01,15,12674,买盘
165,14:48:48,8.44,--,128,108032,卖盘
166,14:48:45,8.44,--,89,75116,卖盘
167,14:48:42,8.44,0.01,529,446476,买盘
168,14:48:39,8.43,--,157,132351,卖盘
169,14:48:36,8.43,0.01,281,236883,买盘
170,14:48:33,8.42,--,1432,1205744,卖盘
171,14:48:30,8.42,--,65,54730,卖盘
172,14:48:27,8.42,-0.01,39,32838,卖盘
173,14:48:24,8.43,--,56,47208,买盘
174,14:48:21,8.43,--,88,74184,买盘
175,14:48:18,8.43,-0.01,315,265545,卖盘
176,14:48:15,8.44,--,948,800112,买盘
177,14:48:12,8.44,0.01,185,156140,买盘
178,14:48:09,8.43,--,64,53952,卖盘
179,14:48:06,8.43,-0.01,43,36249,卖盘
180,14:48:03,8.44,--,119,100436,卖盘
181,14:48:00,8.44,--,632,533408,卖盘
182,14:47:57,8.44,0.01,714,602616,买盘
183,14:47:54,8.43,--,567,477981,卖盘
184,14:47:51,8.43,-0.01,40,33720,卖盘
185,14:47:48,8.44,0.01,99,83556,买盘
186,14:47:45,8.43,--,16,13488,卖盘
187,14:47:42,8.43,--,5,4215,卖盘
188,14:47:39,8.43,-0.01,27,22761,卖盘
189,14:47:36,8.44,0.01,2,1688,买盘
190,14:47:33,8.43,-0.01,209,176187,卖盘
191,14:47:30,8.44,0.01,7,5908,买盘
192,14:47:27,8.43,--,354,298422,卖盘
193,14:47:24,8.43,0.01,491,413913,买盘
194,14:47:21,8.42,-0.01,85,71570,卖盘
195,14:47:18,8.43,0.01,59,49737,买盘
196,14:47:15,8.42,-0.01,3,2526,卖盘
197,14:47:12,8.43,0.01,29,24447,买盘
198,14:47:09,8.42,-0.01,94,79148,卖盘
199,14:47:06,8.43,0.01,24,20232,买盘
200,14:47:03,8.42,-0.01,59,49678,卖盘
201,14:47:00,8.43,0.01,6,5580,买盘
202,14:46:57,8.42,-0.01,70,59091,卖盘
203,14:46:54,8.43,--,760,640680,卖盘
204,14:46:51,8.43,--,128,107904,卖盘
205,14:46:48,8.43,--,644,542892,卖盘
206,14:46:45,8.43,0.02,542,457428,买盘
207,14:46:42,8.41,-0.01,16,13456,卖盘
208,14:46:39,8.42,--,768,646656,卖盘
209,14:46:36,8.42,-0.01,20,16840,中性盘
210,14:46:33,8.43,0.01,1400,1180200,买盘
211,14:46:30,8.42,0.01,26,21892,中性盘
212,14:46:27,8.41,-0.02,55,46255,卖盘
213,14:46:24,8.43,0.01,434,365862,买盘
214,14:46:21,8.42,--,295,248390,买盘
215,14:46:18,8.42,--,169,142298,买盘
216,14:46:15,8.42,0.01,5,4210,买盘
217,14:46:12,8.41,-0.01,1,841,卖盘
218,14:46:09,8.42,0.01,1220,1027240,买盘
219,14:46:06,8.41,--,614,516374,卖盘
220,14:46:03,8.41,-0.01,144,121104,卖盘
221,14:46:00,8.42,0.01,77,64834,买盘
222,14:45:57,8.41,-0.01,161,135401,卖盘
223,14:45:54,8.42,--,183,154086,买盘
224,14:45:51,8.42,0.01,62,52204,买盘
225,14:45:48,8.41,--,19,15979,卖盘
226,14:45:45,8.41,-0.01,101,84941,卖盘
227,14:45:42,8.42,--,4,3368,买盘
228,14:45:39,8.42,--,74,62308,买盘
229,14:45:36,8.42,0.01,50,42100,买盘
230,14:45:33,8.41,-0.01,30,25230,卖盘
231,14:45:30,8.42,--,20,16840,买盘
232,14:45:27,8.42,0.01,20,16840,买盘
233,14:45:24,8.41,--,53,44573,卖盘
234,14:45:21,8.41,--,43,36163,卖盘
235,14:45:18,8.41,-0.01,57,47937,卖盘
236,14:45:15,8.42,--,56,47152,买盘
237,14:45:12,8.42,--,57,47994,买盘
238,14:45:09,8.42,--,568,478256,卖盘
239,14:45:06,8.42,--,250,210500,卖盘
240,14:45:03,8.42,--,126,106092,卖盘
241,14:45:00,8.42,-0.01,31,26102,卖盘
242,14:44:57,8.43,--,36,30348,买盘
243,14:44:54,8.43,0.01,7,5901,买盘
244,14:44:51,8.42,--,84,70728,卖盘
245,14:44:48,8.42,--,16,14179,卖盘
246,14:44:45,8.42,--,5,4210,卖盘
247,14:44:42,8.42,0.01,190,159980,买盘
248,14:44:39,8.41,-0.01,22,18502,卖盘
249,14:44:36,8.42,--,322,271124,买盘
250,14:44:33,8.42,--,25,21050,买盘
251,14:44:30,8.42,0.01,155,130510,买盘
252,14:44:27,8.41,-0.01,3,2523,卖盘
253,14:44:24,8.42,--,66,55572,卖盘
254,14:44:21,8.42,0.01,238,200396,中性盘
255,14:44:18,8.41,-0.01,53,44573,卖盘
256,14:44:15,8.42,--,49,41258,买盘
257,14:44:12,8.42,0.01,634,533828,买盘
258,14:44:09,8.41,-0.01,29,24389,卖盘
259,14:44:06,8.42,0.01,23,19366,买盘
260,14:44:03,8.41,-0.01,44,37004,卖盘
261,14:44:00,8.42,0.01,142,119564,买盘
262,14:43:57,8.41,-0.01,20,16820,卖盘
263,14:43:54,8.42,--,62,52204,买盘
264,14:43:51,8.42,--,312,262704,买盘
265,14:43:48,8.42,--,101,85042,买盘
266,14:43:45,8.42,--,18,15156,买盘
267,14:43:42,8.42,0.01,17,14314,买盘
268,14:43:39,8.41,-0.02,13,10933,卖盘
269,14:43:36,8.43,--,114,96422,买盘
270,14:43:33,8.43,0.01,8,6744,买盘
271,14:43:30,8.42,-0.01,3,2526,卖盘
272,14:43:24,8.43,--,191,161181,买盘
273,14:43:18,8.43,0.01,20,16860,买盘
274,14:43:15,8.42,--,119,100198,卖盘
275,14:43:12,8.42,--,564,475241,卖盘
276,14:43:09,8.42,--,576,484992,卖盘
277,14:43:06,8.42,--,172,144824,卖盘
278,14:43:03,8.42,--,29,24418,卖盘
279,14:43:00,8.42,--,192,161664,卖盘
280,14:42:57,8.42,--,2,1684,卖盘
281,14:42:54,8.42,--,21,17682,卖盘
282,14:42:51,8.42,--,6,5052,卖盘
283,14:42:48,8.42,-0.01,9,7578,卖盘
284,14:42:45,8.43,--,2,1686,买盘
285,14:42:42,8.43,--,4,3372,买盘
286,14:42:39,8.43,0.01,22,18546,买盘
287,14:42:33,8.42,--,33,27786,卖盘
288,14:42:30,8.42,--,16,13472,卖盘
289,14:42:27,8.42,--,4,3368,卖盘
290,14:42:24,8.42,--,72,60624,买盘
291,14:42:21,8.42,--,718,604556,买盘
292,14:42:18,8.42,0.01,196,165032,买盘
293,14:42:15,8.41,-0.01,8,6728,卖盘
294,14:42:12,8.42,--,36,30312,买盘
295,14:42:09,8.42,--,224,188608,买盘
296,14:42:06,8.42,0.01,147,123774,买盘
297,14:42:03,8.41,-0.01,16,13456,卖盘
298,14:42:00,8.42,--,196,165032,买盘
299,14:41:57,8.42,--,155,130510,买盘
300,14:41:54,8.42,0.01,5,4210,买盘
301,14:41:51,8.41,-0.01,3,2523,卖盘
302,14:41:48,8.42,--,14,11788,买盘
303,14:41:45,8.42,--,44,37048,买盘
304,14:41:39,8.42,--,35,29470,买盘
305,14:41:36,8.42,0.01,2,1684,买盘
306,14:41:33,8.41,-0.01,87,73167,卖盘
307,14:41:30,8.42,0.01,7,5894,买盘
308,14:41:27,8.41,-0.01,10,8410,卖盘
309,14:41:24,8.42,0.01,19,15998,买盘
310,14:41:21,8.41,-0.01,11,9251,卖盘
311,14:41:18,8.42,--,11,9262,买盘
312,14:41:15,8.42,--,73,61466,卖盘
313,14:41:12,8.42,--,73,61466,卖盘
314,14:41:09,8.42,--,26,21892,卖盘
315,14:41:06,8.42,--,8,6736,买盘
316,14:41:03,8.42,--,20,16840,卖盘
317,14:41:00,8.42,--,9,7578,卖盘
318,14:40:57,8.42,--,61,51362,买盘
319,14:40:54,8.42,--,44,37048,卖盘
320,14:40:51,8.42,--,29,24418,买盘
321,14:40:48,8.42,--,52,43784,买盘
322,14:40:45,8.42,--,22,18524,买盘
323,14:40:42,8.42,0.01,123,103566,买盘
324,14:40:39,8.41,--,58,48778,卖盘
325,14:40:36,8.41,-0.01,250,210250,卖盘
326,14:40:33,8.42,0.01,150,126300,买盘
327,14:40:30,8.41,--,32,26912,卖盘
328,14:40:27,8.41,--,15,12615,卖盘
329,14:40:24,8.41,-0.01,87,73167,卖盘
330,14:40:21,8.42,0.01,1,842,买盘
331,14:40:18,8.41,--,351,295191,卖盘
332,14:40:15,8.41,--,757,636637,卖盘
333,14:40:12,8.41,-0.01,51,42891,卖盘
334,14:40:09,8.42,0.01,59,49678,买盘
335,14:40:06,8.41,--,34,28594,卖盘
336,14:40:03,8.41,-0.01,2,1682,卖盘
337,14:40:00,8.42,--,26,21892,买盘
338,14:39:57,8.42,--,109,91778,卖盘
339,14:39:54,8.42,0.01,41,34522,买盘
340,14:39:51,8.41,--,1,841,卖盘
341,14:39:48,8.41,--,319,268279,卖盘
342,14:39:45,8.41,--,2,1682,卖盘
343,14:39:39,8.41,--,28,23548,卖盘
344,14:39:36,8.41,-0.01,2068,1739188,卖盘
345,14:39:33,8.42,-0.01,24,20208,卖盘
346,14:39:30,8.43,0.01,1,843,买盘
347,14:39:27,8.42,-0.01,38,31996,卖盘
348,14:39:24,8.43,0.01,24,20232,买盘
349,14:39:21,8.42,--,83,69886,卖盘
350,14:39:18,8.42,--,652,548984,卖盘
351,14:39:15,8.42,--,35,29470,卖盘
352,14:39:12,8.42,-0.01,493,415106,卖盘
353,14:39:09,8.43,0.01,59,49737,买盘
354,14:39:06,8.42,-0.01,29,24418,卖盘
355,14:39:03,8.43,--,41,34563,买盘
356,14:39:00,8.43,--,8,6744,买盘
357,14:38:57,8.43,--,28,23604,买盘
358,14:38:54,8.43,--,6,5058,买盘
359,14:38:51,8.43,--,48,40464,买盘
360,14:38:48,8.43,0.01,52,43836,买盘
361,14:38:45,8.42,-0.01,19,15998,卖盘
362,14:38:42,8.43,--,20,16860,买盘
363,14:38:39,8.43,0.01,53,44679,买盘
364,14:38:36,8.42,-0.01,104,87568,卖盘
365,14:38:33,8.43,--,11,9273,买盘
366,14:38:30,8.43,0.01,24,20232,买盘
367,14:38:27,8.42,--,428,360376,卖盘
368,14:38:24,8.42,-0.01,29,24418,卖盘
369,14:38:21,8.43,--,158,133194,卖盘
370,14:38:18,8.43,--,105,88515,卖盘
371,14:38:15,8.43,--,56,47208,卖盘
372,14:38:12,8.43,--,25,21075,卖盘
373,14:38:09,8.43,0.01,305,257115,买盘
374,14:38:06,8.42,--,24,20208,卖盘
375,14:38:03,8.42,-0.01,1,842,卖盘
376,14:37:57,8.43,--,3,2529,买盘
377,14:37:54,8.43,--,28,23604,卖盘
378,14:37:51,8.43,0.01,294,247842,买盘
379,14:37:48,8.42,-0.01,39,32838,卖盘
380,14:37:45,8.43,--,10,8430,买盘
381,14:37:42,8.43,0.01,100,84300,买盘
382,14:37:39,8.42,--,6,5052,卖盘
383,14:37:36,8.42,-0.01,3,2526,卖盘
384,14:37:33,8.43,--,144,121392,买盘
385,14:37:30,8.43,--,314,264702,卖盘
386,14:37:27,8.43,--,78,65754,卖盘
387,14:37:24,8.43,--,2,1686,卖盘
388,14:37:21,8.43,--,573,483039,卖盘
389,14:37:18,8.43,--,12,10116,卖盘
390,14:37:15,8.43,--,122,102846,卖盘
391,14:37:12,8.43,--,43,36249,卖盘
392,14:37:09,8.43,-0.01,81,68283,卖盘
393,14:37:06,8.44,0.01,144,121536,买盘
394,14:37:03,8.43,--,60,50580,卖盘
395,14:37:00,8.43,--,45,37935,卖盘
396,14:36:57,8.43,--,38,32034,卖盘
397,14:36:54,8.43,-0.01,70,59010,卖盘
398,14:36:48,8.44,0.01,6,5064,买盘
399,14:36:45,8.43,--,456,384408,卖盘
400,14:36:42,8.43,-0.01,64,53952,卖盘
401,14:36:39,8.44,--,254,214376,买盘
402,14:36:36,8.44,0.01,129,108876,买盘
403,14:36:33,8.43,-0.01,10,8430,卖盘
404,14:36:30,8.44,--,22,18568,买盘
405,14:36:27,8.44,--,2,1688,买盘
406,14:36:24,8.44,--,77,64987,卖盘
407,14:36:21,8.44,--,581,490364,卖盘
408,14:36:18,8.44,--,10,8440,卖盘
409,14:36:15,8.44,-0.01,15,12660,卖盘
410,14:36:12,8.45,--,315,266175,买盘
411,14:36:09,8.45,0.01,164,138580,买盘
412,14:36:06,8.44,-0.01,103,86932,卖盘
413,14:36:03,8.45,0.01,159,134355,买盘
414,14:36:00,8.44,--,361,304684,卖盘
415,14:35:57,8.44,--,72,60768,卖盘
416,14:35:54,8.44,-0.01,11,9284,卖盘
417,14:35:51,8.45,0.01,17,14364,买盘
418,14:35:48,8.44,-0.01,195,164580,卖盘
419,14:35:45,8.45,--,153,129284,买盘
420,14:35:42,8.45,--,30,25349,买盘
421,14:35:39,8.45,0.01,21,17745,买盘
422,14:35:36,8.44,--,112,94528,卖盘
423,14:35:33,8.44,--,109,91996,卖盘
424,14:35:30,8.44,-0.01,3,2532,卖盘
425,14:35:27,8.45,--,121,102244,卖盘
426,14:35:24,8.45,--,280,236599,卖盘
427,14:35:21,8.45,--,90,76050,卖盘
428,14:35:18,8.45,--,173,146185,卖盘
429,14:35:15,8.45,--,99,83655,卖盘
430,14:35:12,8.45,--,412,348139,卖盘
431,14:35:09,8.45,--,90,76050,卖盘
432,14:35:06,8.45,-0.01,129,109004,卖盘
433,14:35:03,8.46,--,30,25380,买盘
434,14:35:00,8.46,0.01,30,25380,买盘
435,14:34:57,8.45,--,137,115764,卖盘
436,14:34:54,8.45,--,19,16054,卖盘
437,14:34:51,8.45,--,28,23659,卖盘
438,14:34:48,8.45,--,19,16054,卖盘
439,14:34:45,8.45,-0.01,21,17745,卖盘
440,14:34:42,8.46,--,295,249570,买盘
441,14:34:36,8.46,--,39,32994,买盘
442,14:34:33,8.46,--,2,1692,买盘
443,14:34:30,8.46,0.01,50,42300,买盘
444,14:34:27,8.45,--,564,476579,卖盘
445,14:34:24,8.45,--,39,32955,卖盘
446,14:34:21,8.45,-0.01,57,48164,卖盘
447,14:34:18,8.46,--,44,37224,买盘
448,14:34:15,8.46,0.01,26,21996,中性盘
449,14:34:12,8.45,-0.01,930,785849,卖盘
450,14:34:06,8.46,--,56,47376,卖盘
451,14:34:03,8.46,--,133,112518,卖盘
452,14:34:00,8.46,--,69,58374,卖盘
453,14:33:57,8.46,--,3,2538,卖盘
454,14:33:54,8.46,--,53,44838,卖盘
455,14:33:51,8.46,--,83,70218,卖盘
456,14:33:48,8.46,--,66,55836,卖盘
457,14:33:45,8.46,-0.01,51,43146,卖盘
458,14:33:42,8.47,0.01,4,3388,买盘
459,14:33:39,8.46,-0.01,42,35532,卖盘
460,14:33:36,8.47,--,7,5929,买盘
461,14:33:33,8.47,0.01,9,7623,买盘
462,14:33:30,8.46,--,561,474606,卖盘
463,14:33:27,8.46,-0.01,15,12690,卖盘
464,14:33:24,8.47,--,186,157542,卖盘
465,14:33:21,8.47,-0.01,101,85547,卖盘
466,14:33:18,8.48,0.01,305,258640,买盘
467,14:33:15,8.47,0.01,13,11011,卖盘
468,14:33:12,8.46,-0.02,100,84600,卖盘
469,14:33:09,8.48,--,13,11024,买盘
470,14:33:06,8.48,0.01,68,57664,买盘
471,14:33:03,8.47,--,139,117733,卖盘
472,14:32:57,8.47,0.01,101,85547,中性盘
473,14:32:54,8.46,-0.01,306,258876,卖盘
474,14:32:51,8.47,--,10,8470,卖盘
475,14:32:48,8.47,--,18,15246,卖盘
476,14:32:45,8.47,-0.01,47,39809,卖盘
477,14:32:42,8.48,0.01,327,277296,买盘
478,14:32:39,8.47,--,147,124509,买盘
479,14:32:36,8.47,--,24,20328,买盘
480,14:32:33,8.47,--,13,11011,买盘
481,14:32:30,8.47,--,298,252406,卖盘
482,14:32:27,8.47,-0.01,23,19481,卖盘
483,14:32:24,8.48,--,165,139920,买盘
484,14:32:21,8.48,0.01,10,8480,买盘
485,14:32:18,8.47,-0.01,21,17787,卖盘
486,14:32:15,8.48,0.01,25,21200,买盘
487,14:32:12,8.47,--,7,5929,卖盘
488,14:32:06,8.47,--,41,34727,卖盘
489,14:32:03,8.47,--,37,31339,卖盘
490,14:32:00,8.47,-0.01,2,1694,卖盘
491,14:31:57,8.48,0.01,6,5088,买盘
492,14:31:54,8.47,-0.01,67,56749,卖盘
493,14:31:48,8.48,0.02,118,100064,买盘
494,14:31:45,8.46,-0.01,9,7614,卖盘
495,14:31:42,8.47,--,333,282051,买盘
496,14:31:39,8.47,--,40,33880,买盘
497,14:31:36,8.47,--,44,37268,买盘
498,14:31:33,8.47,--,41,34727,卖盘
499,14:31:30,8.47,--,112,94864,卖盘
500,14:31:27,8.47,--,12,10164,卖盘
501,14:31:24,8.47,--,66,55902,买盘
502,14:31:21,8.47,-0.02,48,40656,卖盘
503,14:31:18,8.49,0.02,3100,2631900,买盘
504,14:31:15,8.47,-0.01,36,30492,卖盘
505,14:31:12,8.48,0.01,9,7632,买盘
506,14:31:09,8.47,--,89,75383,卖盘
507,14:31:06,8.47,-0.01,9,7623,卖盘
508,14:31:03,8.48,0.01,4,3392,买盘
509,14:31:00,8.47,--,18,15246,买盘
510,14:30:57,8.47,--,5,4235,买盘
511,14:30:54,8.47,--,3,2541,买盘
512,14:30:48,8.47,-0.01,39,33033,卖盘
513,14:30:45,8.48,0.02,6,5088,买盘
514,14:30:42,8.46,-0.01,1304,1103184,卖盘
515,14:30:39,8.47,--,4,3388,买盘
516,14:30:36,8.47,--,691,585277,买盘
517,14:30:33,8.47,--,5,4235,买盘
518,14:30:30,8.47,--,28,23716,买盘
519,14:30:27,8.47,0.01,2,1694,买盘
520,14:30:24,8.46,--,37,31302,卖盘
521,14:30:21,8.46,--,68,57528,卖盘
522,14:30:18,8.46,--,8,6768,卖盘
523,14:30:15,8.46,--,220,186120,买盘
524,14:30:09,8.46,--,50,42300,买盘
525,14:30:06,8.46,--,10,8460,买盘
526,14:30:03,8.46,--,45,38070,买盘
527,14:30:00,8.46,--,150,126900,买盘
528,14:29:57,8.46,--,10,8460,买盘
529,14:29:54,8.46,--,3,2538,买盘
530,14:29:51,8.46,0.01,47,39762,买盘
531,14:29:48,8.45,-0.02,42,35490,卖盘
532,14:29:45,8.47,0.01,1209,1024023,买盘
533,14:29:42,8.46,--,242,204732,买盘
534,14:29:39,8.46,--,29,24534,买盘
535,14:29:36,8.46,-0.01,315,266490,卖盘
536,14:29:33,8.47,--,7,5929,买盘
537,14:29:27,8.47,0.01,12,10164,买盘
538,14:29:24,8.46,-0.01,308,260568,卖盘
539,14:29:21,8.47,0.01,67,56749,买盘
540,14:29:18,8.46,-0.01,44,37224,卖盘
541,14:29:15,8.47,0.01,1016,860552,买盘
542,14:29:12,8.46,--,1,846,卖盘
543,14:29:09,8.46,-0.01,52,43992,卖盘
544,14:29:06,8.47,0.01,111,94017,买盘
545,14:29:03,8.46,--,6,5076,卖盘
546,14:29:00,8.46,-0.01,11,9306,卖盘
547,14:28:57,8.47,--,1,847,买盘
548,14:28:54,8.47,0.01,9,7623,买盘
549,14:28:51,8.46,-0.01,28,23688,卖盘
550,14:28:48,8.47,--,22,18634,买盘
551,14:28:45,8.47,--,57,48279,买盘
552,14:28:42,8.47,--,115,97405,买盘
553,14:28:39,8.47,-0.01,67,57138,卖盘
554,14:28:36,8.48,--,8,6784,买盘
555,14:28:33,8.48,--,4,3392,买盘
556,14:28:30,8.48,0.01,35,29680,买盘
557,14:28:27,8.47,-0.01,557,471779,卖盘
558,14:28:24,8.48,0.01,79,66992,买盘
559,14:28:21,8.47,--,6,5082,卖盘
560,14:28:18,8.47,--,121,103164,卖盘
561,14:28:15,8.47,-0.01,3,2541,卖盘
562,14:28:12,8.48,0.01,25,21200,买盘
563,14:28:09,8.47,-0.01,18,15246,卖盘
564,14:28:06,8.48,0.01,12,10176,中性盘
565,14:28:03,8.47,--,639,541233,卖盘
566,14:28:00,8.47,--,70,59290,卖盘
567,14:27:57,8.47,-0.01,38,32186,卖盘
568,14:27:54,8.48,0.01,4,3392,买盘
569,14:27:51,8.47,-0.01,536,453992,卖盘
570,14:27:48,8.48,--,46,39008,买盘
571,14:27:45,8.48,--,140,118720,买盘
572,14:27:42,8.48,0.01,22,18656,买盘
573,14:27:39,8.47,-0.01,80,67760,卖盘
574,14:27:36,8.48,-0.01,39,33072,卖盘
575,14:27:33,8.49,--,419,355731,买盘
576,14:27:30,8.49,--,32,27168,买盘
577,14:27:27,8.49,--,58,49242,买盘
578,14:27:24,8.49,0.01,28,23772,买盘
579,14:27:21,8.48,-0.01,39,33072,卖盘
580,14:27:18,8.49,0.01,239,202911,买盘
581,14:27:15,8.48,-0.01,501,424848,卖盘
582,14:27:12,8.49,--,100,84900,买盘
583,14:27:09,8.49,--,72,61128,买盘
584,14:27:06,8.49,--,21,17829,买盘
585,14:27:03,8.49,0.01,1005,853245,买盘
586,14:27:00,8.48,-0.01,5,4240,卖盘
587,14:26:57,8.49,0.01,40,33960,买盘
588,14:26:54,8.48,-0.01,33,27984,卖盘
589,14:26:51,8.49,0.01,47,39903,买盘
590,14:26:48,8.48,-0.01,10,8480,卖盘
591,14:26:45,8.49,0.01,4,3396,买盘
592,14:26:42,8.48,-0.01,566,479968,卖盘
593,14:26:39,8.49,--,266,225834,买盘
594,14:26:36,8.49,--,4,3396,买盘
595,14:26:33,8.49,--,53,44997,买盘
596,14:26:30,8.49,--,1,849,买盘
597,14:26:27,8.49,0.01,30,25470,买盘
598,14:26:24,8.48,-0.01,209,177232,卖盘
599,14:26:21,8.49,--,21,17829,买盘
600,14:26:18,8.49,0.01,19,16131,买盘
601,14:26:15,8.48,-0.01,4,3392,卖盘
602,14:26:12,8.49,0.01,1,849,买盘
603,14:26:09,8.48,--,39,33072,卖盘
604,14:26:06,8.48,--,49,41552,卖盘
605,14:26:03,8.48,--,47,39856,卖盘
606,14:25:57,8.48,--,36,30528,卖盘
607,14:25:54,8.48,-0.01,16,13568,卖盘
608,14:25:51,8.49,--,14,11886,买盘
609,14:25:48,8.49,--,49,41601,买盘
610,14:25:45,8.49,0.01,673,571377,买盘
611,14:25:42,8.48,0.01,31,26288,中性盘
612,14:25:39,8.47,-0.02,12,10164,卖盘
613,14:25:36,8.49,--,140,118860,买盘
614,14:25:33,8.49,0.01,136,115464,买盘
615,14:25:30,8.48,--,21,17808,卖盘
616,14:25:27,8.48,--,31,26288,卖盘
617,14:25:24,8.48,-0.01,47,39856,卖盘
618,14:25:21,8.49,--,39,33111,买盘
619,14:25:18,8.49,--,13,11037,买盘
620,14:25:15,8.49,0.02,23,19527,买盘
621,14:25:12,8.47,--,46,38962,卖盘
622,14:25:06,8.47,--,31,26257,卖盘
623,14:25:03,8.47,-0.01,133,112651,卖盘
624,14:25:00,8.48,--,51,43248,买盘
625,14:24:57,8.48,-0.01,34,28832,卖盘
626,14:24:54,8.49,--,70,59430,买盘
627,14:24:51,8.49,0.01,21,17829,买盘
628,14:24:48,8.48,--,55,46640,买盘
629,14:24:45,8.48,-0.01,840,712320,卖盘
630,14:24:42,8.49,0.01,2,1698,买盘
631,14:24:39,8.48,-0.01,52,44096,卖盘
632,14:24:36,8.49,0.01,4,3396,买盘
633,14:24:33,8.48,--,119,100912,卖盘
634,14:24:30,8.48,-0.01,610,517280,卖盘
635,14:24:27,8.49,0.01,30,25470,买盘
636,14:24:24,8.48,-0.01,42,35616,卖盘
637,14:24:21,8.49,0.01,33,28017,买盘
638,14:24:18,8.48,--,67,56816,卖盘
639,14:24:15,8.48,-0.01,267,226416,卖盘
640,14:24:12,8.49,--,94,79806,买盘
641,14:24:09,8.49,--,5,4245,买盘
642,14:24:06,8.49,--,620,526380,买盘
643,14:24:03,8.49,0.01,559,474591,买盘
644,14:23:57,8.48,-0.01,10,8480,卖盘
645,14:23:54,8.49,--,37,31413,买盘
646,14:23:51,8.49,0.01,21,17829,买盘
647,14:23:48,8.48,--,568,481664,卖盘
648,14:23:45,8.48,-0.01,529,448592,卖盘
649,14:23:42,8.49,--,19,16131,买盘
650,14:23:39,8.49,--,22,18678,买盘
651,14:23:36,8.49,--,100,84900,买盘
652,14:23:33,8.49,0.01,75,63675,买盘
653,14:23:30,8.48,-0.01,25,21200,卖盘
654,14:23:27,8.49,--,38,32262,买盘
655,14:23:24,8.49,--,2,1698,买盘
656,14:23:21,8.49,0.01,302,256398,买盘
657,14:23:18,8.48,--,27,22896,买盘
658,14:23:15,8.48,--,33,27984,买盘
659,14:23:09,8.48,0.01,22,18656,买盘
660,14:23:06,8.47,-0.01,45,38115,卖盘
661,14:23:03,8.48,--,91,77168,买盘
662,14:23:00,8.48,0.01,65,55120,买盘
663,14:22:57,8.47,--,54,45738,卖盘
664,14:22:54,8.47,-0.01,82,69454,卖盘
665,14:22:51,8.48,0.01,589,499472,买盘
666,14:22:48,8.47,--,57,48279,卖盘
667,14:22:45,8.47,-0.01,25,21175,卖盘
668,14:22:42,8.48,--,122,103456,买盘
669,14:22:39,8.48,--,5,4240,买盘
670,14:22:36,8.48,--,16,13568,买盘
671,14:22:33,8.48,0.01,84,71232,买盘
672,14:22:30,8.47,-0.01,127,107569,卖盘
673,14:22:24,8.48,--,2,1696,买盘
674,14:22:21,8.48,--,3,2544,买盘
675,14:22:18,8.48,--,38,32224,买盘
676,14:22:15,8.48,0.01,29,24592,买盘
677,14:22:12,8.47,-0.01,70,59290,卖盘
678,14:22:09,8.48,0.01,1,848,买盘
679,14:22:06,8.47,--,1,847,卖盘
680,14:22:03,8.47,-0.01,22,18634,卖盘
681,14:22:00,8.48,0.01,43,36464,买盘
682,14:21:57,8.47,-0.01,165,139755,卖盘
683,14:21:54,8.48,--,4,3392,买盘
684,14:21:51,8.48,--,296,251008,卖盘
685,14:21:48,8.48,--,228,193344,卖盘
686,14:21:45,8.48,--,504,427392,卖盘
687,14:21:42,8.48,-0.01,68,57664,卖盘
688,14:21:39,8.49,0.01,105,89145,买盘
689,14:21:36,8.48,--,89,75472,卖盘
690,14:21:33,8.48,--,43,36464,卖盘
691,14:21:30,8.48,--,102,86496,卖盘
692,14:21:27,8.48,--,222,188256,买盘
693,14:21:24,8.48,--,22,18656,买盘
694,14:21:21,8.48,--,13,11024,中性盘
695,14:21:18,8.48,--,158,133984,卖盘
696,14:21:15,8.48,--,57,48336,卖盘
697,14:21:12,8.48,--,64,54272,卖盘
698,14:21:09,8.48,--,256,217088,买盘
699,14:21:06,8.48,--,207,175536,买盘
700,14:21:03,8.48,--,163,138224,买盘
701,14:21:00,8.48,--,93,78864,买盘
702,14:20:57,8.48,--,1,848,买盘
703,14:20:54,8.48,-0.01,325,275600,卖盘
704,14:20:51,8.49,--,132,112068,买盘
705,14:20:48,8.49,--,371,314979,买盘
706,14:20:45,8.49,0.01,26,22074,买盘
707,14:20:42,8.48,-0.01,23,19504,卖盘
708,14:20:39,8.49,--,25,21225,买盘
709,14:20:36,8.49,--,16,13584,买盘
710,14:20:33,8.49,0.01,109,92541,买盘
711,14:20:30,8.48,-0.01,496,420608,卖盘
712,14:20:27,8.49,--,8,6792,买盘
713,14:20:24,8.49,--,37,31413,买盘
714,14:20:21,8.49,--,112,95088,卖盘
715,14:20:18,8.49,--,270,229230,卖盘
716,14:20:15,8.49,0.01,186,157914,买盘
717,14:20:12,8.48,-0.01,22,18656,卖盘
718,14:20:09,8.49,--,90,76410,买盘
719,14:20:06,8.49,0.01,611,518739,买盘
720,14:20:03,8.48,-0.01,75,63600,卖盘
721,14:20:00,8.49,--,399,338751,买盘
722,14:19:57,8.49,--,343,291207,买盘
723,14:19:54,8.49,--,894,759006,买盘
724,14:19:51,8.49,0.01,737,625713,买盘
725,14:19:48,8.48,-0.01,105,89040,卖盘
726,14:19:45,8.49,0.01,66,56034,买盘
727,14:19:42,8.48,--,110,93280,卖盘
728,14:19:39,8.48,--,130,110240,买盘
729,14:19:36,8.48,0.01,66,55968,买盘
730,14:19:33,8.47,-0.02,102,86394,卖盘
731,14:19:30,8.49,0.01,501,425349,买盘
732,14:19:27,8.48,--,58,49184,卖盘
733,14:19:24,8.48,--,7,5936,卖盘
734,14:19:21,8.48,--,9,7632,卖盘
735,14:19:18,8.48,--,47,39856,卖盘
736,14:19:15,8.48,--,8,6784,卖盘
737,14:19:12,8.48,--,6,5088,卖盘
738,14:19:09,8.48,--,466,395168,买盘
739,14:19:06,8.48,0.01,1427,1210096,买盘
740,14:19:03,8.47,--,57,48279,卖盘
741,14:19:00,8.47,-0.01,173,146531,卖盘
742,14:18:57,8.48,--,565,479120,买盘
743,14:18:54,8.48,--,64,54272,买盘
744,14:18:51,8.48,--,24,20352,买盘
745,14:18:48,8.48,--,7,5936,买盘
746,14:18:45,8.48,--,993,842064,买盘
747,14:18:39,8.48,--,105,89040,买盘
748,14:18:36,8.48,0.01,24,20352,买盘
749,14:18:33,8.47,-0.01,3,2541,卖盘
750,14:18:27,8.48,0.01,1,848,买盘
751,14:18:24,8.47,--,17,14399,卖盘
752,14:18:21,8.47,--,13,11011,卖盘
753,14:18:18,8.47,--,762,646040,买盘
754,14:18:15,8.47,0.01,20,16940,买盘
755,14:18:09,8.46,-0.01,7,5922,卖盘
756,14:18:06,8.47,0.01,53,44891,买盘
757,14:18:03,8.46,-0.01,37,31302,卖盘
758,14:18:00,8.47,--,779,659813,买盘
759,14:17:57,8.47,--,36,30492,买盘
760,14:17:54,8.47,--,44,37268,买盘
761,14:17:51,8.47,--,1,847,买盘
762,14:17:48,8.47,--,31,26257,买盘
763,14:17:45,8.47,--,124,105028,买盘
764,14:17:33,8.47,0.01,33,27951,买盘
765,14:17:30,8.46,-0.01,73,61758,卖盘
766,14:17:27,8.47,--,169,143143,买盘
767,14:17:24,8.47,--,2,1694,买盘
768,14:17:21,8.47,--,10,8470,买盘
769,14:17:18,8.47,--,36,30492,买盘
770,14:17:15,8.47,--,531,449757,买盘
771,14:17:12,8.47,--,20,16940,买盘
772,14:17:09,8.47,0.01,50,42350,买盘
773,14:17:06,8.46,--,79,66834,卖盘
774,14:17:03,8.46,--,35,29610,卖盘
775,14:17:00,8.46,-0.01,656,554976,卖盘
776,14:16:57,8.47,0.01,57,48279,买盘
777,14:16:54,8.46,-0.01,115,97290,卖盘
778,14:16:51,8.47,0.01,98,83006,买盘
779,14:16:48,8.46,-0.01,10,8460,卖盘
780,14:16:45,8.47,0.01,1007,852929,买盘
781,14:16:42,8.46,--,8,6768,卖盘
782,14:16:39,8.46,-0.01,20,16920,卖盘
783,14:16:36,8.47,--,3,2541,买盘
784,14:16:30,8.47,--,103,87241,买盘
785,14:16:27,8.47,--,41,34727,买盘
786,14:16:24,8.47,0.01,136,115192,买盘
787,14:16:21,8.46,-0.01,10,8460,中性盘
788,14:16:15,8.47,0.02,193,163471,买盘
789,14:16:12,8.45,-0.01,268,226459,卖盘
790,14:16:09,8.46,--,1,846,买盘
791,14:16:06,8.46,0.01,559,472914,买盘
792,14:16:03,8.45,--,37,31264,卖盘
793,14:16:00,8.45,-0.01,588,496859,卖盘
794,14:15:57,8.46,--,32,27072,买盘
795,14:15:54,8.46,--,14,11844,买盘
796,14:15:51,8.46,--,47,39762,买盘
797,14:15:48,8.46,--,142,120132,买盘
798,14:15:45,8.46,0.01,59,49914,买盘
799,14:15:42,8.45,-0.01,41,34645,卖盘
800,14:15:39,8.46,--,29,24534,买盘
801,14:15:36,8.46,0.01,113,95598,买盘
802,14:15:33,8.45,--,10,8450,卖盘
803,14:15:30,8.45,--,43,36335,卖盘
804,14:15:27,8.45,--,10,8450,卖盘
805,14:15:24,8.45,--,54,45629,卖盘
806,14:15:21,8.45,-0.01,12,10140,卖盘
807,14:15:18,8.46,--,15,12690,买盘
808,14:15:15,8.46,--,46,38916,买盘
809,14:15:12,8.46,0.01,64,54144,买盘
810,14:15:09,8.45,0.01,140,118299,买盘
811,14:15:06,8.44,-0.01,61,51484,卖盘
812,14:15:03,8.45,-0.01,437,369264,卖盘
813,14:15:00,8.46,--,1,846,买盘
814,14:14:57,8.46,0.01,8,6768,买盘
815,14:14:54,8.45,0.01,105,88724,中性盘
816,14:14:51,8.44,-0.02,22,18568,卖盘
817,14:14:48,8.46,0.01,1086,918756,买盘
818,14:14:45,8.45,--,31,26194,卖盘
819,14:14:42,8.45,--,15,12674,卖盘
820,14:14:39,8.45,--,23,19435,卖盘
821,14:14:36,8.45,--,67,56614,卖盘
822,14:14:33,8.45,--,85,71825,卖盘
823,14:14:30,8.45,-0.01,49,41405,卖盘
824,14:14:27,8.46,0.01,10,8460,买盘
825,14:14:21,8.45,--,67,56614,卖盘
826,14:14:18,8.45,--,32,27039,卖盘
827,14:14:15,8.45,--,241,203644,卖盘
828,14:14:12,8.45,--,19,16054,卖盘
829,14:14:09,8.45,-0.01,8,6759,卖盘
830,14:14:06,8.46,0.01,871,736866,买盘
831,14:14:03,8.45,--,209,176604,卖盘
832,14:14:00,8.45,--,46,38870,卖盘
833,14:13:57,8.45,-0.01,10,8450,卖盘
834,14:13:54,8.46,0.01,115,97290,买盘
835,14:13:51,8.45,--,157,132665,卖盘
836,14:13:48,8.45,-0.01,100,84500,卖盘
837,14:13:45,8.46,--,13,10998,买盘
838,14:13:42,8.46,--,44,37224,买盘
839,14:13:39,8.46,0.01,58,49068,买盘
840,14:13:36,8.45,--,6,5070,卖盘
841,14:13:33,8.45,-0.01,63,53234,卖盘
842,14:13:30,8.46,--,83,70218,卖盘
843,14:13:27,8.46,0.01,94,79524,买盘
844,14:13:24,8.45,--,112,94639,卖盘
845,14:13:21,8.45,-0.01,23,19435,卖盘
846,14:13:18,8.46,--,47,39762,买盘
847,14:13:12,8.46,--,137,115902,买盘
848,14:13:06,8.46,--,286,241956,卖盘
849,14:13:03,8.46,-0.01,83,70218,卖盘
850,14:13:00,8.47,0.01,97,82159,买盘
851,14:12:57,8.46,--,76,64296,卖盘
852,14:12:54,8.46,--,8,6768,卖盘
853,14:12:51,8.46,--,13,10998,卖盘
854,14:12:48,8.46,--,10,8460,卖盘
855,14:12:45,8.46,--,41,34686,卖盘
856,14:12:42,8.46,--,10,8460,卖盘
857,14:12:39,8.46,--,35,29610,卖盘
858,14:12:36,8.46,--,123,104058,卖盘
859,14:12:33,8.46,--,212,179352,卖盘
860,14:12:30,8.46,-0.01,100,84600,卖盘
861,14:12:27,8.47,--,66,55902,买盘
862,14:12:24,8.47,0.01,16,13552,买盘
863,14:12:21,8.46,--,78,65988,卖盘
864,14:12:18,8.46,-0.01,72,60912,卖盘
865,14:12:15,8.47,0.01,363,307461,买盘
866,14:12:12,8.46,-0.01,113,95598,卖盘
867,14:12:09,8.47,--,616,521752,买盘
868,14:12:06,8.47,--,34,28798,买盘
869,14:12:03,8.47,0.01,6,5082,买盘
870,14:12:00,8.46,-0.01,41,34686,卖盘
871,14:11:57,8.47,0.01,35,29645,买盘
872,14:11:54,8.46,--,5,4230,卖盘
873,14:11:51,8.46,--,499,422154,卖盘
874,14:11:48,8.46,--,18,15228,卖盘
875,14:11:45,8.46,--,295,249570,卖盘
876,14:11:42,8.46,-0.01,8,6768,卖盘
877,14:11:39,8.47,0.01,334,282898,买盘
878,14:11:36,8.46,--,121,102366,买盘
879,14:11:33,8.46,--,61,51606,买盘
880,14:11:30,8.46,-0.01,64,54144,卖盘
881,14:11:27,8.47,--,35,29645,买盘
882,14:11:24,8.47,0.01,116,98252,买盘
883,14:11:21,8.46,--,67,56682,卖盘
884,14:11:18,8.46,0.01,89,75294,买盘
885,14:11:15,8.45,-0.02,60,50699,卖盘
886,14:11:12,8.47,--,1006,852082,买盘
887,14:11:09,8.47,0.01,37,31339,买盘
888,14:11:06,8.46,--,19,16074,卖盘
889,14:11:03,8.46,--,513,433998,买盘
890,14:11:00,8.46,--,103,87138,买盘
891,14:10:57,8.46,--,80,67680,买盘
892,14:10:54,8.46,0.01,11,9306,买盘
893,14:10:51,8.45,-0.01,5,4225,卖盘
894,14:10:48,8.46,--,160,135360,买盘
895,14:10:45,8.46,--,687,581202,买盘
896,14:10:42,8.46,0.01,2,1692,买盘
897,14:10:39,8.45,--,40,33800,卖盘
898,14:10:36,8.45,--,24,20280,卖盘
899,14:10:33,8.45,--,46,38870,卖盘
900,14:10:30,8.45,--,5,4225,卖盘
901,14:10:27,8.45,--,40,33800,卖盘
902,14:10:24,8.45,--,68,57459,卖盘
903,14:10:21,8.45,0.01,372,314340,买盘
904,14:10:18,8.44,-0.01,43,36292,卖盘
905,14:10:15,8.45,0.01,84,70980,买盘
906,14:10:12,8.44,--,596,503023,卖盘
907,14:10:09,8.44,-0.01,53,44732,卖盘
908,14:10:06,8.45,--,53,44784,买盘
909,14:10:03,8.45,--,69,58304,买盘
910,14:10:00,8.45,--,176,148720,卖盘
911,14:09:57,8.45,--,13,10984,卖盘
912,14:09:54,8.45,--,11,9295,卖盘
913,14:09:51,8.45,0.01,210,177449,买盘
914,14:09:48,8.44,-0.01,10,8440,卖盘
915,14:09:45,8.45,0.01,360,304200,买盘
916,14:09:42,8.44,--,7,5908,卖盘
917,14:09:39,8.44,--,71,59924,卖盘
918,14:09:33,8.44,--,40,33760,卖盘
919,14:09:30,8.44,-0.01,154,129975,卖盘
920,14:09:27,8.45,--,112,94639,买盘
921,14:09:24,8.45,-0.02,1291,1090895,卖盘
922,14:09:21,8.47,0.01,125,105875,买盘
923,14:09:18,8.46,--,56,47376,卖盘
924,14:09:15,8.46,--,580,490680,卖盘
925,14:09:12,8.46,--,422,357012,买盘
926,14:09:09,8.46,--,142,120132,买盘
927,14:09:06,8.46,--,41,34686,买盘
928,14:09:03,8.46,0.01,18,15228,买盘
929,14:09:00,8.45,-0.01,11,9295,卖盘
930,14:08:57,8.46,--,294,248724,买盘
931,14:08:54,8.46,--,62,52452,买盘
932,14:08:48,8.46,0.01,110,93060,买盘
933,14:08:45,8.45,-0.01,74,62529,卖盘
934,14:08:39,8.46,--,74,62604,买盘
935,14:08:36,8.46,--,59,49914,卖盘
936,14:08:33,8.46,0.01,1015,858690,买盘
937,14:08:27,8.45,--,42,35490,卖盘
938,14:08:24,8.45,-0.01,1,844,卖盘
939,14:08:21,8.46,0.01,585,494910,买盘
940,14:08:18,8.45,-0.01,58,49009,卖盘
941,14:08:15,8.46,--,90,76140,卖盘
942,14:08:12,8.46,-0.01,154,130284,卖盘
943,14:08:09,8.47,0.01,801,678447,买盘
944,14:08:06,8.46,0.01,76,64296,买盘
945,14:08:03,8.45,--,33,27884,卖盘
946,14:08:00,8.45,--,139,117454,卖盘
947,14:07:57,8.45,--,396,334620,卖盘
948,14:07:54,8.45,--,33,27884,卖盘
949,14:07:51,8.45,--,15,12674,卖盘
950,14:07:48,8.45,--,69,58304,卖盘
951,14:07:45,8.45,--,6,5070,卖盘
952,14:07:42,8.45,-0.01,107,90414,卖盘
953,14:07:39,8.46,--,177,149742,买盘
954,14:07:36,8.46,--,3,2538,买盘
955,14:07:33,8.46,--,84,71064,买盘
956,14:07:30,8.46,--,84,71064,买盘
957,14:07:27,8.46,0.01,100,84600,买盘
958,14:07:24,8.45,-0.01,336,283920,卖盘
959,14:07:21,8.46,--,53,44838,买盘
960,14:07:18,8.46,--,483,408618,卖盘
961,14:07:15,8.46,--,143,120978,卖盘
962,14:07:12,8.46,-0.01,144,121824,卖盘
963,14:07:09,8.47,0.01,16,13552,买盘
964,14:07:06,8.46,--,26,21996,卖盘
965,14:07:03,8.46,--,79,66834,卖盘
966,14:07:00,8.46,--,134,113364,卖盘
967,14:06:57,8.46,--,367,310482,卖盘
968,14:06:54,8.46,--,44,37224,卖盘
969,14:06:51,8.46,-0.01,30,25380,卖盘
970,14:06:48,8.47,0.01,32,27104,买盘
971,14:06:45,8.46,--,66,55836,卖盘
972,14:06:42,8.46,-0.01,186,157356,卖盘
973,14:06:39,8.47,0.01,42,35574,买盘
974,14:06:36,8.46,-0.01,9,7614,卖盘
975,14:06:33,8.47,0.01,112,94864,买盘
976,14:06:30,8.46,--,75,63450,买盘
977,14:06:27,8.46,--,83,70218,买盘
978,14:06:24,8.46,--,140,118440,买盘
979,14:06:21,8.46,-0.01,226,191196,卖盘
980,14:06:18,8.47,--,29,24563,买盘
981,14:06:15,8.47,-0.01,1651,1398397,卖盘
982,14:06:12,8.48,--,27,22896,买盘
983,14:06:09,8.48,0.01,78,66144,买盘
984,14:06:06,8.47,--,31,26257,卖盘
985,14:06:03,8.47,-0.01,103,87241,卖盘
986,14:06:00,8.48,0.01,215,182320,买盘
987,14:05:57,8.47,--,198,167706,卖盘
988,14:05:54,8.47,--,31,26257,卖盘
989,14:05:51,8.47,--,6,5082,卖盘
990,14:05:48,8.47,--,68,57596,卖盘
991,14:05:45,8.47,--,136,115192,卖盘
992,14:05:42,8.47,0.02,2090,1770230,买盘
993,14:05:39,8.45,0.01,5,4225,卖盘
994,14:05:36,8.44,-0.01,342,288648,卖盘
995,14:05:33,8.45,--,101,85345,买盘
996,14:05:30,8.45,0.01,65,54924,买盘
997,14:05:27,8.44,--,93,78492,卖盘
998,14:05:24,8.44,--,22,18568,卖盘
999,14:05:21,8.44,-0.01,589,497115,卖盘
1000,14:05:18,8.45,--,91,76895,买盘
1001,14:05:15,8.45,0.01,44,37180,买盘
1002,14:05:12,8.44,-0.01,125,105500,卖盘
1003,14:05:09,8.45,--,29,24504,买盘
1004,14:05:06,8.45,0.01,188,158860,买盘
1005,14:05:03,8.44,--,43,36292,卖盘
1006,14:05:00,8.44,--,50,42200,卖盘
1007,14:04:57,8.44,--,6,5064,买盘
1008,14:04:54,8.44,--,78,65832,卖盘
1009,14:04:51,8.44,--,108,91152,卖盘
1010,14:04:48,8.44,--,4,3376,卖盘
1011,14:04:45,8.44,--,35,29540,卖盘
1012,14:04:42,8.44,--,102,86088,买盘
1013,14:04:39,8.44,--,169,142636,买盘
1014,14:04:36,8.44,--,5,4220,买盘
1015,14:04:33,8.44,--,166,140104,买盘
1016,14:04:30,8.44,0.01,12,10128,买盘
1017,14:04:27,8.43,-0.01,101,85143,卖盘
1018,14:04:24,8.44,-0.02,316,266704,卖盘
1019,14:04:21,8.46,0.02,72,60912,买盘
1020,14:04:18,8.44,-0.02,569,480236,卖盘
1021,14:04:15,8.46,--,591,499986,买盘
1022,14:04:12,8.46,--,426,360396,买盘
1023,14:04:09,8.46,--,30,25380,买盘
1024,14:04:06,8.46,--,599,506754,买盘
1025,14:04:03,8.46,--,66,55836,买盘
1026,14:04:00,8.46,--,426,360396,买盘
1027,14:03:57,8.46,--,60,50760,买盘
1028,14:03:54,8.46,0.01,94,79524,买盘
1029,14:03:51,8.45,-0.01,514,434329,卖盘
1030,14:03:48,8.46,0.01,538,455148,买盘
1031,14:03:45,8.45,-0.01,81,68445,卖盘
1032,14:03:42,8.46,--,62,52452,买盘
1033,14:03:39,8.46,--,50,42300,买盘
1034,14:03:36,8.46,0.01,136,115056,买盘
1035,14:03:33,8.45,--,433,365884,卖盘
1036,14:03:30,8.45,-0.01,29,24504,卖盘
1037,14:03:27,8.46,0.02,224,189504,买盘
1038,14:03:24,8.44,-0.01,621,524123,卖盘
1039,14:03:21,8.45,-0.01,167,141115,卖盘
1040,14:03:18,8.46,0.01,144,121824,买盘
1041,14:03:15,8.45,-0.01,43,36335,中性盘
1042,14:03:12,8.46,0.01,275,232650,买盘
1043,14:03:09,8.45,--,123,103934,卖盘
1044,14:03:06,8.45,--,42,35490,买盘
1045,14:03:03,8.45,0.01,339,286455,买盘
1046,14:03:00,8.44,--,89,75116,卖盘
1047,14:02:57,8.44,-0.01,249,210156,卖盘
1048,14:02:54,8.45,--,62,52389,买盘
1049,14:02:51,8.45,0.01,42,35490,买盘
1050,14:02:48,8.44,-0.01,172,145168,卖盘
1051,14:02:45,8.45,--,94,79430,买盘
1052,14:02:42,8.45,--,191,161395,买盘
1053,14:02:39,8.45,--,150,126749,买盘
1054,14:02:36,8.45,--,287,242514,买盘
1055,14:02:33,8.45,0.01,11,9295,买盘
1056,14:02:30,8.44,-0.01,53,44732,卖盘
1057,14:02:27,8.45,--,753,636285,买盘
1058,14:02:24,8.45,0.01,314,265330,买盘
1059,14:02:21,8.44,--,13,10972,卖盘
1060,14:02:18,8.44,--,32,27008,卖盘
1061,14:02:15,8.44,--,28,23632,卖盘
1062,14:02:12,8.44,--,280,236320,买盘
1063,14:02:09,8.44,0.01,380,320720,买盘
1064,14:02:06,8.43,-0.01,32,26976,卖盘
1065,14:02:03,8.44,--,71,59924,买盘
1066,14:02:00,8.44,--,347,292868,买盘
1067,14:01:57,8.44,--,25,21100,买盘
1068,14:01:54,8.44,0.01,101,85244,买盘
1069,14:01:51,8.43,-0.01,42,35406,卖盘
1070,14:01:48,8.44,0.01,172,145168,买盘
1071,14:01:45,8.43,-0.01,1,843,卖盘
1072,14:01:42,8.44,--,78,65832,买盘
1073,14:01:39,8.44,--,236,199184,买盘
1074,14:01:36,8.44,--,25,21100,买盘
1075,14:01:33,8.44,0.01,73,61612,买盘
1076,14:01:30,8.43,--,574,483882,卖盘
1077,14:01:27,8.43,--,30,25290,卖盘
1078,14:01:24,8.43,--,506,426558,买盘
1079,14:01:21,8.43,--,11,9273,买盘
1080,14:01:18,8.43,0.01,483,407169,买盘
1081,14:01:15,8.42,--,27,22734,卖盘
1082,14:01:12,8.42,--,69,58098,卖盘
1083,14:01:09,8.42,--,33,27786,卖盘
1084,14:01:06,8.42,--,1,842,卖盘
1085,14:01:00,8.42,-0.01,205,172610,卖盘
1086,14:00:57,8.43,--,107,90201,买盘
1087,14:00:54,8.43,0.02,374,315585,买盘
1088,14:00:51,8.41,--,53,44573,卖盘
1089,14:00:45,8.41,-0.01,1,841,卖盘
1090,14:00:42,8.42,0.01,729,613818,买盘
1091,14:00:39,8.41,--,38,31958,买盘
1092,14:00:36,8.41,--,100,84100,买盘
1093,14:00:33,8.41,--,68,57188,买盘
1094,14:00:30,8.41,-0.01,323,271643,卖盘
1095,14:00:27,8.42,0.01,36,30312,买盘
1096,14:00:24,8.41,--,17,14297,卖盘
1097,14:00:21,8.41,--,5,4205,卖盘
1098,14:00:18,8.41,-0.01,2,1682,卖盘
1099,14:00:09,8.42,0.01,84,70728,买盘
1100,14:00:06,8.41,0.01,62,52142,买盘
1101,14:00:03,8.4,-0.01,31,26040,卖盘
1102,14:00:00,8.41,--,17,14297,买盘
1103,13:59:57,8.41,0.01,137,115217,买盘
1104,13:59:54,8.4,--,114,95760,卖盘
1105,13:59:51,8.4,-0.01,20,16800,卖盘
1106,13:59:48,8.41,0.01,121,101761,买盘
1107,13:59:45,8.4,-0.01,182,152880,卖盘
1108,13:59:42,8.41,--,38,31958,买盘
1109,13:59:39,8.41,--,13,10933,买盘
1110,13:59:36,8.41,--,45,37845,买盘
1111,13:59:33,8.41,-0.01,71,59711,卖盘
1112,13:59:30,8.42,0.01,23,19366,买盘
1113,13:59:27,8.41,--,8,6728,卖盘
1114,13:59:24,8.41,-0.01,90,75690,卖盘
1115,13:59:21,8.42,0.01,19,15998,买盘
1116,13:59:18,8.41,-0.01,35,29435,卖盘
1117,13:59:15,8.42,0.01,12,10104,买盘
1118,13:59:09,8.41,--,13,10933,卖盘
1119,13:59:06,8.41,--,11,9251,卖盘
1120,13:59:03,8.41,-0.01,33,27753,卖盘
1121,13:59:00,8.42,0.01,329,277018,买盘
1122,13:58:57,8.41,0.01,10,8410,买盘
1123,13:58:54,8.4,-0.01,32,26880,卖盘
1124,13:58:51,8.41,--,190,159790,买盘
1125,13:58:48,8.41,--,65,54665,买盘
1126,13:58:45,8.41,--,26,21866,买盘
1127,13:58:42,8.41,--,111,93351,买盘
1128,13:58:39,8.41,--,12,10092,买盘
1129,13:58:36,8.41,--,78,65598,卖盘
1130,13:58:33,8.41,--,3,2523,卖盘
1131,13:58:30,8.41,--,115,96715,卖盘
1132,13:58:27,8.41,--,22,18502,卖盘
1133,13:58:24,8.41,--,47,39527,卖盘
1134,13:58:21,8.41,--,5,4205,卖盘
1135,13:58:15,8.41,--,28,23548,卖盘
1136,13:58:12,8.41,-0.01,12,10092,卖盘
1137,13:58:09,8.42,0.01,449,378058,买盘
1138,13:58:06,8.41,0.01,42,35322,买盘
1139,13:58:03,8.4,-0.01,69,57960,卖盘
1140,13:58:00,8.41,0.01,55,46255,买盘
1141,13:57:57,8.4,-0.01,331,278040,卖盘
1142,13:57:54,8.41,--,16,13456,买盘
1143,13:57:51,8.41,0.01,147,123627,买盘
1144,13:57:45,8.4,--,79,66360,卖盘
1145,13:57:39,8.4,-0.01,55,46200,卖盘
1146,13:57:36,8.41,--,598,502918,买盘
1147,13:57:33,8.41,--,80,67280,买盘
1148,13:57:30,8.41,--,232,195112,买盘
1149,13:57:27,8.41,--,153,128673,卖盘
1150,13:57:24,8.41,--,49,41209,卖盘
1151,13:57:21,8.41,-0.01,47,39527,卖盘
1152,13:57:18,8.42,0.01,333,280386,买盘
1153,13:57:12,8.41,--,39,32799,卖盘
1154,13:57:09,8.41,--,298,250618,卖盘
1155,13:57:06,8.41,-0.01,67,56347,卖盘
1156,13:57:03,8.42,0.01,813,684546,买盘
1157,13:57:00,8.41,-0.01,60,50460,卖盘
1158,13:56:57,8.42,--,38,31996,买盘
1159,13:56:54,8.42,--,9,7578,买盘
1160,13:56:51,8.42,--,472,397424,买盘
1161,13:56:48,8.42,0.01,62,52204,买盘
1162,13:56:45,8.41,-0.01,1,841,卖盘
1163,13:56:42,8.42,--,107,90094,买盘
1164,13:56:39,8.42,--,572,481624,买盘
1165,13:56:36,8.42,--,90,75780,买盘
1166,13:56:33,8.42,--,20,16840,买盘
1167,13:56:30,8.42,--,93,78306,买盘
1168,13:56:27,8.42,0.01,88,74096,买盘
1169,13:56:24,8.41,-0.01,36,30276,卖盘
1170,13:56:21,8.42,--,31,26102,买盘
1171,13:56:18,8.42,--,54,45468,买盘
1172,13:56:15,8.42,--,192,161664,买盘
1173,13:56:12,8.42,0.01,410,345220,买盘
1174,13:56:09,8.41,-0.01,15,12615,卖盘
1175,13:56:06,8.42,0.01,43,36206,买盘
1176,13:56:03,8.41,--,6,5046,卖盘
1177,13:56:00,8.41,-0.01,231,194271,卖盘
1178,13:55:57,8.42,--,60,50520,买盘
1179,13:55:54,8.42,--,43,36206,买盘
1180,13:55:51,8.42,0.01,48,40416,买盘
1181,13:55:48,8.41,--,75,63075,卖盘
1182,13:55:45,8.41,-0.01,5,4205,卖盘
1183,13:55:42,8.42,--,62,52204,买盘
1184,13:55:39,8.42,--,668,562456,买盘
1185,13:55:36,8.42,0.01,25,21050,买盘
1186,13:55:33,8.41,-0.01,102,85782,卖盘
1187,13:55:30,8.42,--,48,40416,买盘
1188,13:55:27,8.42,0.01,71,59782,买盘
1189,13:55:24,8.41,-0.01,1,841,卖盘
1190,13:55:21,8.42,--,43,36206,买盘
1191,13:55:18,8.42,--,533,448786,买盘
1192,13:55:15,8.42,--,59,49678,买盘
1193,13:55:12,8.42,--,42,35364,买盘
1194,13:55:09,8.42,--,8,6736,买盘
1195,13:55:06,8.42,0.01,52,43784,买盘
1196,13:55:03,8.41,--,76,63916,卖盘
1197,13:55:00,8.41,-0.01,253,212773,卖盘
1198,13:54:57,8.42,--,5,4210,买盘
1199,13:54:51,8.42,0.01,16,13472,中性盘
1200,13:54:48,8.41,-0.02,30,25230,卖盘
1201,13:54:45,8.43,--,33,27819,买盘
1202,13:54:42,8.43,--,604,509172,买盘
1203,13:54:39,8.43,--,17,14331,买盘
1204,13:54:36,8.43,--,53,44679,买盘
1205,13:54:33,8.43,--,50,42150,买盘
1206,13:54:30,8.43,--,222,187146,买盘
1207,13:54:27,8.43,--,3,2529,买盘
1208,13:54:24,8.43,--,50,42150,买盘
1209,13:54:21,8.43,--,28,23604,买盘
1210,13:54:18,8.43,--,7,5901,买盘
1211,13:54:15,8.43,--,25,21075,买盘
1212,13:54:12,8.43,0.01,10,8430,买盘
1213,13:54:09,8.42,--,52,43784,卖盘
1214,13:54:06,8.42,--,114,95988,卖盘
1215,13:54:03,8.42,-0.01,273,229866,卖盘
1216,13:54:00,8.43,--,44,37092,买盘
1217,13:53:57,8.43,--,80,67440,买盘
1218,13:53:54,8.43,0.01,33,27819,买盘
1219,13:53:51,8.42,-0.01,42,35364,卖盘
1220,13:53:48,8.43,--,10,8430,买盘
1221,13:53:45,8.43,-0.01,285,240255,卖盘
1222,13:53:42,8.44,--,152,128287,买盘
1223,13:53:39,8.44,0.01,69,58236,买盘
1224,13:53:36,8.43,-0.01,134,112962,卖盘
1225,13:53:33,8.44,--,38,32071,买盘
1226,13:53:30,8.44,0.01,25,21100,买盘
1227,13:53:27,8.43,--,49,41307,卖盘
1228,13:53:24,8.43,--,25,21075,卖盘
1229,13:53:21,8.43,--,3,2529,卖盘
1230,13:53:15,8.43,--,49,41307,卖盘
1231,13:53:12,8.43,-0.01,158,133194,卖盘
1232,13:53:09,8.44,0.01,131,110564,买盘
1233,13:53:06,8.43,--,109,91887,卖盘
1234,13:53:03,8.43,--,98,82614,卖盘
1235,13:53:00,8.43,-0.01,29,24447,卖盘
1236,13:52:57,8.44,--,35,29540,买盘
1237,13:52:54,8.44,0.01,21,17724,买盘
1238,13:52:51,8.43,--,35,29505,卖盘
1239,13:52:48,8.43,-0.01,21,17703,卖盘
1240,13:52:45,8.44,--,917,773948,买盘
1241,13:52:42,8.44,0.01,21,17724,买盘
1242,13:52:39,8.43,-0.01,70,59010,卖盘
1243,13:52:36,8.44,0.01,11,9284,买盘
1244,13:52:33,8.43,--,238,200634,卖盘
1245,13:52:30,8.43,--,35,29505,卖盘
1246,13:52:27,8.43,-0.01,136,114648,卖盘
1247,13:52:24,8.44,--,84,70896,卖盘
1248,13:52:21,8.44,--,83,70052,买盘
1249,13:52:18,8.44,--,132,111408,买盘
1250,13:52:15,8.44,0.01,92,77648,买盘
1251,13:52:12,8.43,-0.01,106,89358,卖盘
1252,13:52:09,8.44,--,94,79336,买盘
1253,13:52:06,8.44,--,365,308060,买盘
1254,13:52:03,8.44,--,34,28696,买盘
1255,13:52:00,8.44,-0.01,671,566324,卖盘
1256,13:51:57,8.45,0.01,180,152100,买盘
1257,13:51:54,8.44,-0.01,98,82712,卖盘
1258,13:51:51,8.45,0.01,924,780779,买盘
1259,13:51:48,8.44,--,817,689548,买盘
1260,13:51:45,8.44,--,489,412716,买盘
1261,13:51:42,8.44,--,87,73428,卖盘
1262,13:51:39,8.44,--,143,120692,卖盘
1263,13:51:36,8.44,--,167,140948,卖盘
1264,13:51:33,8.44,--,606,511463,卖盘
1265,13:51:30,8.44,--,32,27008,卖盘
1266,13:51:27,8.44,--,47,39668,卖盘
1267,13:51:24,8.44,--,54,45576,卖盘
1268,13:51:21,8.44,--,531,448687,买盘
1269,13:51:18,8.44,0.01,373,314812,买盘
1270,13:51:15,8.43,-0.01,154,129822,卖盘
1271,13:51:12,8.44,--,572,482768,买盘
1272,13:51:09,8.44,--,30,25320,买盘
1273,13:51:06,8.44,--,1242,1048247,卖盘
1274,13:51:03,8.44,--,76,64143,卖盘
1275,13:51:00,8.44,--,177,149388,买盘
1276,13:50:57,8.44,0.01,35,29540,中性盘
1277,13:50:54,8.43,--,165,139095,卖盘
1278,13:50:51,8.43,-0.01,53,44679,卖盘
1279,13:50:48,8.44,0.01,710,599240,买盘
1280,13:50:45,8.43,-0.01,96,80928,卖盘
1281,13:50:42,8.44,0.01,224,189056,买盘
1282,13:50:39,8.43,--,483,407169,卖盘
1283,13:50:36,8.43,-0.01,71,59853,卖盘
1284,13:50:33,8.44,0.01,88,74272,买盘
1285,13:50:30,8.43,-0.01,332,279876,卖盘
1286,13:50:27,8.44,--,248,209312,买盘
1287,13:50:24,8.44,--,105,88620,买盘
1288,13:50:21,8.44,0.01,3,2532,买盘
1289,13:50:18,8.43,-0.01,97,81771,卖盘
1290,13:50:15,8.44,--,162,136728,买盘
1291,13:50:12,8.44,0.01,518,437192,卖盘
1292,13:50:09,8.43,--,375,316125,卖盘
1293,13:50:06,8.43,-0.01,2154,1815822,卖盘
1294,13:50:03,8.44,--,70,59080,买盘
1295,13:50:00,8.44,0.01,121,102124,买盘
1296,13:49:57,8.43,--,142,119706,卖盘
1297,13:49:54,8.43,-0.01,53,44679,卖盘
1298,13:49:51,8.44,0.01,572,482768,买盘
1299,13:49:48,8.43,--,169,142972,买盘
1300,13:49:45,8.43,--,554,467022,买盘
1301,13:49:42,8.43,--,1878,1583154,买盘
1302,13:49:39,8.43,0.01,46,38778,买盘
1303,13:49:36,8.42,-0.01,34,28628,卖盘
1304,13:49:33,8.43,0.01,74,62382,买盘
1305,13:49:30,8.42,--,956,804952,买盘
1306,13:49:27,8.42,0.01,520,437840,买盘
1307,13:49:24,8.41,-0.01,13,10933,卖盘
1308,13:49:21,8.42,--,161,135562,买盘
1309,13:49:18,8.42,--,820,690440,买盘
1310,13:49:15,8.42,--,69,58098,买盘
1311,13:49:12,8.42,0.01,150,126300,买盘
1312,13:49:09,8.41,-0.01,83,69803,卖盘
1313,13:49:06,8.42,0.01,6,5052,买盘
1314,13:49:03,8.41,-0.01,41,34481,卖盘
1315,13:49:00,8.42,0.01,11,9262,买盘
1316,13:48:57,8.41,--,11,9251,卖盘
1317,13:48:54,8.41,-0.01,801,673641,卖盘
1318,13:48:51,8.42,0.01,30,25260,买盘
1319,13:48:48,8.41,-0.01,70,58870,卖盘
1320,13:48:45,8.42,0.02,1424,1199008,买盘
1321,13:48:42,8.4,-0.01,12,10080,卖盘
1322,13:48:39,8.41,0.01,25,21025,买盘
1323,13:48:36,8.4,--,18,15120,卖盘
1324,13:48:33,8.4,-0.01,27,22680,卖盘
1325,13:48:30,8.41,0.01,1729,1454089,买盘
1326,13:48:27,8.4,--,149,125160,买盘
1327,13:48:24,8.4,0.01,772,648480,买盘
1328,13:48:21,8.39,--,149,125011,卖盘
1329,13:48:18,8.39,--,1,839,卖盘
1330,13:48:15,8.39,--,13,10907,卖盘
1331,13:48:12,8.39,0.01,621,521019,买盘
1332,13:48:09,8.38,--,49,41062,卖盘
1333,13:48:03,8.38,--,38,31844,卖盘
1334,13:48:00,8.38,-0.01,748,626824,卖盘
1335,13:47:57,8.39,--,20,16780,卖盘
1336,13:47:54,8.39,--,906,760134,卖盘
1337,13:47:51,8.39,0.01,536,449704,买盘
1338,13:47:48,8.38,0.01,34,28492,中性盘
1339,13:47:45,8.37,-0.01,825,690524,卖盘
1340,13:47:42,8.38,--,286,239668,卖盘
1341,13:47:39,8.38,--,72,60336,卖盘
1342,13:47:36,8.38,-0.01,35,29330,卖盘
1343,13:47:33,8.39,0.01,8,6712,买盘
1344,13:47:30,8.38,-0.01,43,36034,卖盘
1345,13:47:27,8.39,0.01,77,64603,买盘
1346,13:47:24,8.38,-0.01,38,31844,卖盘
1347,13:47:21,8.39,0.01,92,77188,买盘
1348,13:47:18,8.38,--,37,31006,卖盘
1349,13:47:15,8.38,--,16,13408,卖盘
1350,13:47:12,8.38,--,62,51956,买盘
1351,13:47:09,8.38,0.01,29,24302,中性盘
1352,13:47:06,8.37,-0.01,52,43523,卖盘
1353,13:47:03,8.38,-0.01,3,2514,中性盘
1354,13:47:00,8.39,0.01,272,228208,买盘
1355,13:46:57,8.38,-0.01,365,305870,卖盘
1356,13:46:54,8.39,0.01,266,223174,买盘
1357,13:46:51,8.38,-0.01,69,57822,卖盘
1358,13:46:48,8.39,--,5,4195,买盘
1359,13:46:45,8.39,--,51,42789,卖盘
1360,13:46:42,8.39,--,61,51179,卖盘
1361,13:46:39,8.39,--,2,1678,卖盘
1362,13:46:36,8.39,--,45,37755,卖盘
1363,13:46:33,8.39,0.01,56,46984,买盘
1364,13:46:30,8.38,--,48,40224,卖盘
1365,13:46:27,8.38,--,600,502800,卖盘
1366,13:46:24,8.38,--,138,115644,卖盘
1367,13:46:15,8.38,--,59,49442,卖盘
1368,13:46:09,8.38,--,26,21788,卖盘
1369,13:46:06,8.38,--,105,87990,卖盘
1370,13:46:03,8.38,--,74,62012,买盘
1371,13:46:00,8.38,--,40,33520,买盘
1372,13:45:57,8.38,-0.01,484,405592,卖盘
1373,13:45:54,8.39,--,25,20975,买盘
1374,13:45:51,8.39,--,41,34399,买盘
1375,13:45:48,8.39,--,13,10907,买盘
1376,13:45:45,8.39,--,113,94807,中性盘
1377,13:45:42,8.39,--,49,41111,卖盘
1378,13:45:39,8.39,-0.01,29,24331,卖盘
1379,13:45:36,8.4,0.01,11,9240,买盘
1380,13:45:33,8.39,0.01,9,7551,中性盘
1381,13:45:30,8.38,-0.01,154,129052,卖盘
1382,13:45:27,8.39,--,156,130884,买盘
1383,13:45:24,8.39,--,203,170317,买盘
1384,13:45:21,8.39,0.01,263,220657,买盘
1385,13:45:18,8.38,--,22,18436,卖盘
1386,13:45:15,8.38,-0.01,33,27654,卖盘
1387,13:45:12,8.39,--,67,56213,买盘
1388,13:45:09,8.39,--,500,419500,买盘
1389,13:45:06,8.39,0.01,14,11746,买盘
1390,13:45:03,8.38,--,33,27654,卖盘
1391,13:45:00,8.38,-0.01,607,508666,卖盘
1392,13:44:57,8.39,0.01,66,55374,买盘
1393,13:44:54,8.38,-0.01,15,12570,卖盘
1394,13:44:51,8.39,0.01,16,13424,买盘
1395,13:44:48,8.38,--,53,44414,卖盘
1396,13:44:45,8.38,-0.01,1,838,卖盘
1397,13:44:42,8.39,--,105,88095,买盘
1398,13:44:39,8.39,0.01,84,70476,买盘
1399,13:44:36,8.38,-0.01,205,171790,卖盘
1400,13:44:33,8.39,--,27,22653,买盘
1401,13:44:30,8.39,--,130,109070,买盘
1402,13:44:27,8.39,0.01,1,839,买盘
1403,13:44:24,8.38,--,30,25140,卖盘
1404,13:44:21,8.38,-0.01,261,218718,卖盘
1405,13:44:18,8.39,--,202,169478,买盘
1406,13:44:15,8.39,--,7,5873,买盘
1407,13:44:12,8.39,0.01,17,14263,买盘
1408,13:44:09,8.38,-0.01,1069,895822,卖盘
1409,13:44:06,8.39,--,8,6712,买盘
1410,13:44:03,8.39,0.01,139,116621,买盘
1411,13:44:00,8.38,--,581,486878,卖盘
1412,13:43:57,8.38,-0.01,76,63688,卖盘
1413,13:43:54,8.39,0.01,16,13424,买盘
1414,13:43:48,8.38,-0.01,45,37710,卖盘
1415,13:43:45,8.39,-0.01,247,207233,卖盘
1416,13:43:42,8.4,0.01,208,174720,买盘
1417,13:43:39,8.39,0.01,34,28526,买盘
1418,13:43:36,8.38,-0.01,139,116482,卖盘
1419,13:43:33,8.39,--,231,193809,卖盘
1420,13:43:30,8.39,--,30,25170,卖盘
1421,13:43:27,8.39,-0.01,26,21814,卖盘
1422,13:43:24,8.4,--,87,73080,买盘
1423,13:43:18,8.4,0.01,61,51240,买盘
1424,13:43:15,8.39,-0.01,36,30204,买盘
1425,13:43:12,8.4,--,13,10920,买盘
1426,13:43:09,8.4,0.01,97,81480,买盘
1427,13:43:06,8.39,--,96,80544,卖盘
1428,13:43:03,8.39,--,564,473196,卖盘
1429,13:43:00,8.39,-0.01,16,13424,卖盘
1430,13:42:57,8.4,--,81,68040,买盘
1431,13:42:54,8.4,0.01,27,22680,买盘
1432,13:42:51,8.39,--,7,5873,卖盘
1433,13:42:48,8.39,-0.01,80,67120,卖盘
1434,13:42:45,8.4,--,104,87360,买盘
1435,13:42:42,8.4,--,135,113400,买盘
1436,13:42:39,8.4,0.01,202,169680,买盘
1437,13:42:36,8.39,--,65,54535,卖盘
1438,13:42:33,8.39,-0.01,74,62086,卖盘
1439,13:42:27,8.4,--,10,8400,买盘
1440,13:42:24,8.4,--,28,23520,买盘
1441,13:42:21,8.4,0.01,140,117600,买盘
1442,13:42:18,8.39,-0.01,9,7551,卖盘
1443,13:42:15,8.4,--,70,58800,买盘
1444,13:42:12,8.4,--,8,6720,买盘
1445,13:42:09,8.4,--,83,69720,买盘
1446,13:42:06,8.4,0.01,14,11760,买盘
1447,13:42:03,8.39,-0.01,614,515146,卖盘
1448,13:42:00,8.4,--,128,107520,买盘
1449,13:41:57,8.4,--,68,57120,买盘
1450,13:41:54,8.4,--,42,35280,买盘
1451,13:41:51,8.4,--,50,42000,买盘
1452,13:41:48,8.4,--,23,19320,买盘
1453,13:41:45,8.4,--,164,137760,买盘
1454,13:41:39,8.4,0.01,161,135240,买盘
1455,13:41:36,8.39,-0.01,36,30204,卖盘
1456,13:41:33,8.4,--,4,3360,买盘
1457,13:41:30,8.4,--,380,319200,买盘
1458,13:41:27,8.4,0.01,21,17640,买盘
1459,13:41:24,8.39,--,1193,1000927,卖盘
1460,13:41:21,8.39,-0.01,21,17619,卖盘
1461,13:41:18,8.4,--,232,194880,买盘
1462,13:41:15,8.4,0.01,117,98280,买盘
1463,13:41:12,8.39,--,50,41950,卖盘
1464,13:41:09,8.39,--,10,8390,卖盘
1465,13:41:06,8.39,--,30,25170,卖盘
1466,13:41:03,8.39,--,54,45306,卖盘
1467,13:41:00,8.39,--,31,26009,卖盘
1468,13:40:57,8.39,--,21,17619,买盘
1469,13:40:51,8.39,--,20,16780,买盘
1470,13:40:48,8.39,0.01,126,105714,买盘
1471,13:40:45,8.38,-0.01,80,67040,卖盘
1472,13:40:42,8.39,--,5,4195,卖盘
1473,13:40:39,8.39,--,155,130045,卖盘
1474,13:40:36,8.39,--,47,39433,卖盘
1475,13:40:33,8.39,0.01,111,93129,买盘
1476,13:40:30,8.38,-0.01,66,55308,卖盘
1477,13:40:24,8.39,--,82,68798,卖盘
1478,13:40:21,8.39,0.01,1484,1245076,买盘
1479,13:40:18,8.38,-0.01,2,1676,卖盘
1480,13:40:15,8.39,--,60,50340,买盘
1481,13:40:12,8.39,--,110,92290,买盘
1482,13:40:09,8.39,--,8,6712,买盘
1483,13:40:06,8.39,0.01,31,26009,买盘
1484,13:40:03,8.38,-0.01,80,67040,卖盘
1485,13:40:00,8.39,-0.01,63,52857,卖盘
1486,13:39:57,8.4,0.01,38,31920,买盘
1487,13:39:54,8.39,--,23,19297,卖盘
1488,13:39:51,8.39,--,176,147664,卖盘
1489,13:39:48,8.39,--,53,44467,卖盘
1490,13:39:45,8.39,0.01,129,108231,买盘
1491,13:39:42,8.38,--,21,17598,卖盘
1492,13:39:39,8.38,-0.01,17,14246,卖盘
1493,13:39:36,8.39,0.01,812,681268,买盘
1494,13:39:33,8.38,-0.01,16,13408,卖盘
1495,13:39:30,8.39,--,93,78027,买盘
1496,13:39:27,8.39,0.01,555,465645,买盘
1497,13:39:24,8.38,--,93,77934,卖盘
1498,13:39:21,8.38,--,87,72906,卖盘
1499,13:39:18,8.38,-0.01,451,377938,卖盘
1500,13:39:15,8.39,0.01,36,30204,买盘
1501,13:39:12,8.38,-0.01,54,45252,卖盘
1502,13:39:09,8.39,0.01,13,10907,买盘
1503,13:39:06,8.38,-0.01,78,65364,卖盘
1504,13:39:03,8.39,0.01,52,43628,买盘
1505,13:39:00,8.38,-0.01,15,12570,卖盘
1506,13:38:57,8.39,0.01,91,76349,买盘
1507,13:38:54,8.38,--,27,22626,卖盘
1508,13:38:51,8.38,0.01,36,30168,卖盘
1509,13:38:48,8.37,--,29,24272,卖盘
1510,13:38:45,8.37,-0.01,481,402596,卖盘
1511,13:38:42,8.38,0.01,286,239668,买盘
1512,13:38:39,8.37,--,793,663740,卖盘
1513,13:38:36,8.37,--,291,243566,卖盘
1514,13:38:33,8.37,--,303,253610,卖盘
1515,13:38:30,8.37,-0.01,42,35154,中性盘
1516,13:38:27,8.38,0.02,39,32682,买盘
1517,13:38:24,8.36,--,60,50160,卖盘
1518,13:38:18,8.36,-0.02,10,8360,卖盘
1519,13:38:15,8.38,0.01,778,651964,买盘
1520,13:38:06,8.37,0.01,2,1673,买盘
1521,13:38:03,8.36,0.01,477,398772,买盘
1522,13:38:00,8.35,--,52,43420,卖盘
1523,13:37:57,8.35,--,22,18370,卖盘
1524,13:37:54,8.35,--,19,15865,卖盘
1525,13:37:51,8.35,--,31,25885,卖盘
1526,13:37:48,8.35,--,101,84335,卖盘
1527,13:37:45,8.35,--,152,126920,卖盘
1528,13:37:42,8.35,--,101,84335,卖盘
1529,13:37:39,8.35,-0.01,61,50935,卖盘
1530,13:37:36,8.36,--,4,3344,买盘
1531,13:37:33,8.36,0.01,22,18392,买盘
1532,13:37:30,8.35,--,112,93520,卖盘
1533,13:37:27,8.35,-0.01,103,86005,卖盘
1534,13:37:24,8.36,0.01,21,17556,买盘
1535,13:37:21,8.35,--,13,10855,卖盘
1536,13:37:18,8.35,--,212,177020,卖盘
1537,13:37:15,8.35,--,150,125250,卖盘
1538,13:37:09,8.35,-0.01,10,8350,卖盘
1539,13:37:06,8.36,0.01,54,45144,买盘
1540,13:37:03,8.35,--,32,26720,卖盘
1541,13:37:00,8.35,-0.01,20,16700,卖盘
1542,13:36:57,8.36,--,86,71896,买盘
1543,13:36:51,8.36,0.01,300,250799,买盘
1544,13:36:48,8.35,-0.01,314,262190,卖盘
1545,13:36:45,8.36,0.01,44,36784,买盘
1546,13:36:42,8.35,-0.01,46,38410,卖盘
1547,13:36:39,8.36,0.01,1,836,买盘
1548,13:36:36,8.35,--,16,13360,卖盘
1549,13:36:33,8.35,--,65,54275,卖盘
1550,13:36:30,8.35,-0.01,112,93520,卖盘
1551,13:36:27,8.36,--,109,91124,买盘
1552,13:36:24,8.36,0.01,46,38456,买盘
1553,13:36:21,8.35,-0.01,55,45925,卖盘
1554,13:36:18,8.36,0.01,13,10868,买盘
1555,13:36:12,8.35,--,11,9185,卖盘
1556,13:36:09,8.35,-0.01,73,60955,卖盘
1557,13:36:06,8.36,0.01,63,52668,买盘
1558,13:36:03,8.35,--,64,53440,卖盘
1559,13:36:00,8.35,-0.01,57,47595,卖盘
1560,13:35:57,8.36,--,76,63535,买盘
1561,13:35:51,8.36,0.01,305,254979,买盘
1562,13:35:48,8.35,-0.01,22,18370,卖盘
1563,13:35:45,8.36,0.01,20,16720,买盘
1564,13:35:42,8.35,-0.01,14,11690,卖盘
1565,13:35:39,8.36,0.01,39,32603,买盘
1566,13:35:36,8.35,-0.01,34,28390,卖盘
1567,13:35:33,8.36,--,2,1672,买盘
1568,13:35:30,8.36,0.01,21,17556,买盘
1569,13:35:27,8.35,-0.01,89,74315,卖盘
1570,13:35:24,8.36,--,8,6688,买盘
1571,13:35:21,8.36,--,74,61863,买盘
1572,13:35:18,8.36,0.01,67,56011,卖盘
1573,13:35:15,8.35,-0.02,70,58450,卖盘
1574,13:35:12,8.37,0.01,85,71145,买盘
1575,13:35:09,8.36,-0.01,6,5016,卖盘
1576,13:35:06,8.37,0.01,61,51056,买盘
1577,13:35:03,8.36,--,49,40964,卖盘
1578,13:35:00,8.36,--,17,14211,卖盘
1579,13:34:57,8.36,-0.01,20,16720,卖盘
1580,13:34:54,8.37,0.01,33,27620,买盘
1581,13:34:51,8.36,-0.01,41,34276,卖盘
1582,13:34:48,8.37,0.01,100,83699,买盘
1583,13:34:45,8.36,-0.01,254,212344,卖盘
1584,13:34:42,8.37,--,21,17577,买盘
1585,13:34:39,8.37,--,33,27620,买盘
1586,13:34:36,8.37,0.01,17,14228,买盘
1587,13:34:33,8.36,-0.01,53,44308,卖盘
1588,13:34:30,8.37,--,258,215945,买盘
1589,13:34:27,8.37,0.01,45,37665,买盘
1590,13:34:24,8.36,-0.01,17,14211,卖盘
1591,13:34:21,8.37,0.01,22,18414,买盘
1592,13:34:18,8.36,--,93,77748,卖盘
1593,13:34:15,8.36,--,23,19228,卖盘
1594,13:34:12,8.36,--,26,21736,卖盘
1595,13:34:06,8.36,--,8,6688,卖盘
1596,13:34:03,8.36,-0.01,2,1672,卖盘
1597,13:34:00,8.37,0.01,61,51056,买盘
1598,13:33:57,8.36,--,149,124563,卖盘
1599,13:33:54,8.36,-0.01,41,34276,卖盘
1600,13:33:51,8.37,0.01,5,4185,买盘
1601,13:33:45,8.36,-0.01,58,48488,卖盘
1602,13:33:39,8.37,0.01,19,15902,买盘
1603,13:33:36,8.36,--,48,40128,卖盘
1604,13:33:33,8.36,-0.01,11,9196,卖盘
1605,13:33:30,8.37,--,10,8370,买盘
1606,13:33:27,8.37,0.01,20,16740,买盘
1607,13:33:24,8.36,-0.01,47,39292,卖盘
1608,13:33:18,8.37,0.01,12,10043,买盘
1609,13:33:15,8.36,--,34,28423,卖盘
1610,13:33:12,8.36,--,53,44308,卖盘
1611,13:33:09,8.36,--,107,89452,卖盘
1612,13:33:06,8.36,--,22,18392,卖盘
1613,13:33:03,8.36,--,74,62532,买盘
1614,13:33:00,8.36,--,29,24244,买盘
1615,13:32:57,8.36,--,40,33607,卖盘
1616,13:32:51,8.36,--,123,102828,卖盘
1617,13:32:48,8.36,--,40,33440,卖盘
1618,13:32:42,8.36,--,41,34276,卖盘
1619,13:32:39,8.36,--,181,151984,买盘
1620,13:32:36,8.36,0.01,35,29259,买盘
1621,13:32:33,8.35,--,29,24215,卖盘
1622,13:32:30,8.35,--,117,97695,卖盘
1623,13:32:27,8.35,--,25,20875,卖盘
1624,13:32:21,8.35,-0.01,45,37575,卖盘
1625,13:32:15,8.36,0.01,160,133760,买盘
1626,13:32:12,8.35,--,48,40080,卖盘
1627,13:32:06,8.35,-0.01,15,12525,卖盘
1628,13:32:03,8.36,0.01,355,296780,买盘
1629,13:32:00,8.35,--,16,13360,买盘
1630,13:31:57,8.35,-0.01,69,57615,卖盘
1631,13:31:51,8.36,0.01,11,9196,买盘
1632,13:31:48,8.35,--,84,70140,卖盘
1633,13:31:45,8.35,-0.01,47,39245,卖盘
1634,13:31:42,8.36,--,45,37620,买盘
1635,13:31:39,8.36,--,65,54339,买盘
1636,13:31:36,8.36,0.01,42,35112,买盘
1637,13:31:33,8.35,--,38,31730,卖盘
1638,13:31:30,8.35,--,24,20040,卖盘
1639,13:31:27,8.35,--,87,72645,卖盘
1640,13:31:24,8.35,--,213,177855,买盘
1641,13:31:21,8.35,--,16,13360,买盘
1642,13:31:18,8.35,0.01,126,105210,中性盘
1643,13:31:12,8.34,-0.01,76,63384,卖盘
1644,13:31:09,8.35,-0.01,3,2505,中性盘
1645,13:31:06,8.36,0.02,28,23408,买盘
1646,13:31:03,8.34,-0.01,52,43368,卖盘
1647,13:31:00,8.35,--,54,45090,卖盘
1648,13:30:57,8.35,--,5,4175,卖盘
1649,13:30:54,8.35,0.01,115,96025,买盘
1650,13:30:51,8.34,-0.01,51,42534,卖盘
1651,13:30:48,8.35,--,78,65130,买盘
1652,13:30:45,8.35,--,2,1670,买盘
1653,13:30:39,8.35,0.01,126,105210,买盘
1654,13:30:33,8.34,-0.01,352,293568,卖盘
1655,13:30:27,8.35,--,130,108550,卖盘
1656,13:30:24,8.35,--,54,45090,买盘
1657,13:30:21,8.35,--,48,40080,买盘
1658,13:30:18,8.35,-0.01,423,353372,卖盘
1659,13:30:12,8.36,0.01,405,338580,买盘
1660,13:30:06,8.35,--,22,18370,卖盘
1661,13:30:03,8.35,-0.01,72,60120,卖盘
1662,13:30:00,8.36,0.01,4,3344,买盘
1663,13:29:57,8.35,--,112,93520,卖盘
1664,13:29:54,8.35,-0.01,131,109385,卖盘
1665,13:29:51,8.36,--,113,94468,买盘
1666,13:29:48,8.36,0.01,23,19228,买盘
1667,13:29:45,8.35,--,15,12525,卖盘
1668,13:29:42,8.35,-0.01,55,45925,卖盘
1669,13:29:39,8.36,--,35,29259,买盘
1670,13:29:36,8.36,0.01,2,1672,买盘
1671,13:29:33,8.35,--,133,111055,卖盘
1672,13:29:27,8.35,--,25,20875,卖盘
1673,13:29:24,8.35,-0.01,36,30060,卖盘
1674,13:29:21,8.36,0.01,62,51832,买盘
1675,13:29:18,8.35,-0.01,5,4175,卖盘
1676,13:29:15,8.36,0.01,4,3344,买盘
1677,13:29:12,8.35,-0.01,50,41750,卖盘
1678,13:29:09,8.36,0.01,14,11704,买盘
1679,13:29:06,8.35,--,1,835,卖盘
1680,13:29:03,8.35,--,22,18370,卖盘
1681,13:29:00,8.35,-0.01,31,25885,卖盘
1682,13:28:57,8.36,--,109,91124,卖盘
1683,13:28:54,8.36,-0.01,77,64371,卖盘
1684,13:28:51,8.37,--,30,25109,买盘
1685,13:28:48,8.37,--,70,58589,买盘
1686,13:28:45,8.37,0.01,1476,1235412,买盘
1687,13:28:42,8.36,--,11,9196,卖盘
1688,13:28:39,8.36,--,108,90288,卖盘
1689,13:28:36,8.36,-0.01,119,99484,卖盘
1690,13:28:33,8.37,0.01,836,699731,买盘
1691,13:28:27,8.36,--,97,81092,卖盘
1692,13:28:24,8.36,-0.01,66,55175,卖盘
1693,13:28:21,8.37,--,30,25109,买盘
1694,13:28:18,8.37,0.01,39,32642,买盘
1695,13:28:15,8.36,-0.01,24,20064,卖盘
1696,13:28:12,8.37,0.01,135,112994,买盘
1697,13:28:06,8.36,-0.01,68,56847,卖盘
1698,13:28:03,8.37,0.01,25,20924,买盘
1699,13:27:57,8.36,-0.01,76,63535,卖盘
1700,13:27:54,8.37,--,42,35154,买盘
1701,13:27:45,8.37,--,57,47708,买盘
1702,13:27:42,8.37,--,11,9207,买盘
1703,13:27:39,8.37,--,26,21761,买盘
1704,13:27:36,8.37,0.01,3,2510,买盘
1705,13:27:33,8.36,--,35,29259,卖盘
1706,13:27:30,8.36,-0.01,22,18392,卖盘
1707,13:27:27,8.37,-0.01,866,724841,卖盘
1708,13:27:24,8.38,--,120,100560,买盘
1709,13:27:21,8.38,0.01,10,8380,买盘
1710,13:27:18,8.37,-0.01,81,67797,卖盘
1711,13:27:12,8.38,0.01,21,17598,买盘
1712,13:27:09,8.37,-0.01,65,54404,卖盘
1713,13:27:06,8.38,0.01,33,27654,买盘
1714,13:27:03,8.37,--,4,3347,卖盘
1715,13:27:00,8.37,0.01,39,32642,卖盘
1716,13:26:57,8.36,-0.02,79,66044,卖盘
1717,13:26:54,8.38,0.01,211,176818,买盘
1718,13:26:51,8.37,--,122,102113,买盘
1719,13:26:48,8.37,0.01,41,34317,买盘
1720,13:26:45,8.36,-0.01,27,22572,卖盘
1721,13:26:42,8.37,0.01,77,64448,买盘
1722,13:26:39,8.36,--,30,25080,卖盘
1723,13:26:36,8.36,-0.02,762,637032,卖盘
1724,13:26:33,8.38,0.01,109,91342,买盘
1725,13:26:30,8.37,--,7,5858,卖盘
1726,13:26:27,8.37,--,52,43523,卖盘
1727,13:26:24,8.37,0.01,316,264492,买盘
1728,13:26:21,8.36,--,57,47652,卖盘
1729,13:26:18,8.36,--,3,2508,卖盘
1730,13:26:15,8.36,-0.01,77,64371,卖盘
1731,13:26:12,8.37,--,82,68634,买盘
1732,13:26:09,8.37,--,149,124712,买盘
1733,13:26:06,8.37,0.01,11,9207,买盘
1734,13:26:03,8.36,-0.01,49,40964,卖盘
1735,13:26:00,8.37,--,64,53567,买盘
1736,13:25:57,8.37,0.01,13,10880,买盘
1737,13:25:54,8.36,-0.01,67,56011,卖盘
1738,13:25:51,8.37,--,248,207575,买盘
1739,13:25:48,8.37,--,500,418499,卖盘
1740,13:25:45,8.37,-0.01,55,46034,卖盘
1741,13:25:42,8.38,0.01,379,317602,买盘
1742,13:25:39,8.37,--,129,107972,卖盘
1743,13:25:36,8.37,-0.01,10,8370,卖盘
1744,13:25:33,8.38,0.01,50,41900,买盘
1745,13:25:30,8.37,--,53,44360,卖盘
1746,13:25:27,8.37,--,15,12554,卖盘
1747,13:25:24,8.37,--,86,71982,卖盘
1748,13:25:21,8.37,-0.01,58,48545,卖盘
1749,13:25:18,8.38,0.01,46,38548,买盘
1750,13:25:12,8.37,--,192,160703,买盘
1751,13:25:09,8.37,--,266,222641,买盘
1752,13:25:06,8.37,--,53,44360,买盘
1753,13:25:03,8.37,--,430,359909,买盘
1754,13:25:00,8.37,--,211,176606,卖盘
1755,13:24:57,8.37,-0.01,97,81188,卖盘
1756,13:24:54,8.38,0.01,123,103074,买盘
1757,13:24:51,8.37,-0.01,8,6695,卖盘
1758,13:24:48,8.38,0.01,40,33520,买盘
1759,13:24:45,8.37,--,188,157355,买盘
1760,13:24:42,8.37,--,295,246914,买盘
1761,13:24:39,8.37,0.01,232,194183,买盘
1762,13:24:36,8.36,--,72,60191,卖盘
1763,13:24:33,8.36,--,101,84436,卖盘
1764,13:24:30,8.36,--,44,36784,卖盘
1765,13:24:27,8.36,--,313,261667,卖盘
1766,13:24:24,8.36,0.01,515,431208,买盘
1767,13:24:21,8.35,--,99,82665,卖盘
1768,13:24:15,8.35,--,42,35070,卖盘
1769,13:24:12,8.35,-0.01,59,49265,卖盘
1770,13:24:09,8.36,0.02,1444,1207184,买盘
1771,13:24:06,8.34,--,24,20016,卖盘
1772,13:24:03,8.34,--,27,22518,卖盘
1773,13:24:00,8.34,-0.01,746,622164,卖盘
1774,13:23:57,8.35,0.01,19,15865,买盘
1775,13:23:54,8.34,-0.01,37,30858,卖盘
1776,13:23:51,8.35,0.01,57,47595,买盘
1777,13:23:48,8.34,--,103,85902,买盘
1778,13:23:45,8.34,--,15,12510,买盘
1779,13:23:42,8.34,0.01,26,21684,买盘
1780,13:23:39,8.33,--,49,40817,卖盘
1781,13:23:36,8.33,-0.01,18,14994,卖盘
1782,13:23:33,8.34,0.01,12,10008,中性盘
1783,13:23:27,8.33,-0.02,47,39151,卖盘
1784,13:23:24,8.35,0.02,65,54275,买盘
1785,13:23:18,8.33,-0.02,45,37485,卖盘
1786,13:23:12,8.35,0.01,53,44255,买盘
1787,13:23:06,8.34,--,45,37530,卖盘
1788,13:23:03,8.34,0.01,34,28356,买盘
1789,13:23:00,8.33,-0.01,13,10829,卖盘
1790,13:22:57,8.34,--,1723,1436982,卖盘
1791,13:22:54,8.34,--,87,72558,卖盘
1792,13:22:45,8.34,-0.01,50,41700,卖盘
1793,13:22:42,8.35,--,16,13360,买盘
1794,13:22:39,8.35,--,30,25050,买盘
1795,13:22:36,8.35,0.01,35,29225,买盘
1796,13:22:33,8.34,-0.01,120,100080,卖盘
1797,13:22:30,8.35,--,73,60955,买盘
1798,13:22:27,8.35,--,5,4175,买盘
1799,13:22:24,8.35,0.01,83,69305,买盘
1800,13:22:21,8.34,-0.01,58,48372,卖盘
1801,13:22:18,8.35,--,23,19205,买盘
1802,13:22:15,8.35,--,101,84335,买盘
1803,13:22:12,8.35,0.01,132,110220,买盘
1804,13:22:09,8.34,--,176,146784,卖盘
1805,13:22:06,8.34,--,1,834,卖盘
1806,13:22:03,8.34,-0.01,27,22518,卖盘
1807,13:22:00,8.35,--,39,32565,买盘
1808,13:21:57,8.35,--,10,8350,买盘
1809,13:21:54,8.35,0.01,2,1670,买盘
1810,13:21:51,8.34,--,46,38364,卖盘
1811,13:21:48,8.34,-0.01,46,38364,卖盘
1812,13:21:45,8.35,0.01,3,2505,买盘
1813,13:21:42,8.34,-0.01,65,54210,卖盘
1814,13:21:39,8.35,--,2,1670,买盘
1815,13:21:36,8.35,-0.01,111,92685,中性盘
1816,13:21:33,8.36,0.02,34,28423,买盘
1817,13:21:30,8.34,--,131,109254,卖盘
1818,13:21:27,8.34,-0.01,32,26688,卖盘
1819,13:21:24,8.35,--,31,25885,卖盘
1820,13:21:18,8.35,0.01,112,93520,买盘
1821,13:21:15,8.34,--,21,17514,卖盘
1822,13:21:12,8.34,-0.02,35,29190,卖盘
1823,13:21:09,8.36,--,13,10868,买盘
1824,13:21:06,8.36,--,2,1672,买盘
1825,13:21:03,8.36,--,50,41800,买盘
1826,13:20:57,8.36,0.01,58,48488,买盘
1827,13:20:54,8.35,--,79,65965,买盘
1828,13:20:51,8.35,-0.01,1,835,卖盘
1829,13:20:48,8.36,0.01,930,777480,买盘
1830,13:20:45,8.35,0.01,73,60955,买盘
1831,13:20:42,8.34,-0.01,407,339438,卖盘
1832,13:20:39,8.35,--,55,45925,买盘
1833,13:20:36,8.35,--,50,41750,买盘
1834,13:20:33,8.35,0.02,101,84335,买盘
1835,13:20:30,8.33,-0.01,67,55811,卖盘
1836,13:20:27,8.34,0.01,190,158460,买盘
1837,13:20:24,8.33,--,112,93296,卖盘
1838,13:20:21,8.33,--,61,50813,卖盘
1839,13:20:18,8.33,--,20,16660,卖盘
1840,13:20:15,8.33,0.01,1084,902972,买盘
1841,13:20:12,8.32,--,63,52416,卖盘
1842,13:20:09,8.32,--,29,24128,卖盘
1843,13:20:06,8.32,--,1,832,卖盘
1844,13:20:03,8.32,0.01,37,30784,买盘
1845,13:20:00,8.31,-0.01,1051,873605,卖盘
1846,13:19:57,8.32,--,50,41600,卖盘
1847,13:19:54,8.32,0.01,486,404352,买盘
1848,13:19:48,8.31,-0.01,61,50691,卖盘
1849,13:19:45,8.32,0.01,12,9984,买盘
1850,13:19:39,8.31,--,50,41550,卖盘
1851,13:19:36,8.31,--,77,63987,卖盘
1852,13:19:33,8.31,-0.01,25,20775,卖盘
1853,13:19:27,8.32,0.01,70,58240,买盘
1854,13:19:24,8.31,-0.01,31,25761,卖盘
1855,13:19:21,8.32,0.01,73,60736,买盘
1856,13:19:18,8.31,-0.01,60,49860,卖盘
1857,13:19:15,8.32,--,24,19968,买盘
1858,13:19:12,8.32,--,119,99008,买盘
1859,13:19:09,8.32,-0.01,28,23296,卖盘
1860,13:19:06,8.33,0.02,1,833,卖盘
1861,13:19:03,8.31,-0.01,60,49860,卖盘
1862,13:19:00,8.32,0.01,169,140608,中性盘
1863,13:18:54,8.31,--,28,23268,卖盘
1864,13:18:51,8.31,-0.02,50,41550,卖盘
1865,13:18:48,8.33,-0.01,22,18326,卖盘
1866,13:18:45,8.34,0.01,286,238524,买盘
1867,13:18:42,8.33,--,17,14161,卖盘
1868,13:18:39,8.33,-0.01,65,54145,卖盘
1869,13:18:36,8.34,0.01,100,83400,卖盘
1870,13:18:33,8.33,-0.02,28,23324,卖盘
1871,13:18:30,8.35,0.01,979,817465,买盘
1872,13:18:27,8.34,0.03,1161,968924,买盘
1873,13:18:24,8.31,-0.02,8,6648,卖盘
1874,13:18:18,8.33,--,115,95795,卖盘
1875,13:18:15,8.33,-0.02,64,53312,卖盘
1876,13:18:12,8.35,0.01,750,626250,买盘
1877,13:18:09,8.34,--,793,661362,买盘
1878,13:18:06,8.34,0.03,33,27522,买盘
1879,13:18:03,8.31,-0.03,25,20775,卖盘
1880,13:18:00,8.34,--,367,306078,卖盘
1881,13:17:57,8.34,--,45,37530,卖盘
1882,13:17:54,8.34,--,642,535428,卖盘
1883,13:17:51,8.34,0.01,2263,1887342,买盘
1884,13:17:48,8.33,--,61,50813,卖盘
1885,13:17:45,8.33,--,54,44982,卖盘
1886,13:17:42,8.33,--,124,103292,买盘
1887,13:17:39,8.33,0.01,34,28322,买盘
1888,13:17:33,8.32,0.01,126,104832,买盘
1889,13:17:30,8.31,--,81,67311,卖盘
1890,13:17:27,8.31,-0.01,59,49029,卖盘
1891,13:17:24,8.32,0.01,28,23961,买盘
1892,13:17:21,8.31,0.01,529,439599,买盘
1893,13:17:18,8.3,-0.01,7,5810,卖盘
1894,13:17:15,8.31,0.01,21,17451,买盘
1895,13:17:12,8.3,0.01,557,462310,买盘
1896,13:17:09,8.29,--,43,35646,卖盘
1897,13:17:06,8.29,-0.01,2,1657,卖盘
1898,13:17:03,8.3,0.01,490,406700,买盘
1899,13:17:00,8.29,-0.02,518,429421,卖盘
1900,13:16:57,8.31,0.01,25,20775,买盘
1901,13:16:54,8.3,-0.01,10,8300,卖盘
1902,13:16:51,8.31,0.01,44,36564,买盘
1903,13:16:48,8.3,--,38,31540,卖盘
1904,13:16:45,8.3,0.01,37,30710,买盘
1905,13:16:42,8.29,-0.01,2,1657,卖盘
1906,13:16:39,8.3,--,58,48140,卖盘
1907,13:16:36,8.3,0.01,16,13280,中性盘
1908,13:16:33,8.29,--,80,66320,卖盘
1909,13:16:30,8.29,--,25,20724,卖盘
1910,13:16:27,8.29,--,71,58858,卖盘
1911,13:16:24,8.29,--,163,135127,卖盘
1912,13:16:21,8.29,0.01,586,485793,买盘
1913,13:16:18,8.28,--,191,158148,卖盘
1914,13:16:15,8.28,-0.01,67,55475,卖盘
1915,13:16:12,8.29,--,19,15750,买盘
1916,13:16:09,8.29,0.01,25,20724,买盘
1917,13:16:06,8.28,--,59,48851,卖盘
1918,13:16:03,8.28,--,80,66240,卖盘
1919,13:16:00,8.28,--,176,145728,卖盘
1920,13:15:57,8.28,-0.01,45,37260,卖盘
1921,13:15:54,8.29,0.01,104,86215,买盘
1922,13:15:51,8.28,--,22,18216,卖盘
1923,13:15:48,8.28,--,7,5796,卖盘
1924,13:15:45,8.28,--,30,24839,卖盘
1925,13:15:42,8.28,-0.01,202,167256,卖盘
1926,13:15:39,8.29,--,28,23211,买盘
1927,13:15:36,8.29,--,62,51397,买盘
1928,13:15:33,8.29,--,83,68807,买盘
1929,13:15:30,8.29,0.01,17,14092,买盘
1930,13:15:27,8.28,--,65,53819,卖盘
1931,13:15:24,8.28,-0.01,48,39744,卖盘
1932,13:15:21,8.29,--,70,58029,买盘
1933,13:15:18,8.29,--,19,15750,买盘
1934,13:15:15,8.29,0.01,5,4145,买盘
1935,13:15:12,8.28,-0.01,39,32291,卖盘
1936,13:15:09,8.29,0.01,134,111085,买盘
1937,13:15:06,8.28,-0.01,109,90252,卖盘
1938,13:15:03,8.29,0.01,84,69636,买盘
1939,13:15:00,8.28,-0.01,9,7451,卖盘
1940,13:14:57,8.29,--,19,15750,买盘
1941,13:14:54,8.29,--,10,8290,买盘
1942,13:14:51,8.29,--,27,22382,买盘
1943,13:14:48,8.29,-0.01,101,83728,卖盘
1944,13:14:45,8.3,0.01,233,193390,买盘
1945,13:14:42,8.29,--,7,5802,卖盘
1946,13:14:39,8.29,-0.01,56,46423,卖盘
1947,13:14:36,8.3,0.01,7,5810,买盘
1948,13:14:33,8.29,-0.01,7,5802,卖盘
1949,13:14:30,8.3,0.01,51,42330,买盘
1950,13:14:27,8.29,--,53,43936,卖盘
1951,13:14:24,8.29,--,316,261963,卖盘
1952,13:14:21,8.29,--,200,165799,卖盘
1953,13:14:18,8.29,-0.01,20,16580,卖盘
1954,13:14:15,8.3,0.01,78,64740,买盘
1955,13:14:12,8.29,-0.01,22,18237,卖盘
1956,13:14:09,8.3,--,2561,2126327,卖盘
1957,13:14:06,8.3,--,8,6640,卖盘
1958,13:14:03,8.3,-0.01,58,48140,卖盘
1959,13:14:00,8.31,--,17,14127,买盘
1960,13:13:57,8.31,--,373,309963,卖盘
1961,13:13:54,8.31,--,133,110523,卖盘
1962,13:13:48,8.31,--,22,18282,卖盘
1963,13:13:45,8.31,--,7,5817,卖盘
1964,13:13:42,8.31,--,101,83931,卖盘
1965,13:13:39,8.31,--,100,83100,卖盘
1966,13:13:36,8.31,-0.01,50,41550,卖盘
1967,13:13:33,8.32,0.01,69,57408,买盘
1968,13:13:30,8.31,-0.01,7,5817,卖盘
1969,13:13:27,8.32,0.01,2,1664,买盘
1970,13:13:24,8.31,0.01,141,117171,卖盘
1971,13:13:21,8.3,-0.02,52,43160,卖盘
1972,13:13:18,8.32,--,59,49088,买盘
1973,13:13:15,8.32,0.02,20,16640,买盘
1974,13:13:12,8.3,-0.02,72,59760,卖盘
1975,13:13:09,8.32,0.02,1,832,买盘
1976,13:13:06,8.3,-0.02,25,20750,卖盘
1977,13:13:03,8.32,0.01,67,55744,买盘
1978,13:13:00,8.31,--,158,131298,卖盘
1979,13:12:57,8.31,-0.01,242,201102,卖盘
1980,13:12:54,8.32,--,37,30784,买盘
1981,13:12:51,8.32,--,1,832,买盘
1982,13:12:48,8.32,-0.01,158,131456,中性盘
1983,13:12:45,8.33,0.02,6,4998,买盘
1984,13:12:42,8.31,--,17,14127,卖盘
1985,13:12:39,8.31,-0.02,1,831,卖盘
1986,13:12:36,8.33,0.02,83,69139,买盘
1987,13:12:33,8.31,--,14,11634,卖盘
1988,13:12:30,8.31,-0.01,44,36564,卖盘
1989,13:12:27,8.32,0.01,49,40768,买盘
1990,13:12:24,8.31,-0.01,37,30747,卖盘
1991,13:12:21,8.32,--,10,8320,买盘
1992,13:12:18,8.32,--,40,33280,卖盘
1993,13:12:15,8.32,--,20,16640,卖盘
1994,13:12:12,8.32,-0.01,7,5824,卖盘
1995,13:12:09,8.33,0.01,15,12495,买盘
1996,13:12:06,8.32,0.01,8,6656,卖盘
1997,13:12:03,8.31,--,54,44874,卖盘
1998,13:12:00,8.31,-0.02,60,49860,卖盘
1999,13:11:54,8.33,--,12,9996,买盘
2000,13:11:51,8.33,0.02,267,222411,买盘
2001,13:11:48,8.31,-0.01,7,5817,卖盘
2002,13:11:45,8.32,--,53,44096,买盘
2003,13:11:42,8.32,--,69,57408,买盘
2004,13:11:36,8.32,--,58,48256,买盘
2005,13:11:33,8.32,0.01,37,30784,买盘
2006,13:11:30,8.31,-0.01,71,59001,卖盘
2007,13:11:27,8.32,--,46,38272,卖盘
2008,13:11:24,8.32,-0.01,76,63232,卖盘
2009,13:11:21,8.33,0.01,68,56644,买盘
2010,13:11:18,8.32,--,76,63232,卖盘
2011,13:11:12,8.32,-0.01,73,60736,卖盘
2012,13:11:09,8.33,0.01,1,833,买盘
2013,13:11:06,8.32,-0.01,204,169728,卖盘
2014,13:11:03,8.33,--,2,1666,卖盘
2015,13:11:00,8.33,-0.01,7,5831,卖盘
2016,13:10:57,8.34,--,292,243528,买盘
2017,13:10:54,8.34,0.01,680,567120,买盘
2018,13:10:51,8.33,-0.01,6,4998,卖盘
2019,13:10:48,8.34,0.01,40,33360,买盘
2020,13:10:45,8.33,--,47,39151,卖盘
2021,13:10:42,8.33,--,28,23324,卖盘
2022,13:10:39,8.33,-0.01,11,9163,卖盘
2023,13:10:36,8.34,0.01,67,55878,买盘
2024,13:10:33,8.33,--,127,105791,卖盘
2025,13:10:30,8.33,--,7,5831,卖盘
2026,13:10:27,8.33,-0.01,11,9163,卖盘
2027,13:10:24,8.34,--,81,67554,买盘
2028,13:10:21,8.34,--,8,6672,买盘
2029,13:10:18,8.34,0.01,74,61716,中性盘
2030,13:10:12,8.33,-0.02,51,42483,卖盘
2031,13:10:09,8.35,0.01,1,835,买盘
2032,13:10:06,8.34,-0.01,21,17514,卖盘
2033,13:10:03,8.35,--,116,96860,买盘
2034,13:10:00,8.35,-0.01,100,83500,卖盘
2035,13:09:57,8.36,0.01,338,282568,买盘
2036,13:09:54,8.35,--,9,7515,卖盘
2037,13:09:51,8.35,--,60,50100,卖盘
2038,13:09:48,8.35,--,13,10855,卖盘
2039,13:09:45,8.35,-0.01,15,12525,卖盘
2040,13:09:42,8.36,--,46,38456,买盘
2041,13:09:39,8.36,0.01,201,168036,买盘
2042,13:09:36,8.35,--,29,24215,卖盘
2043,13:09:33,8.35,--,226,188710,卖盘
2044,13:09:30,8.35,--,17,14195,卖盘
2045,13:09:27,8.35,--,193,161155,卖盘
2046,13:09:24,8.35,--,82,68470,卖盘
2047,13:09:18,8.35,-0.01,86,71810,卖盘
2048,13:09:15,8.36,0.01,82,68552,买盘
2049,13:09:12,8.35,-0.01,68,56780,卖盘
2050,13:09:06,8.36,--,119,99484,买盘
2051,13:09:03,8.36,--,45,37620,买盘
2052,13:09:00,8.36,--,135,112859,买盘
2053,13:08:57,8.36,--,100,83600,买盘
2054,13:08:54,8.36,-0.01,516,431375,卖盘
2055,13:08:51,8.37,--,4,3347,买盘
2056,13:08:48,8.37,-0.01,16,13391,买盘
2057,13:08:45,8.38,0.02,97,81286,买盘
2058,13:08:42,8.36,-0.01,20,16720,卖盘
2059,13:08:39,8.37,--,163,136431,卖盘
2060,13:08:36,8.37,0.01,291,243566,买盘
2061,13:08:33,8.36,-0.01,78,65207,卖盘
2062,13:08:30,8.37,0.02,29,24272,买盘
2063,13:08:27,8.35,-0.01,112,93520,卖盘
2064,13:08:21,8.36,-0.01,125,104500,卖盘
2065,13:08:18,8.37,0.01,100,83699,买盘
2066,13:08:15,8.36,--,84,70224,卖盘
2067,13:08:12,8.36,--,179,149644,卖盘
2068,13:08:09,8.36,--,43,35948,卖盘
2069,13:08:06,8.36,--,70,58519,卖盘
2070,13:08:03,8.36,--,5,4180,卖盘
2071,13:08:00,8.36,--,75,62699,卖盘
2072,13:07:57,8.36,-0.01,165,137940,卖盘
2073,13:07:54,8.37,--,10,8370,买盘
2074,13:07:51,8.37,0.01,204,170747,买盘
2075,13:07:48,8.36,-0.01,99,82764,卖盘
2076,13:07:45,8.37,0.01,132,110483,买盘
2077,13:07:42,8.36,--,166,138776,卖盘
2078,13:07:39,8.36,-0.01,74,61863,卖盘
2079,13:07:36,8.37,--,6,5021,买盘
2080,13:07:33,8.37,--,70,58589,买盘
2081,13:07:30,8.37,0.01,110,92069,买盘
2082,13:07:27,8.36,--,59,49324,卖盘
2083,13:07:24,8.36,-0.01,40,33440,卖盘
2084,13:07:18,8.37,--,59,49382,买盘
2085,13:07:15,8.37,--,53,44360,买盘
2086,13:07:12,8.37,0.01,73,61100,买盘
2087,13:07:09,8.36,-0.01,41,34276,卖盘
2088,13:07:06,8.37,0.01,208,174095,中性盘
2089,13:07:03,8.36,-0.01,153,127907,卖盘
2090,13:07:00,8.37,--,39,32642,买盘
2091,13:06:57,8.37,-0.01,52,43523,卖盘
2092,13:06:54,8.38,--,653,547214,买盘
2093,13:06:51,8.38,0.01,51,42738,买盘
2094,13:06:48,8.37,-0.01,24,20087,中性盘
2095,13:06:45,8.38,0.01,308,258104,买盘
2096,13:06:42,8.37,0.01,189,158192,买盘
2097,13:06:39,8.36,-0.01,11,9196,卖盘
2098,13:06:36,8.37,0.01,26,21761,买盘
2099,13:06:33,8.36,-0.01,52,43472,卖盘
2100,13:06:30,8.37,--,37,30968,买盘
2101,13:06:27,8.37,--,37,30968,买盘
2102,13:06:24,8.37,--,237,198368,买盘
2103,13:06:21,8.37,--,127,106298,买盘
2104,13:06:18,8.37,0.01,148,123875,买盘
2105,13:06:15,8.36,0.01,15,12540,中性盘
2106,13:06:12,8.35,-0.02,65,54275,卖盘
2107,13:06:09,8.37,0.01,24,20087,买盘
2108,13:06:06,8.36,0.01,287,239931,中性盘
2109,13:06:03,8.35,-0.01,82,68470,卖盘
2110,13:06:00,8.36,-0.01,62,51832,中性盘
2111,13:05:57,8.37,0.02,720,602640,买盘
2112,13:05:54,8.35,0.01,189,157815,买盘
2113,13:05:51,8.34,-0.02,24,20016,卖盘
2114,13:05:48,8.36,--,78,65207,买盘
2115,13:05:45,8.36,0.01,746,623656,买盘
2116,13:05:42,8.35,0.01,20,16700,中性盘
2117,13:05:39,8.34,-0.01,37,30858,中性盘
2118,13:05:36,8.35,-0.01,243,202905,卖盘
2119,13:05:33,8.36,0.01,659,550924,买盘
2120,13:05:30,8.35,-0.01,26,21710,中性盘
2121,13:05:27,8.36,0.01,776,648736,买盘
2122,13:05:24,8.35,--,2,1670,买盘
2123,13:05:21,8.35,--,86,71810,买盘
2124,13:05:18,8.35,0.02,11,9185,买盘
2125,13:05:15,8.33,-0.03,108,89964,卖盘
2126,13:05:12,8.36,0.01,728,608608,买盘
2127,13:05:09,8.35,0.01,700,584500,买盘
2128,13:05:06,8.34,0.01,324,270216,中性盘
2129,13:05:03,8.33,-0.02,106,88298,卖盘
2130,13:05:00,8.35,0.01,2,1670,买盘
2131,13:04:57,8.34,--,153,127602,卖盘
2132,13:04:54,8.34,--,68,56712,卖盘
2133,13:04:51,8.34,--,25,20850,买盘
2134,13:04:48,8.34,-0.01,6,5004,买盘
2135,13:04:45,8.35,0.02,718,599530,买盘
2136,13:04:42,8.33,--,54,44982,卖盘
2137,13:04:39,8.33,-0.01,972,809676,卖盘
2138,13:04:33,8.34,0.01,97,80898,买盘
2139,13:04:30,8.33,--,254,211582,买盘
2140,13:04:21,8.33,0.02,27,22491,买盘
2141,13:04:18,8.31,-0.01,50,41550,卖盘
2142,13:04:15,8.32,--,1059,881088,卖盘
2143,13:04:12,8.32,--,708,589056,卖盘
2144,13:04:09,8.32,--,62,51584,卖盘
2145,13:04:06,8.32,--,11,9152,卖盘
2146,13:04:03,8.32,--,17,14144,卖盘
2147,13:04:00,8.32,--,20,16640,卖盘
2148,13:03:57,8.32,0.01,1111,924352,买盘
2149,13:03:51,8.31,-0.01,30,24930,卖盘
2150,13:03:48,8.32,0.01,48,39936,买盘
2151,13:03:45,8.31,-0.01,37,30747,卖盘
2152,13:03:42,8.32,--,3,2496,买盘
2153,13:03:39,8.32,0.01,718,597376,买盘
2154,13:03:36,8.31,-0.01,633,526023,卖盘
2155,13:03:33,8.32,0.01,98,81536,买盘
2156,13:03:30,8.31,--,218,181158,买盘
2157,13:03:24,8.31,--,780,648180,买盘
2158,13:03:21,8.31,0.01,23,19113,买盘
2159,13:03:18,8.3,-0.01,5,4150,卖盘
2160,13:03:15,8.31,0.01,32,26592,买盘
2161,13:03:12,8.3,0.01,847,703142,买盘
2162,13:03:09,8.29,--,9,7460,卖盘
2163,13:03:03,8.29,-0.01,189,156680,卖盘
2164,13:03:00,8.3,0.01,88,73040,买盘
2165,13:02:57,8.29,--,33,27356,卖盘
2166,13:02:54,8.29,-0.01,701,581128,卖盘
2167,13:02:51,8.3,--,48,39840,买盘
2168,13:02:48,8.3,0.01,30,24900,买盘
2169,13:02:45,8.29,-0.01,11,9118,卖盘
2170,13:02:42,8.3,0.01,3,2490,买盘
2171,13:02:39,8.29,--,46,38133,卖盘
2172,13:02:36,8.29,--,21,17409,卖盘
2173,13:02:33,8.29,0.01,421,349008,买盘
2174,13:02:30,8.28,--,601,497627,买盘
2175,13:02:27,8.28,--,23,19044,买盘
2176,13:02:24,8.28,--,17,14075,买盘
2177,13:02:21,8.28,0.01,4,3311,买盘
2178,13:02:18,8.27,-0.01,59,48793,卖盘
2179,13:02:15,8.28,--,31,25667,买盘
2180,13:02:12,8.28,--,18,14903,买盘
2181,13:02:09,8.28,--,700,579600,买盘
2182,13:02:06,8.28,--,181,149868,买盘
2183,13:02:03,8.28,--,58,48023,买盘
2184,13:02:00,8.28,--,4,3311,买盘
2185,13:01:57,8.28,--,17,14075,买盘
2186,13:01:51,8.28,-0.02,97,80316,卖盘
2187,13:01:48,8.3,0.02,756,627480,买盘
2188,13:01:39,8.28,-0.01,11,9108,卖盘
2189,13:01:33,8.29,0.01,28,23211,买盘
2190,13:01:30,8.28,--,12,9936,卖盘
2191,13:01:27,8.28,-0.01,31,25667,卖盘
2192,13:01:24,8.29,--,85,70465,买盘
2193,13:01:21,8.29,--,37,30672,买盘
2194,13:01:18,8.29,0.01,65,53884,买盘
2195,13:01:15,8.28,--,53,43884,买盘
2196,13:01:06,8.28,--,114,94391,卖盘
2197,13:01:03,8.28,--,13,10764,卖盘
2198,13:01:00,8.28,--,138,114263,卖盘
2199,13:00:54,8.28,-0.01,22,18216,卖盘
2200,13:00:51,8.29,0.01,18,14921,买盘
2201,13:00:48,8.28,--,10,8280,卖盘
2202,13:00:45,8.28,--,8,6623,卖盘
2203,13:00:42,8.28,--,11,9108,卖盘
2204,13:00:39,8.28,-0.01,25,20700,卖盘
2205,13:00:36,8.29,--,47,38962,买盘
2206,13:00:33,8.29,0.01,120,99479,买盘
2207,13:00:30,8.28,--,19,15731,卖盘
2208,13:00:27,8.28,--,15,12419,卖盘
2209,13:00:21,8.28,--,11,9108,卖盘
2210,13:00:18,8.28,-0.01,49,40572,卖盘
2211,13:00:15,8.29,0.01,8,6631,买盘
2212,13:00:09,8.28,--,103,85284,卖盘
2213,13:00:06,8.28,0.01,136,112607,中性盘
2214,13:00:03,8.27,--,1731,1431685,卖盘
2215,13:00:00,8.27,-0.01,51,42177,卖盘
2216,11:30:00,8.28,--,55,45540,买盘
2217,11:29:57,8.28,0.01,80,66240,买盘
2218,11:29:51,8.27,--,103,85181,卖盘
2219,11:29:48,8.27,-0.01,11,9097,卖盘
2220,11:29:42,8.28,--,10,8280,买盘
2221,11:29:39,8.28,--,35,28979,买盘
2222,11:29:36,8.28,--,41,33948,买盘
2223,11:29:33,8.28,--,30,24839,买盘
2224,11:29:30,8.28,0.01,1,827,买盘
2225,11:29:24,8.27,-0.01,18,14886,卖盘
2226,11:29:21,8.28,--,151,125027,卖盘
2227,11:29:18,8.28,--,61,50507,卖盘
2228,11:29:15,8.28,--,11,9108,卖盘
2229,11:29:12,8.28,-0.01,1,827,卖盘
2230,11:29:09,8.29,0.01,1,828,买盘
2231,11:29:03,8.28,-0.01,11,9108,卖盘
2232,11:29:00,8.29,0.02,200,165799,买盘
2233,11:28:57,8.27,--,82,67814,卖盘
2234,11:28:54,8.27,--,15,12405,卖盘
2235,11:28:45,8.27,--,15,12405,卖盘
2236,11:28:42,8.27,--,11,9097,卖盘
2237,11:28:39,8.27,-0.01,25,20675,卖盘
2238,11:28:36,8.28,-0.01,31,25667,中性盘
2239,11:28:30,8.29,--,38,31501,买盘
2240,11:28:21,8.29,0.02,46,38133,买盘
2241,11:28:18,8.27,--,31,25637,卖盘
2242,11:28:12,8.27,--,425,351475,卖盘
2243,11:28:06,8.27,-0.01,10,8270,卖盘
2244,11:28:03,8.28,--,24,19872,买盘
2245,11:28:00,8.28,0.01,70,57959,买盘
2246,11:27:57,8.27,-0.02,35,28945,卖盘
2247,11:27:54,8.29,0.01,6,4973,买盘
2248,11:27:48,8.28,0.01,1,827,中性盘
2249,11:27:45,8.27,--,12,9924,卖盘
2250,11:27:42,8.27,-0.01,26,21502,卖盘
2251,11:27:39,8.28,--,5,4140,卖盘
2252,11:27:36,8.28,--,37,30635,卖盘
2253,11:27:33,8.28,0.01,152,126021,买盘
2254,11:27:30,8.27,-0.01,76,62852,卖盘
2255,11:27:24,8.28,--,206,171230,卖盘
2256,11:27:21,8.28,-0.01,25,20700,卖盘
2257,11:27:18,8.29,0.01,402,333257,买盘
2258,11:27:15,8.28,--,10,8280,卖盘
2259,11:27:12,8.28,--,12,9936,卖盘
2260,11:27:06,8.28,--,50,41565,卖盘
2261,11:27:03,8.28,--,779,645012,卖盘
2262,11:27:00,8.28,--,62,51335,卖盘
2263,11:26:57,8.28,--,29,24011,卖盘
2264,11:26:54,8.28,--,10,8280,卖盘
2265,11:26:51,8.28,0.01,495,409859,买盘
2266,11:26:48,8.27,--,36,29772,卖盘
2267,11:26:45,8.27,--,1,827,卖盘
2268,11:26:42,8.27,--,29,23983,卖盘
2269,11:26:39,8.27,--,36,29772,卖盘
2270,11:26:33,8.27,-0.01,196,162092,卖盘
2271,11:26:30,8.28,0.01,27,22356,买盘
2272,11:26:27,8.27,--,767,634309,卖盘
2273,11:26:21,8.27,--,26,21502,卖盘
2274,11:26:18,8.27,--,12,9924,卖盘
2275,11:26:12,8.27,-0.01,124,102548,卖盘
2276,11:26:09,8.28,0.01,80,66240,买盘
2277,11:26:06,8.27,--,404,334108,卖盘
2278,11:26:03,8.27,--,14,11578,卖盘
2279,11:26:00,8.27,-0.01,54,44658,卖盘
2280,11:25:57,8.28,0.01,165,136620,买盘
2281,11:25:54,8.27,-0.01,14,11578,卖盘
2282,11:25:48,8.28,--,13,10764,买盘
2283,11:25:45,8.28,0.01,53,43884,买盘
2284,11:25:42,8.27,--,5,4135,卖盘
2285,11:25:39,8.27,-0.01,106,87662,卖盘
2286,11:25:33,8.28,--,61,50507,买盘
2287,11:25:30,8.28,--,83,68724,买盘
2288,11:25:24,8.28,0.01,21,17388,买盘
2289,11:25:21,8.27,-0.01,119,98413,卖盘
2290,11:25:18,8.28,--,121,100187,买盘
2291,11:25:15,8.28,--,204,168912,卖盘
2292,11:25:12,8.28,-0.01,12,9936,卖盘
2293,11:25:09,8.29,--,23,19066,买盘
2294,11:25:06,8.29,0.01,37,30672,买盘
2295,11:25:03,8.28,--,2,1655,卖盘
2296,11:25:00,8.28,--,36,29807,卖盘
2297,11:24:54,8.28,--,12,9936,卖盘
2298,11:24:48,8.28,0.01,298,246743,买盘
2299,11:24:45,8.27,-0.01,14,11578,卖盘
2300,11:24:42,8.28,0.01,188,155664,买盘
2301,11:24:39,8.27,--,10,8270,卖盘
2302,11:24:36,8.27,-0.01,35,28945,卖盘
2303,11:24:33,8.28,0.01,36,29807,中性盘
2304,11:24:27,8.27,-0.02,11,9097,卖盘
2305,11:24:24,8.29,0.02,10,8290,买盘
2306,11:24:21,8.27,-0.02,40,33080,卖盘
2307,11:24:18,8.29,0.02,10,8290,买盘
2308,11:24:15,8.27,--,134,110818,卖盘
2309,11:24:12,8.27,-0.02,87,71949,卖盘
2310,11:24:09,8.29,0.02,22,18237,买盘
2311,11:24:06,8.27,--,9,7443,卖盘
2312,11:24:00,8.27,-0.01,54,44658,卖盘
2313,11:23:57,8.28,--,40,33120,卖盘
2314,11:23:54,8.28,-0.01,12,9936,卖盘
2315,11:23:51,8.29,0.01,31,25698,买盘
2316,11:23:48,8.28,-0.01,91,75348,卖盘
2317,11:23:45,8.29,0.01,20,16580,买盘
2318,11:23:42,8.28,--,62,51335,卖盘
2319,11:23:39,8.28,-0.01,25,20700,卖盘
2320,11:23:36,8.29,--,31,25698,买盘
2321,11:23:33,8.29,0.01,112,92847,买盘
2322,11:23:30,8.28,--,104,86112,卖盘
2323,11:23:27,8.28,-0.01,20,16560,卖盘
2324,11:23:21,8.29,0.01,41,33989,买盘
2325,11:23:18,8.28,-0.01,53,43884,卖盘
2326,11:23:15,8.29,0.01,18,14921,买盘
2327,11:23:12,8.28,--,65,53819,卖盘
2328,11:23:09,8.28,--,90,74520,卖盘
2329,11:23:06,8.28,--,256,211967,卖盘
2330,11:23:00,8.28,0.01,91,75348,买盘
2331,11:22:57,8.27,-0.01,130,107510,卖盘
2332,11:22:54,8.28,--,120,99359,买盘
2333,11:22:51,8.28,0.01,565,467819,买盘
2334,11:22:48,8.27,-0.01,23,19021,卖盘
2335,11:22:45,8.28,--,9,7451,买盘
2336,11:22:42,8.28,--,53,43884,买盘
2337,11:22:39,8.28,--,13,10764,买盘
2338,11:22:36,8.28,--,26,21528,买盘
2339,11:22:33,8.28,--,26,21528,买盘
2340,11:22:30,8.28,--,6,4968,买盘
2341,11:22:27,8.28,--,711,588708,买盘
2342,11:22:24,8.28,--,1,827,买盘
2343,11:22:21,8.28,--,94,77832,卖盘
2344,11:22:18,8.28,--,67,55475,卖盘
2345,11:22:15,8.28,--,20,16560,卖盘
2346,11:22:12,8.28,-0.01,3,2484,卖盘
2347,11:22:09,8.29,--,6,4973,买盘
2348,11:22:06,8.29,0.01,637,528073,买盘
2349,11:22:03,8.28,--,154,127511,买盘
2350,11:22:00,8.28,--,60,49679,买盘
2351,11:21:57,8.28,--,67,55475,买盘
2352,11:21:54,8.28,-0.01,981,812267,卖盘
2353,11:21:51,8.29,--,43,35646,买盘
2354,11:21:45,8.29,0.01,5,4145,买盘
2355,11:21:42,8.28,-0.01,526,435527,卖盘
2356,11:21:39,8.29,--,35,29014,买盘
2357,11:21:33,8.29,0.01,469,388800,买盘
2358,11:21:30,8.28,-0.01,10,8280,卖盘
2359,11:21:27,8.29,0.01,78,64661,买盘
2360,11:21:24,8.28,-0.01,80,66240,卖盘
2361,11:21:21,8.29,0.01,42,34818,买盘
2362,11:21:18,8.28,-0.01,54,44712,卖盘
2363,11:21:15,8.29,0.01,9,7460,买盘
2364,11:21:12,8.28,-0.01,106,87768,卖盘
2365,11:21:06,8.29,-0.01,488,405248,卖盘
2366,11:21:03,8.3,0.01,50,41500,买盘
2367,11:20:57,8.29,-0.01,12,9947,卖盘
2368,11:20:54,8.3,0.01,419,347770,买盘
2369,11:20:51,8.29,--,63,52226,卖盘
2370,11:20:45,8.29,--,22,18237,卖盘
2371,11:20:42,8.29,--,247,204762,卖盘
2372,11:20:39,8.29,-0.01,60,49739,卖盘
2373,11:20:36,8.3,--,556,461480,买盘
2374,11:20:33,8.3,0.01,30,24900,买盘
2375,11:20:30,8.29,-0.01,40,33160,卖盘
2376,11:20:27,8.3,--,27,22410,买盘
2377,11:20:24,8.3,--,53,43990,买盘
2378,11:20:21,8.3,--,18,14940,买盘
2379,11:20:18,8.3,-0.01,215,178450,卖盘
2380,11:20:12,8.31,--,112,93072,买盘
2381,11:20:06,8.31,0.01,17,14127,买盘
2382,11:20:03,8.3,--,11,9130,卖盘
2383,11:20:00,8.3,-0.01,58,48140,卖盘
2384,11:19:57,8.31,--,8,6648,买盘
2385,11:19:54,8.31,0.01,28,23268,买盘
2386,11:19:51,8.3,--,11,9130,卖盘
2387,11:19:48,8.3,--,100,83000,卖盘
2388,11:19:45,8.3,-0.01,326,270580,卖盘
2389,11:19:42,8.31,0.01,28,23268,买盘
2390,11:19:39,8.3,--,11,9130,卖盘
2391,11:19:36,8.3,--,408,338640,卖盘
2392,11:19:30,8.3,-0.01,48,39840,卖盘
2393,11:19:27,8.31,--,6,4986,买盘
2394,11:19:24,8.31,--,24,19944,买盘
2395,11:19:21,8.31,0.01,10,8310,买盘
2396,11:19:18,8.3,--,28,23240,卖盘
2397,11:19:15,8.3,--,55,45650,卖盘
2398,11:19:12,8.3,--,29,24070,卖盘
2399,11:19:06,8.3,-0.01,319,264770,卖盘
2400,11:19:03,8.31,--,27,22437,买盘
2401,11:19:00,8.31,0.01,9,7479,买盘
2402,11:18:57,8.3,-0.01,11,9130,卖盘
2403,11:18:54,8.31,--,21,17451,买盘
2404,11:18:51,8.31,0.01,26,21606,买盘
2405,11:18:48,8.3,--,5,4150,卖盘
2406,11:18:45,8.3,--,31,25730,卖盘
2407,11:18:42,8.3,--,3,2490,卖盘
2408,11:18:39,8.3,-0.01,11,9130,卖盘
2409,11:18:36,8.31,0.01,26,21606,买盘
2410,11:18:33,8.3,-0.01,56,46480,卖盘
2411,11:18:30,8.31,--,125,103875,买盘
2412,11:18:27,8.31,0.01,26,21606,买盘
2413,11:18:24,8.3,--,12,9960,卖盘
2414,11:18:21,8.3,--,325,269750,卖盘
2415,11:18:18,8.3,-0.01,30,24900,卖盘
2416,11:18:15,8.31,0.01,6,4986,买盘
2417,11:18:12,8.3,-0.01,155,128650,卖盘
2418,11:18:09,8.31,0.01,14,11634,买盘
2419,11:18:06,8.3,--,119,98770,卖盘
2420,11:18:03,8.3,--,5,4150,卖盘
2421,11:18:00,8.3,--,26,21580,卖盘
2422,11:17:57,8.3,--,811,673130,卖盘
2423,11:17:54,8.3,--,75,62250,卖盘
2424,11:17:51,8.3,--,82,68060,卖盘
2425,11:17:48,8.3,-0.01,3,2490,卖盘
2426,11:17:45,8.31,0.01,25,20775,买盘
2427,11:17:42,8.3,0.01,2,1660,中性盘
2428,11:17:39,8.29,-0.01,198,164141,卖盘
2429,11:17:36,8.3,-0.01,433,359390,卖盘
2430,11:17:30,8.31,--,74,61494,买盘
2431,11:17:27,8.31,--,42,34902,买盘
2432,11:17:24,8.31,0.01,24,19944,买盘
2433,11:17:21,8.3,--,23,19090,卖盘
2434,11:17:18,8.3,-0.01,10,8300,卖盘
2435,11:17:15,8.31,0.01,54,44874,买盘
2436,11:17:12,8.3,--,7,5810,卖盘
2437,11:17:09,8.3,--,66,54780,卖盘
2438,11:17:06,8.3,--,34,28220,卖盘
2439,11:17:00,8.3,--,175,145250,卖盘
2440,11:16:57,8.3,--,195,161850,卖盘
2441,11:16:54,8.3,--,43,35690,卖盘
2442,11:16:51,8.3,-0.01,60,49800,卖盘
2443,11:16:48,8.31,0.01,45,37395,买盘
2444,11:16:45,8.3,--,11,9130,卖盘
2445,11:16:39,8.3,-0.01,13,10790,卖盘
2446,11:16:36,8.31,0.01,45,37395,买盘
2447,11:16:33,8.3,--,74,61420,卖盘
2448,11:16:30,8.3,-0.01,80,66400,卖盘
2449,11:16:24,8.31,0.01,25,20775,买盘
2450,11:16:21,8.3,--,228,189240,卖盘
2451,11:16:18,8.3,--,55,45650,卖盘
2452,11:16:15,8.3,--,102,84660,卖盘
2453,11:16:12,8.3,-0.01,12,9960,卖盘
2454,11:16:09,8.31,0.01,80,66480,买盘
2455,11:16:06,8.3,--,1,830,卖盘
2456,11:16:00,8.3,-0.01,67,55610,卖盘
2457,11:15:57,8.31,--,32,26592,买盘
2458,11:15:54,8.31,0.01,3,2493,买盘
2459,11:15:51,8.3,-0.01,40,33200,卖盘
2460,11:15:48,8.31,0.01,60,49860,买盘
2461,11:15:45,8.3,--,81,67230,卖盘
2462,11:15:42,8.3,--,1,830,卖盘
2463,11:15:39,8.3,--,136,112880,卖盘
2464,11:15:36,8.3,--,673,558590,卖盘
2465,11:15:33,8.3,-0.01,1126,934580,卖盘
2466,11:15:30,8.31,0.01,10,8310,买盘
2467,11:15:27,8.3,--,53,43990,卖盘
2468,11:15:21,8.3,-0.01,10,8300,卖盘
2469,11:15:18,8.31,0.01,29,24099,买盘
2470,11:15:15,8.3,--,57,47310,卖盘
2471,11:15:12,8.3,-0.01,1,830,卖盘
2472,11:15:06,8.31,0.01,30,24930,买盘
2473,11:15:03,8.3,-0.01,21,17430,卖盘
2474,11:15:00,8.31,--,120,99720,卖盘
2475,11:14:57,8.31,--,100,83100,卖盘
2476,11:14:54,8.31,--,22,18282,卖盘
2477,11:14:51,8.31,-0.01,610,506910,卖盘
2478,11:14:45,8.32,0.01,62,51584,买盘
2479,11:14:42,8.31,--,36,29916,卖盘
2480,11:14:39,8.31,--,300,249300,卖盘
2481,11:14:36,8.31,--,1,831,卖盘
2482,11:14:33,8.31,--,3,2493,卖盘
2483,11:14:30,8.31,--,32,26592,卖盘
2484,11:14:27,8.31,--,1,831,卖盘
2485,11:14:24,8.31,--,10,8310,卖盘
2486,11:14:21,8.31,-0.01,14,11634,卖盘
2487,11:14:18,8.32,--,13,10816,买盘
2488,11:14:15,8.32,0.01,30,24960,买盘
2489,11:14:12,8.31,--,1,831,卖盘
2490,11:14:09,8.31,--,30,24930,卖盘
2491,11:14:06,8.31,--,55,45705,卖盘
2492,11:13:57,8.31,-0.01,10,8310,卖盘
2493,11:13:54,8.32,0.01,49,40768,买盘
2494,11:13:51,8.31,-0.01,10,8310,卖盘
2495,11:13:48,8.32,0.01,63,52416,买盘
2496,11:13:39,8.31,--,401,333231,卖盘
2497,11:13:36,8.31,-0.01,12,9972,卖盘
2498,11:13:33,8.32,0.01,28,23296,买盘
2499,11:13:30,8.31,--,129,107199,卖盘
2500,11:13:24,8.31,--,11,9141,卖盘
2501,11:13:21,8.31,--,27,22437,卖盘
2502,11:13:18,8.31,--,150,124650,卖盘
2503,11:13:15,8.31,--,28,23268,卖盘
2504,11:13:09,8.31,--,10,8310,卖盘
2505,11:13:03,8.31,--,19,15789,卖盘
2506,11:13:00,8.31,--,53,44043,卖盘
2507,11:12:51,8.31,-0.01,11,9141,卖盘
2508,11:12:48,8.32,--,30,24960,买盘
2509,11:12:45,8.32,0.01,2,1664,买盘
2510,11:12:42,8.31,--,76,63156,卖盘
2511,11:12:39,8.31,--,2,1662,卖盘
2512,11:12:36,8.31,--,4,3324,卖盘
2513,11:12:33,8.31,--,50,41550,卖盘
2514,11:12:30,8.31,-0.01,10,8310,卖盘
2515,11:12:24,8.32,--,10,8320,买盘
2516,11:12:21,8.32,0.01,59,49088,买盘
2517,11:12:18,8.31,--,90,74790,卖盘
2518,11:12:15,8.31,--,17,14127,卖盘
2519,11:12:12,8.31,--,60,49860,卖盘
2520,11:12:09,8.31,--,11,9141,卖盘
2521,11:12:06,8.31,-0.01,14,11634,卖盘
2522,11:12:03,8.32,--,59,49088,买盘
2523,11:12:00,8.32,--,33,27456,买盘
2524,11:11:57,8.32,0.01,30,24960,买盘
2525,11:11:54,8.31,-0.01,74,61494,卖盘
2526,11:11:51,8.32,--,73,60736,买盘
2527,11:11:48,8.32,0.01,97,80704,买盘
2528,11:11:45,8.31,-0.01,50,41550,卖盘
2529,11:11:42,8.32,--,26,21632,买盘
2530,11:11:39,8.32,0.01,53,44096,买盘
2531,11:11:36,8.31,--,28,23268,卖盘
2532,11:11:33,8.31,-0.01,20,16620,卖盘
2533,11:11:30,8.32,--,1,832,买盘
2534,11:11:27,8.32,0.01,19,15808,买盘
2535,11:11:24,8.31,-0.01,22,18282,卖盘
2536,11:11:15,8.32,0.01,3,2496,买盘
2537,11:11:12,8.31,--,21,17451,卖盘
2538,11:11:09,8.31,-0.01,58,48198,卖盘
2539,11:11:06,8.32,0.01,2,1664,买盘
2540,11:11:03,8.31,-0.01,81,67311,卖盘
2541,11:11:00,8.32,--,40,33280,买盘
2542,11:10:57,8.32,0.01,5,4160,买盘
2543,11:10:54,8.31,--,20,16620,卖盘
2544,11:10:51,8.31,-0.01,15,12465,卖盘
2545,11:10:48,8.32,--,61,50752,买盘
2546,11:10:45,8.32,0.01,10,8320,中性盘
2547,11:10:39,8.31,--,12,9972,卖盘
2548,11:10:36,8.31,-0.02,166,137946,卖盘
2549,11:10:30,8.33,0.01,39,32487,买盘
2550,11:10:27,8.32,--,6,4992,卖盘
2551,11:10:21,8.32,--,50,41600,卖盘
2552,11:10:18,8.32,--,21,17472,卖盘
2553,11:10:15,8.32,--,77,64064,卖盘
2554,11:10:12,8.32,--,103,85696,卖盘
2555,11:10:09,8.32,--,1,832,卖盘
2556,11:10:06,8.32,--,13,10816,卖盘
2557,11:10:03,8.32,--,20,16640,卖盘
2558,11:09:57,8.32,--,18,14976,卖盘
2559,11:09:54,8.32,--,31,25792,买盘
2560,11:09:51,8.32,--,51,42432,买盘
2561,11:09:48,8.32,-0.01,261,217152,卖盘
2562,11:09:45,8.33,0.01,15,12495,买盘
2563,11:09:42,8.32,--,40,33280,卖盘
2564,11:09:39,8.32,--,20,16640,卖盘
2565,11:09:36,8.32,--,35,29120,卖盘
2566,11:09:33,8.32,--,13,10816,卖盘
2567,11:09:30,8.32,--,14,11648,卖盘
2568,11:09:27,8.32,0.01,141,117312,买盘
2569,11:09:24,8.31,-0.01,16,13296,卖盘
2570,11:09:21,8.32,--,359,298688,卖盘
2571,11:09:18,8.32,-0.01,21,17472,卖盘
2572,11:09:15,8.33,0.01,15,12495,买盘
2573,11:09:12,8.32,-0.01,13,10816,卖盘
2574,11:09:09,8.33,0.01,219,182427,买盘
2575,11:09:06,8.32,-0.01,40,33280,卖盘
2576,11:09:03,8.33,0.01,3,2499,买盘
2577,11:09:00,8.32,--,10,8320,卖盘
2578,11:08:54,8.32,--,509,423488,卖盘
2579,11:08:51,8.32,--,13,10816,卖盘
2580,11:08:48,8.32,--,12,9984,卖盘
2581,11:08:42,8.32,-0.01,5,4160,卖盘
2582,11:08:39,8.33,0.01,12,9996,买盘
2583,11:08:36,8.32,--,22,18304,卖盘
2584,11:08:33,8.32,-0.01,1,832,卖盘
2585,11:08:30,8.33,0.01,649,540617,买盘
2586,11:08:27,8.32,--,24,19968,买盘
2587,11:08:21,8.32,--,269,223808,买盘
2588,11:08:18,8.32,--,53,44096,买盘
2589,11:08:12,8.32,--,1,832,买盘
2590,11:08:09,8.32,--,12,9984,买盘
2591,11:08:06,8.32,-0.01,734,610688,卖盘
2592,11:08:00,8.33,--,13,10829,买盘
2593,11:07:57,8.33,--,15,12495,买盘
2594,11:07:54,8.33,--,22,18326,卖盘
2595,11:07:51,8.33,-0.01,71,59143,卖盘
2596,11:07:48,8.34,--,2,1668,买盘
2597,11:07:45,8.34,0.01,22,18348,买盘
2598,11:07:39,8.33,--,23,19159,买盘
2599,11:07:36,8.33,--,20,16660,买盘
2600,11:07:33,8.33,--,11,9163,买盘
2601,11:07:27,8.33,--,23,19159,买盘
2602,11:07:21,8.33,0.01,43,35819,中性盘
2603,11:07:18,8.32,-0.01,52,43264,卖盘
2604,11:07:12,8.33,--,56,46648,卖盘
2605,11:07:09,8.33,--,4,3332,卖盘
2606,11:07:06,8.33,-0.01,55,45815,卖盘
2607,11:07:03,8.34,--,1201,1001634,买盘
2608,11:07:00,8.34,0.01,17,14178,买盘
2609,11:06:57,8.33,--,1,833,卖盘
2610,11:06:54,8.33,-0.01,1266,1054578,卖盘
2611,11:06:51,8.34,--,20,16680,买盘
2612,11:06:48,8.34,--,34,28356,买盘
2613,11:06:42,8.34,0.01,501,417834,买盘
2614,11:06:39,8.33,-0.01,50,41650,卖盘
2615,11:06:36,8.34,--,35,29190,买盘
2616,11:06:33,8.34,--,12,10008,买盘
2617,11:06:30,8.34,--,949,791466,卖盘
2618,11:06:27,8.34,-0.01,31,25854,卖盘
2619,11:06:18,8.35,--,42,35070,买盘
2620,11:06:15,8.35,0.01,44,36740,买盘
2621,11:06:12,8.34,--,119,99246,卖盘
2622,11:06:09,8.34,-0.01,5,4170,卖盘
2623,11:06:06,8.35,--,125,104375,买盘
2624,11:06:03,8.35,--,12,10020,买盘
2625,11:06:00,8.35,--,10,8350,买盘
2626,11:05:57,8.35,--,6,5010,买盘
2627,11:05:54,8.35,--,8,6680,买盘
2628,11:05:51,8.35,--,10,8350,买盘
2629,11:05:48,8.35,0.01,2,1670,买盘
2630,11:05:42,8.34,-0.01,126,105084,卖盘
2631,11:05:39,8.35,0.01,1,835,买盘
2632,11:05:36,8.34,-0.01,11,9174,卖盘
2633,11:05:33,8.35,0.01,84,70140,买盘
2634,11:05:30,8.34,-0.01,210,175140,卖盘
2635,11:05:27,8.35,0.01,40,33400,买盘
2636,11:05:24,8.34,-0.01,77,64218,卖盘
2637,11:05:21,8.35,--,55,45925,买盘
2638,11:05:18,8.35,0.01,62,51770,买盘
2639,11:05:15,8.34,--,82,68388,卖盘
2640,11:05:12,8.34,--,15,12510,卖盘
2641,11:05:09,8.34,--,7,5838,卖盘
2642,11:05:06,8.34,--,5,4170,卖盘
2643,11:05:03,8.34,-0.01,111,92574,卖盘
2644,11:05:00,8.35,--,1,835,买盘
2645,11:04:57,8.35,0.01,49,40915,买盘
2646,11:04:54,8.34,--,207,172638,卖盘
2647,11:04:51,8.34,--,94,78396,卖盘
2648,11:04:48,8.34,--,79,65886,卖盘
2649,11:04:45,8.34,-0.01,26,21684,卖盘
2650,11:04:42,8.35,0.01,3,2505,买盘
2651,11:04:39,8.34,-0.01,286,238524,卖盘
2652,11:04:36,8.35,0.01,66,55110,买盘
2653,11:04:30,8.34,-0.01,58,48372,卖盘
2654,11:04:27,8.35,--,8,6680,买盘
2655,11:04:24,8.35,--,50,41750,买盘
2656,11:04:21,8.35,--,124,103540,买盘
2657,11:04:18,8.35,0.01,103,86005,买盘
2658,11:04:15,8.34,--,11,9174,卖盘
2659,11:04:12,8.34,-0.01,6,5004,卖盘
2660,11:04:09,8.35,--,118,98530,买盘
2661,11:04:06,8.35,0.01,19,15865,买盘
2662,11:04:03,8.34,-0.01,27,22518,卖盘
2663,11:03:57,8.35,0.01,21,17535,买盘
2664,11:03:54,8.34,--,74,61716,卖盘
2665,11:03:48,8.34,--,254,211836,买盘
2666,11:03:45,8.34,--,90,75060,买盘
2667,11:03:42,8.34,--,51,42534,买盘
2668,11:03:39,8.34,--,17,14178,买盘
2669,11:03:36,8.34,--,56,46704,卖盘
2670,11:03:33,8.34,-0.01,30,25020,卖盘
2671,11:03:30,8.35,0.01,562,469270,买盘
2672,11:03:27,8.34,0.01,15,12510,买盘
2673,11:03:24,8.33,-0.01,18,14994,卖盘
2674,11:03:21,8.34,--,99,82566,买盘
2675,11:03:18,8.34,--,154,128436,买盘
2676,11:03:15,8.34,--,40,33360,买盘
2677,11:03:12,8.34,--,46,38364,买盘
2678,11:03:09,8.34,0.01,39,32526,买盘
2679,11:03:06,8.33,-0.01,173,144109,卖盘
2680,11:03:03,8.34,--,148,123432,买盘
2681,11:03:00,8.34,-0.01,77,64218,卖盘
2682,11:02:57,8.35,--,1105,922675,买盘
2683,11:02:54,8.35,0.01,26,21710,买盘
2684,11:02:51,8.34,--,349,291066,卖盘
2685,11:02:48,8.34,--,358,298572,买盘
2686,11:02:45,8.34,--,40,33360,买盘
2687,11:02:42,8.34,--,210,175140,买盘
2688,11:02:39,8.34,--,307,256038,买盘
2689,11:02:36,8.34,--,104,86736,买盘
2690,11:02:33,8.34,--,65,54210,买盘
2691,11:02:30,8.34,--,8,6672,买盘
2692,11:02:27,8.34,--,444,370296,买盘
2693,11:02:24,8.34,--,100,83400,买盘
2694,11:02:21,8.34,--,15,12510,买盘
2695,11:02:18,8.34,0.01,58,48372,买盘
2696,11:02:15,8.33,--,11,9163,卖盘
2697,11:02:12,8.33,0.01,18,14994,中性盘
2698,11:02:09,8.32,-0.01,222,184704,卖盘
2699,11:02:06,8.33,--,578,481474,买盘
2700,11:02:03,8.33,0.01,119,99127,买盘
2701,11:02:00,8.32,-0.01,58,48256,卖盘
2702,11:01:57,8.33,--,3,2499,买盘
2703,11:01:54,8.33,0.01,114,94962,买盘
2704,11:01:51,8.32,-0.01,25,20800,卖盘
2705,11:01:48,8.33,--,18,14994,买盘
2706,11:01:45,8.33,0.01,99,82467,买盘
2707,11:01:39,8.32,-0.01,88,73216,卖盘
2708,11:01:36,8.33,0.01,1,833,买盘
2709,11:01:33,8.32,--,72,59904,卖盘
2710,11:01:24,8.32,--,141,117312,买盘
2711,11:01:21,8.32,--,76,63232,买盘
2712,11:01:18,8.32,--,2,1664,买盘
2713,11:01:15,8.32,0.01,2,1664,买盘
2714,11:01:12,8.31,--,155,128805,卖盘
2715,11:01:09,8.31,-0.01,308,255948,卖盘
2716,11:01:06,8.32,--,106,88192,买盘
2717,11:01:03,8.32,--,63,52416,买盘
2718,11:01:00,8.32,--,54,44928,买盘
2719,11:00:57,8.32,0.01,42,34944,买盘
2720,11:00:54,8.31,--,26,21606,卖盘
2721,11:00:51,8.31,--,40,33240,买盘
2722,11:00:48,8.31,0.01,77,63987,买盘
2723,11:00:45,8.3,-0.01,4,3320,卖盘
2724,11:00:42,8.31,--,80,66480,买盘
2725,11:00:39,8.31,0.01,248,206088,买盘
2726,11:00:36,8.3,-0.01,52,43160,卖盘
2727,11:00:33,8.31,--,46,38226,买盘
2728,11:00:30,8.31,0.01,39,32409,买盘
2729,11:00:27,8.3,--,13,10790,卖盘
2730,11:00:24,8.3,-0.01,2,1660,卖盘
2731,11:00:21,8.31,--,224,186144,买盘
2732,11:00:18,8.31,--,67,55677,买盘
2733,11:00:15,8.31,0.01,115,95565,买盘
2734,11:00:12,8.3,-0.01,1,830,卖盘
2735,11:00:09,8.31,--,88,73128,买盘
2736,11:00:06,8.31,0.01,171,142101,买盘
2737,11:00:03,8.3,-0.01,13,10790,卖盘
2738,11:00:00,8.31,--,6,4986,买盘
2739,10:59:57,8.31,0.01,837,695547,买盘
2740,10:59:54,8.3,-0.01,41,34030,卖盘
2741,10:59:51,8.31,--,28,23268,买盘
2742,10:59:45,8.31,0.01,102,84762,买盘
2743,10:59:42,8.3,-0.01,14,11620,卖盘
2744,10:59:39,8.31,--,82,68142,买盘
2745,10:59:36,8.31,0.01,5,4155,买盘
2746,10:59:33,8.3,--,20,16600,卖盘
2747,10:59:30,8.3,-0.01,110,91300,卖盘
2748,10:59:27,8.31,0.01,49,40719,买盘
2749,10:59:24,8.3,--,4,3320,卖盘
2750,10:59:21,8.3,-0.01,10,8300,卖盘
2751,10:59:15,8.31,0.01,36,29916,买盘
2752,10:59:12,8.3,--,1,830,卖盘
2753,10:59:09,8.3,-0.01,14,11620,卖盘
2754,10:59:06,8.31,0.01,70,58170,买盘
2755,10:59:00,8.3,--,20,16600,卖盘
2756,10:58:57,8.3,--,22,18260,卖盘
2757,10:58:54,8.3,--,14,11620,卖盘
2758,10:58:51,8.3,--,61,50762,买盘
2759,10:58:48,8.3,--,76,63080,买盘
2760,10:58:45,8.3,0.01,302,250660,买盘
2761,10:58:42,8.29,-0.01,414,343205,卖盘
2762,10:58:39,8.3,--,310,257300,买盘
2763,10:58:36,8.3,--,23,19090,买盘
2764,10:58:33,8.3,--,67,55610,买盘
2765,10:58:27,8.3,--,58,48140,买盘
2766,10:58:24,8.3,0.01,154,127820,买盘
2767,10:58:21,8.29,-0.01,4,3315,卖盘
2768,10:58:18,8.3,0.01,52,43160,买盘
2769,10:58:15,8.29,-0.01,11,9118,卖盘
2770,10:58:12,8.3,--,72,59760,买盘
2771,10:58:09,8.3,--,364,302120,买盘
2772,10:58:06,8.3,--,6,4980,买盘
2773,10:58:03,8.3,0.01,111,92130,买盘
2774,10:58:00,8.29,-0.01,15,12434,卖盘
2775,10:57:57,8.3,--,50,41500,买盘
2776,10:57:51,8.3,--,34,28220,买盘
2777,10:57:48,8.3,0.01,20,16600,买盘
2778,10:57:45,8.29,--,3,2486,卖盘
2779,10:57:42,8.29,-0.01,128,106111,卖盘
2780,10:57:39,8.3,--,29,24070,买盘
2781,10:57:36,8.3,--,202,167660,买盘
2782,10:57:33,8.3,0.01,11,9130,买盘
2783,10:57:30,8.29,-0.01,23,19066,卖盘
2784,10:57:27,8.3,--,101,83830,买盘
2785,10:57:24,8.3,0.01,7,5810,买盘
2786,10:57:21,8.29,--,179,148390,卖盘
2787,10:57:18,8.29,-0.01,11,9118,卖盘
2788,10:57:15,8.3,0.01,24,19920,买盘
2789,10:57:12,8.29,-0.01,16,13263,卖盘
2790,10:57:09,8.3,--,14,11620,买盘
2791,10:57:06,8.3,--,170,141100,买盘
2792,10:57:00,8.3,--,1,830,买盘
2793,10:56:57,8.3,--,28,23240,买盘
2794,10:56:54,8.3,--,4,3320,买盘
2795,10:56:51,8.3,--,12,9960,买盘
2796,10:56:48,8.3,0.01,6,4980,买盘
2797,10:56:45,8.29,-0.01,12,9947,卖盘
2798,10:56:42,8.3,--,15,12450,买盘
2799,10:56:39,8.3,--,4,3320,买盘
2800,10:56:36,8.3,0.01,53,43990,买盘
2801,10:56:33,8.29,-0.01,82,67978,卖盘
2802,10:56:30,8.3,--,34,28220,买盘
2803,10:56:27,8.3,0.01,37,30710,买盘
2804,10:56:24,8.29,-0.01,10,8290,卖盘
2805,10:56:21,8.3,--,6,4980,买盘
2806,10:56:18,8.3,--,10,8300,买盘
2807,10:56:15,8.3,0.02,10,8300,买盘
2808,10:56:12,8.28,-0.02,102,84456,卖盘
2809,10:56:09,8.3,0.02,87,72210,买盘
2810,10:56:06,8.28,-0.01,198,163944,卖盘
2811,10:56:03,8.29,--,372,308387,买盘
2812,10:56:00,8.29,0.01,52,43107,买盘
2813,10:55:57,8.28,-0.01,100,82800,卖盘
2814,10:55:54,8.29,0.01,199,164970,买盘
2815,10:55:51,8.28,-0.01,60,49679,卖盘
2816,10:55:48,8.29,--,11,9118,买盘
2817,10:55:45,8.29,--,221,183208,买盘
2818,10:55:39,8.29,--,35,29014,买盘
2819,10:55:36,8.29,--,807,669002,买盘
2820,10:55:33,8.29,--,56,46423,买盘
2821,10:55:30,8.29,0.01,86,71293,买盘
2822,10:55:27,8.28,-0.01,10,8280,卖盘
2823,10:55:24,8.29,--,14,11605,买盘
2824,10:55:18,8.29,--,171,141758,买盘
2825,10:55:15,8.29,0.01,25,20724,买盘
2826,10:55:12,8.28,-0.01,11,9108,卖盘
2827,10:55:09,8.29,--,206,170773,买盘
2828,10:55:06,8.29,--,163,135127,买盘
2829,10:55:03,8.29,--,229,189840,买盘
2830,10:55:00,8.29,--,1,828,买盘
2831,10:54:57,8.29,0.01,20,16580,买盘
2832,10:54:54,8.28,--,11,9108,卖盘
2833,10:54:51,8.28,-0.01,100,82800,卖盘
2834,10:54:48,8.29,--,80,66320,买盘
2835,10:54:45,8.29,0.01,106,87873,买盘
2836,10:54:42,8.28,-0.01,92,76176,卖盘
2837,10:54:39,8.29,0.01,10,8290,买盘
2838,10:54:36,8.28,--,430,356040,卖盘
2839,10:54:33,8.28,--,33,27323,卖盘
2840,10:54:27,8.28,-0.01,4,3311,卖盘
2841,10:54:24,8.29,0.01,638,528902,买盘
2842,10:54:21,8.28,-0.01,150,124199,卖盘
2843,10:54:18,8.29,--,23,19066,买盘
2844,10:54:15,8.29,0.01,205,169944,买盘
2845,10:54:12,8.28,-0.01,57,47195,卖盘
2846,10:54:09,8.29,--,297,246212,买盘
2847,10:54:03,8.29,--,368,305071,买盘
2848,10:54:00,8.29,--,11,9118,买盘
