,time,price,change,volume,amount,type
0,15:00:03,10.7,0.02,4837,5175590,买盘
1,14:57:00,10.68,--,3,3204,买盘
2,14:56:57,10.68,--,2,2136,买盘
3,14:56:54,10.68,--,11,11748,买盘
4,14:56:51,10.68,--,13,13884,卖盘
5,14:56:48,10.68,0.01,1008,1076544,中性盘
6,14:56:42,10.67,--,39,42669,卖盘
7,14:56:39,10.67,-0.01,38,40556,卖盘
8,14:56:36,10.68,-0.01,154,164472,卖盘
9,14:56:33,10.69,0.01,2,2138,买盘
10,14:56:30,10.68,--,35,37380,卖盘
11,14:56:24,10.68,--,107,115333,买盘
12,14:56:21,10.68,--,21,22428,买盘
13,14:56:18,10.68,0.01,99,105732,买盘
14,14:56:15,10.67,--,22,23474,卖盘
15,14:56:12,10.67,-0.01,31,33077,卖盘
16,14:56:09,10.68,--,22,23496,买盘
17,14:56:06,10.68,0.01,173,184764,买盘
18,14:56:03,10.67,-0.01,126,134442,卖盘
19,14:56:00,10.68,--,3,3204,买盘
20,14:55:57,10.68,--,65,69420,买盘
21,14:55:54,10.68,--,46,49128,买盘
22,14:55:51,10.68,--,151,161983,买盘
23,14:55:48,10.68,0.01,1,1068,买盘
24,14:55:45,10.67,-0.01,16,17072,卖盘
25,14:55:42,10.68,--,11,11748,买盘
26,14:55:39,10.68,--,17,18156,买盘
27,14:55:36,10.68,0.01,2,2136,买盘
28,14:55:33,10.67,--,14,15898,卖盘
29,14:55:30,10.67,--,372,397414,卖盘
30,14:55:27,10.67,-0.01,24,25608,卖盘
31,14:55:21,10.68,--,23,24564,买盘
32,14:55:18,10.68,--,8,8544,买盘
33,14:55:15,10.68,--,73,77964,买盘
34,14:55:12,10.68,--,2,2136,买盘
35,14:55:09,10.68,--,47,50196,买盘
36,14:55:06,10.68,--,33,35639,买盘
37,14:55:03,10.68,-0.01,12,12816,卖盘
38,14:55:00,10.69,--,102,109038,买盘
39,14:54:57,10.69,--,12,12828,买盘
40,14:54:54,10.69,0.02,110,117590,买盘
41,14:54:51,10.67,-0.01,317,338239,卖盘
42,14:54:48,10.68,--,3,3663,买盘
43,14:54:45,10.68,--,4,4272,买盘
44,14:54:42,10.68,0.01,356,380208,买盘
45,14:54:39,10.67,--,50,53350,卖盘
46,14:54:36,10.67,-0.01,15,16005,卖盘
47,14:54:33,10.68,--,205,218940,买盘
48,14:54:30,10.68,0.01,120,128160,买盘
49,14:54:27,10.67,-0.01,160,170720,卖盘
50,14:54:21,10.68,--,12,12816,买盘
51,14:54:18,10.68,--,16,17088,买盘
52,14:54:15,10.68,--,10,10680,买盘
53,14:54:12,10.68,--,21,22428,买盘
54,14:54:09,10.68,--,42,44856,买盘
55,14:54:06,10.68,--,168,179424,买盘
56,14:54:03,10.68,0.01,1,1068,买盘
57,14:54:00,10.67,-0.01,5,5335,卖盘
58,14:53:57,10.68,--,102,108936,买盘
59,14:53:54,10.68,0.01,101,107868,买盘
60,14:53:51,10.67,-0.01,60,64020,卖盘
61,14:53:48,10.68,--,100,106800,买盘
62,14:53:45,10.68,--,20,21360,买盘
63,14:53:42,10.68,--,24,25632,买盘
64,14:53:39,10.68,--,28,29904,买盘
65,14:53:36,10.68,--,2,2136,买盘
66,14:53:33,10.68,0.01,1,1068,买盘
67,14:53:30,10.67,-0.01,11,11737,卖盘
68,14:53:24,10.68,0.01,3,3204,买盘
69,14:53:21,10.67,--,112,119888,买盘
70,14:53:15,10.67,--,68,72556,买盘
71,14:53:12,10.67,-0.01,243,259281,卖盘
72,14:53:09,10.68,0.01,2,2136,买盘
73,14:53:03,10.67,-0.01,228,243276,卖盘
74,14:53:00,10.68,--,13,13884,买盘
75,14:52:57,10.68,--,2,2136,买盘
76,14:52:54,10.68,--,4,4272,买盘
77,14:52:51,10.68,--,26,27768,买盘
78,14:52:48,10.68,--,128,136704,买盘
79,14:52:39,10.68,--,125,134108,卖盘
80,14:52:36,10.68,--,60,64080,卖盘
81,14:52:33,10.68,--,829,885831,买盘
82,14:52:30,10.68,--,16,17088,买盘
83,14:52:24,10.68,0.01,99,105732,买盘
84,14:52:21,10.67,--,14,14938,卖盘
85,14:52:18,10.67,0.01,96,102474,买盘
86,14:52:15,10.66,-0.01,128,136448,卖盘
87,14:52:12,10.67,-0.01,186,198803,卖盘
88,14:52:09,10.68,--,73,77964,买盘
89,14:52:03,10.68,--,30,32040,买盘
90,14:52:00,10.68,0.01,21,22428,买盘
91,14:51:57,10.67,--,18,19931,买盘
92,14:51:54,10.67,--,193,205931,买盘
93,14:51:51,10.67,--,3,3201,买盘
94,14:51:48,10.67,--,1,1067,买盘
95,14:51:45,10.67,0.01,170,181390,买盘
96,14:51:42,10.66,-0.01,99,105534,卖盘
97,14:51:39,10.67,--,103,109901,买盘
98,14:51:33,10.67,0.01,6,6402,买盘
99,14:51:30,10.66,-0.01,14,14924,卖盘
100,14:51:21,10.67,--,2,2134,买盘
101,14:51:18,10.67,-0.01,99,105974,卖盘
102,14:51:12,10.68,0.01,12,12816,买盘
103,14:51:09,10.67,-0.01,155,165385,卖盘
104,14:51:03,10.68,--,43,45924,买盘
105,14:51:00,10.68,0.01,4,4272,买盘
106,14:50:57,10.67,-0.01,27,28809,卖盘
107,14:50:51,10.68,0.01,7,7476,买盘
108,14:50:48,10.67,--,57,61544,买盘
109,14:50:45,10.67,--,59,62953,买盘
110,14:50:42,10.67,0.01,38,40546,买盘
111,14:50:39,10.66,-0.01,202,215332,卖盘
112,14:50:36,10.67,--,118,125906,买盘
113,14:50:30,10.67,0.01,42,44814,卖盘
114,14:50:27,10.66,-0.01,384,409344,卖盘
115,14:50:21,10.67,--,59,62953,买盘
116,14:50:18,10.67,--,21,22407,买盘
117,14:50:15,10.67,--,30,32010,买盘
118,14:50:12,10.67,--,28,29876,买盘
119,14:50:09,10.67,--,7,7469,买盘
120,14:50:06,10.67,0.01,3,3201,买盘
121,14:50:03,10.66,-0.02,1019,1086254,卖盘
122,14:50:00,10.68,--,2,2136,买盘
123,14:49:57,10.68,--,1,1068,买盘
124,14:49:54,10.68,--,1,1068,买盘
125,14:49:51,10.68,--,6,6408,买盘
126,14:49:48,10.68,0.01,3,3204,买盘
127,14:49:42,10.67,--,102,108834,卖盘
128,14:49:36,10.67,0.01,1,1067,中性盘
129,14:49:30,10.66,-0.02,48,51168,卖盘
130,14:49:27,10.68,--,23,24564,买盘
131,14:49:24,10.68,0.01,100,106800,买盘
132,14:49:21,10.67,--,1,1067,买盘
133,14:49:12,10.67,-0.01,20,21340,卖盘
134,14:49:09,10.68,--,21,22428,买盘
135,14:49:06,10.68,--,11,11748,买盘
136,14:49:00,10.68,--,2,2136,买盘
137,14:48:57,10.68,--,2,2136,买盘
138,14:48:54,10.68,-0.01,48,52321,卖盘
139,14:48:51,10.69,--,51,54519,买盘
140,14:48:48,10.69,--,20,21380,买盘
141,14:48:45,10.69,--,7,7483,买盘
142,14:48:39,10.69,0.01,223,238387,买盘
143,14:48:36,10.68,--,37,40530,卖盘
144,14:48:33,10.68,-0.01,220,235024,卖盘
145,14:48:30,10.69,0.01,30,32070,买盘
146,14:48:27,10.68,--,110,117480,卖盘
147,14:48:24,10.68,0.02,11,11748,买盘
148,14:48:21,10.66,-0.02,3,3198,卖盘
149,14:48:18,10.68,--,108,115344,买盘
150,14:48:15,10.68,--,11,11748,买盘
151,14:48:12,10.68,--,2,2136,买盘
152,14:48:09,10.68,0.02,2,2136,买盘
153,14:48:06,10.66,-0.02,1,1066,卖盘
154,14:48:03,10.68,--,2,2136,买盘
155,14:48:00,10.68,0.02,508,542544,中性盘
156,14:47:57,10.66,--,11,11726,卖盘
157,14:47:54,10.66,-0.02,228,243048,卖盘
158,14:47:51,10.68,--,8,8544,买盘
159,14:47:48,10.68,--,30,32040,买盘
160,14:47:45,10.68,0.03,213,227484,买盘
161,14:47:42,10.65,-0.01,650,692250,卖盘
162,14:47:36,10.66,-0.02,239,254774,卖盘
163,14:47:30,10.68,0.01,16,17088,买盘
164,14:47:27,10.67,--,285,304095,卖盘
165,14:47:24,10.67,--,327,348909,买盘
166,14:47:21,10.67,0.01,3,3201,买盘
167,14:47:12,10.66,--,253,269708,买盘
168,14:47:09,10.66,0.01,129,137514,买盘
169,14:47:06,10.65,-0.01,21,22365,卖盘
170,14:47:03,10.66,--,33,35178,买盘
171,14:47:00,10.66,--,3,3198,买盘
172,14:46:57,10.66,--,3,3198,买盘
173,14:46:51,10.66,0.01,8,8528,买盘
174,14:46:48,10.65,-0.01,21,22365,卖盘
175,14:46:45,10.66,-0.01,21,22386,卖盘
176,14:46:42,10.67,0.01,1,1067,买盘
177,14:46:39,10.66,--,42,44772,卖盘
178,14:46:36,10.66,--,12,12792,卖盘
179,14:46:33,10.66,-0.01,1,1066,卖盘
180,14:46:30,10.67,0.01,23,24541,买盘
181,14:46:27,10.66,--,17,18228,买盘
182,14:46:21,10.66,0.01,2,2132,买盘
183,14:46:18,10.65,--,192,204480,卖盘
184,14:46:15,10.65,--,124,132060,卖盘
185,14:46:12,10.65,-0.01,160,170400,卖盘
186,14:46:09,10.66,--,2,2132,买盘
187,14:46:06,10.66,--,9,9594,买盘
188,14:46:03,10.66,--,27,28782,买盘
189,14:46:00,10.66,0.01,4,4264,买盘
190,14:45:57,10.65,-0.01,17,18105,卖盘
191,14:45:51,10.66,--,137,146042,买盘
192,14:45:48,10.66,-0.01,249,266393,卖盘
193,14:45:45,10.67,--,197,210199,买盘
194,14:45:42,10.67,0.01,27,28809,买盘
195,14:45:39,10.66,-0.01,57,60762,卖盘
196,14:45:33,10.67,--,2,2134,买盘
197,14:45:21,10.67,--,25,26675,买盘
198,14:45:18,10.67,--,15,16005,买盘
199,14:45:15,10.67,--,37,39479,买盘
200,14:45:12,10.67,0.01,2,2134,买盘
201,14:45:09,10.66,-0.01,92,98072,卖盘
202,14:45:06,10.67,--,34,36278,卖盘
203,14:45:00,10.67,-0.01,72,76824,卖盘
204,14:44:57,10.68,--,1,1068,买盘
205,14:44:51,10.68,0.01,8,8544,买盘
206,14:44:48,10.67,-0.01,19,20273,卖盘
207,14:44:45,10.68,--,81,86508,买盘
208,14:44:42,10.68,--,79,84372,买盘
209,14:44:39,10.68,--,150,160200,卖盘
210,14:44:36,10.68,--,15,16020,卖盘
211,14:44:33,10.68,--,16,17088,卖盘
212,14:44:30,10.68,-0.01,32,34176,卖盘
213,14:44:21,10.69,0.01,18,19242,买盘
214,14:44:18,10.68,-0.01,10,10680,卖盘
215,14:44:12,10.69,0.01,19,20311,买盘
216,14:44:09,10.68,0.01,18,19224,卖盘
217,14:44:06,10.67,-0.01,178,189926,卖盘
218,14:44:03,10.68,--,3,3204,卖盘
219,14:44:00,10.68,-0.01,18,19224,卖盘
220,14:43:57,10.69,0.01,2,2138,买盘
221,14:43:51,10.68,--,1,1068,买盘
222,14:43:48,10.68,--,23,24564,买盘
223,14:43:45,10.68,--,21,22428,买盘
224,14:43:42,10.68,--,57,60876,买盘
225,14:43:39,10.68,--,44,46992,买盘
226,14:43:36,10.68,--,57,60876,卖盘
227,14:43:33,10.68,--,178,190104,卖盘
228,14:43:30,10.68,--,1,1068,卖盘
229,14:43:27,10.68,--,17,18156,卖盘
230,14:43:21,10.68,--,52,55536,卖盘
231,14:43:18,10.68,--,39,41652,买盘
232,14:43:12,10.68,--,17,18156,买盘
233,14:43:09,10.68,--,4,4272,买盘
234,14:43:06,10.68,0.01,34,36312,中性盘
235,14:43:00,10.67,-0.01,197,210199,卖盘
236,14:42:57,10.68,--,209,223212,买盘
237,14:42:51,10.68,--,10,10680,买盘
238,14:42:48,10.68,--,24,25632,买盘
239,14:42:45,10.68,0.01,60,64080,买盘
240,14:42:42,10.67,--,16,17072,卖盘
241,14:42:36,10.67,-0.01,30,32010,卖盘
242,14:42:30,10.68,0.01,105,112140,买盘
243,14:42:27,10.67,--,180,192060,卖盘
244,14:42:24,10.67,--,23,24541,卖盘
245,14:42:21,10.67,--,14,14938,卖盘
246,14:42:18,10.67,-0.01,16,17072,卖盘
247,14:42:15,10.68,0.01,10,10680,买盘
248,14:42:12,10.67,-0.01,7,7469,卖盘
249,14:42:09,10.68,--,3,3204,买盘
250,14:42:03,10.68,--,1,1068,买盘
251,14:42:00,10.68,--,72,76896,买盘
252,14:41:57,10.68,0.01,116,123888,买盘
253,14:41:54,10.67,-0.01,203,216601,卖盘
254,14:41:51,10.68,--,49,52332,买盘
255,14:41:45,10.68,--,25,26700,买盘
256,14:41:42,10.68,--,1,1068,买盘
257,14:41:39,10.68,0.01,12,12816,买盘
258,14:41:36,10.67,0.01,17,18139,中性盘
259,14:41:30,10.66,-0.01,47,50102,卖盘
260,14:41:27,10.67,0.01,75,80025,买盘
261,14:41:24,10.66,-0.01,198,211068,卖盘
262,14:41:21,10.67,0.01,2,2134,买盘
263,14:41:18,10.66,-0.01,252,268738,卖盘
264,14:41:15,10.67,--,92,98164,买盘
265,14:41:12,10.67,0.01,1,1067,买盘
266,14:41:09,10.66,-0.01,26,27716,卖盘
267,14:41:03,10.67,0.01,4,4268,买盘
268,14:41:00,10.66,--,30,31980,买盘
269,14:40:57,10.66,-0.01,1,1066,中性盘
270,14:40:54,10.67,--,8,8536,买盘
271,14:40:51,10.67,0.02,20,21340,中性盘
272,14:40:48,10.65,--,23,24495,卖盘
273,14:40:45,10.65,-0.01,50,53250,卖盘
274,14:40:42,10.66,--,39,41574,买盘
275,14:40:39,10.66,0.01,4,4264,买盘
276,14:40:36,10.65,-0.03,472,502680,卖盘
277,14:40:33,10.68,0.01,93,99324,买盘
278,14:40:30,10.67,--,80,85360,卖盘
279,14:40:27,10.67,--,38,40546,买盘
280,14:40:24,10.67,--,66,70422,买盘
281,14:40:21,10.67,0.01,267,284889,买盘
282,14:40:18,10.66,-0.01,178,189748,卖盘
283,14:40:15,10.67,0.01,109,116303,买盘
284,14:40:12,10.66,-0.01,241,256906,卖盘
285,14:40:09,10.67,--,74,78958,买盘
286,14:40:06,10.67,0.01,14,14938,买盘
287,14:40:03,10.66,-0.01,72,76752,卖盘
288,14:40:00,10.67,--,43,45881,买盘
289,14:39:57,10.67,0.01,1,1067,买盘
290,14:39:54,10.66,-0.01,29,30914,卖盘
291,14:39:51,10.67,0.01,16,17072,买盘
292,14:39:48,10.66,--,87,92742,卖盘
293,14:39:45,10.66,-0.01,178,189748,卖盘
294,14:39:42,10.67,0.01,12,12804,买盘
295,14:39:36,10.66,-0.01,14,14924,卖盘
296,14:39:33,10.67,0.01,29,30943,买盘
297,14:39:30,10.66,-0.01,143,152438,卖盘
298,14:39:27,10.67,--,100,106700,买盘
299,14:39:24,10.67,-0.01,13,13871,卖盘
300,14:39:21,10.68,0.01,38,40584,买盘
301,14:39:18,10.67,0.01,16,17072,中性盘
302,14:39:15,10.66,-0.01,85,90610,卖盘
303,14:39:12,10.67,-0.02,49,52283,卖盘
304,14:39:09,10.69,0.02,1,1069,买盘
305,14:39:06,10.67,-0.02,16,17072,卖盘
306,14:39:03,10.69,0.01,18,19242,买盘
307,14:39:00,10.68,--,43,46778,卖盘
308,14:38:57,10.68,--,148,158170,卖盘
309,14:38:54,10.68,-0.01,17,18156,卖盘
310,14:38:51,10.69,--,9,9621,买盘
311,14:38:45,10.69,--,31,33139,买盘
312,14:38:42,10.69,--,55,58795,买盘
313,14:38:39,10.69,--,63,67347,买盘
314,14:38:36,10.69,--,4,4276,买盘
315,14:38:30,10.69,0.01,20,21380,买盘
316,14:38:27,10.68,--,11,11748,卖盘
317,14:38:24,10.68,-0.02,500,534000,卖盘
318,14:38:21,10.7,--,3,3210,买盘
319,14:38:18,10.7,--,4,4280,卖盘
320,14:38:15,10.7,--,29,31029,卖盘
321,14:38:12,10.7,-0.01,148,158360,卖盘
322,14:38:09,10.71,--,5,5355,买盘
323,14:38:06,10.71,--,180,192780,买盘
324,14:38:03,10.71,--,81,86751,买盘
325,14:38:00,10.71,--,8,8568,买盘
326,14:37:57,10.71,0.01,93,99603,买盘
327,14:37:54,10.7,-0.01,143,153010,卖盘
328,14:37:51,10.71,0.01,9,9639,买盘
329,14:37:42,10.7,-0.01,31,33170,卖盘
330,14:37:36,10.71,0.02,180,192780,买盘
331,14:37:33,10.69,-0.01,192,205248,卖盘
332,14:37:30,10.7,0.01,7,7832,中性盘
333,14:37:27,10.69,-0.02,114,122699,卖盘
334,14:37:24,10.71,0.01,87,93177,买盘
335,14:37:21,10.7,--,130,139100,中性盘
336,14:37:18,10.7,-0.01,25,26750,中性盘
337,14:37:15,10.71,--,118,126378,买盘
338,14:37:12,10.71,--,46,49266,买盘
339,14:37:09,10.71,0.01,88,94248,买盘
340,14:37:06,10.7,--,29,31029,卖盘
341,14:37:03,10.7,-0.01,79,84530,卖盘
342,14:37:00,10.71,0.01,203,217413,买盘
343,14:36:57,10.7,--,73,78110,买盘
344,14:36:54,10.7,--,125,133750,买盘
345,14:36:51,10.7,--,207,221489,买盘
346,14:36:48,10.7,0.01,263,281410,买盘
347,14:36:45,10.69,--,20,21380,卖盘
348,14:36:42,10.69,--,11,11759,卖盘
349,14:36:39,10.69,--,67,71623,卖盘
350,14:36:36,10.69,0.01,238,254422,买盘
351,14:36:33,10.68,-0.01,97,103596,卖盘
352,14:36:30,10.69,0.01,22,23518,买盘
353,14:36:27,10.68,-0.01,187,199716,卖盘
354,14:36:24,10.69,0.01,5,5345,中性盘
355,14:36:21,10.68,--,28,29904,卖盘
356,14:36:18,10.68,-0.01,817,872556,卖盘
357,14:36:15,10.69,--,285,304665,买盘
358,14:36:12,10.69,--,167,178651,买盘
359,14:36:09,10.69,--,158,169949,买盘
360,14:36:06,10.69,0.01,72,76968,买盘
361,14:36:03,10.68,-0.01,22,23496,卖盘
362,14:36:00,10.69,--,487,520603,买盘
363,14:35:57,10.69,0.01,2,2138,买盘
364,14:35:54,10.68,-0.01,220,234960,卖盘
365,14:35:51,10.69,--,81,86589,买盘
366,14:35:48,10.69,0.01,223,238387,买盘
367,14:35:45,10.68,--,54,57672,卖盘
368,14:35:42,10.68,--,955,1019940,买盘
369,14:35:39,10.68,--,44,46992,买盘
370,14:35:36,10.68,--,44,46992,买盘
371,14:35:33,10.68,--,70,74760,买盘
372,14:35:30,10.68,0.01,225,240300,买盘
373,14:35:27,10.67,--,77,82159,买盘
374,14:35:24,10.67,--,92,98164,买盘
375,14:35:21,10.67,--,212,226204,买盘
376,14:35:18,10.67,--,45,48015,买盘
377,14:35:15,10.67,--,268,285956,买盘
378,14:35:12,10.67,--,1,1067,买盘
379,14:35:09,10.67,--,158,168586,买盘
380,14:35:06,10.67,0.01,244,260454,买盘
381,14:35:03,10.66,--,27,28782,卖盘
382,14:35:00,10.66,--,927,988182,买盘
383,14:34:57,10.66,--,17,18122,买盘
384,14:34:54,10.66,--,31,33046,买盘
385,14:34:51,10.66,0.01,8,8528,买盘
386,14:34:48,10.65,--,26,27690,卖盘
387,14:34:45,10.65,--,20,21300,买盘
388,14:34:42,10.65,--,103,109695,买盘
389,14:34:39,10.65,--,10,10650,买盘
390,14:34:36,10.65,0.01,20,21300,中性盘
391,14:34:33,10.64,-0.02,20,21280,卖盘
392,14:34:30,10.66,--,15,15990,买盘
393,14:34:27,10.66,0.01,411,438126,买盘
394,14:34:24,10.65,--,238,254524,买盘
395,14:34:21,10.65,--,144,153360,买盘
396,14:34:15,10.65,--,49,52185,买盘
397,14:34:12,10.65,--,21,22365,买盘
398,14:34:09,10.65,0.02,49,52185,买盘
399,14:34:06,10.63,-0.02,27,28701,卖盘
400,14:34:03,10.65,--,165,175725,买盘
401,14:34:00,10.65,--,13,13855,买盘
402,14:33:57,10.65,0.01,67,71355,买盘
403,14:33:54,10.64,-0.01,22,23408,卖盘
404,14:33:51,10.65,0.01,6,6390,买盘
405,14:33:48,10.64,0.01,151,161717,买盘
406,14:33:42,10.63,--,166,176458,卖盘
407,14:33:39,10.63,-0.01,19,20313,卖盘
408,14:33:36,10.64,-0.01,10,10640,中性盘
409,14:33:33,10.65,--,61,64965,买盘
410,14:33:30,10.65,0.02,147,156555,买盘
411,14:33:27,10.63,-0.02,45,47835,卖盘
412,14:33:24,10.65,--,20,21300,买盘
413,14:33:21,10.65,--,16,17040,买盘
414,14:33:18,10.65,0.02,2058,2191770,买盘
415,14:33:15,10.63,--,8,8504,买盘
416,14:33:12,10.63,--,29,30827,买盘
417,14:33:09,10.63,0.01,46,48898,买盘
418,14:33:06,10.62,-0.01,100,106199,卖盘
419,14:33:03,10.63,--,42,44646,买盘
420,14:33:00,10.63,--,3,3189,买盘
421,14:32:57,10.63,--,157,166891,买盘
422,14:32:51,10.63,--,27,28701,买盘
423,14:32:45,10.63,--,25,26575,买盘
424,14:32:42,10.63,--,9,9567,买盘
425,14:32:27,10.63,0.01,200,212600,买盘
426,14:32:24,10.62,-0.01,137,145494,卖盘
427,14:32:21,10.63,0.01,1,1063,买盘
428,14:32:12,10.62,-0.01,7,7433,卖盘
429,14:32:09,10.63,0.01,13,13819,买盘
430,14:32:03,10.62,-0.01,72,76899,卖盘
431,14:32:00,10.63,--,125,133608,买盘
432,14:31:57,10.63,0.01,2,2126,买盘
433,14:31:54,10.62,-0.01,1,1062,卖盘
434,14:31:51,10.63,-0.01,3,3189,中性盘
435,14:31:48,10.64,0.02,10,10640,买盘
436,14:31:42,10.62,-0.01,1023,1086426,卖盘
437,14:31:39,10.63,--,10,10630,卖盘
438,14:31:36,10.63,-0.01,22,23386,卖盘
439,14:31:33,10.64,0.01,20,21280,买盘
440,14:31:30,10.63,-0.01,25,26575,卖盘
441,14:31:27,10.64,--,18,19152,买盘
442,14:31:24,10.64,--,20,21280,买盘
443,14:31:21,10.64,0.01,4,4256,买盘
444,14:31:18,10.63,--,137,145631,卖盘
445,14:31:15,10.63,-0.01,16,17008,卖盘
446,14:31:12,10.64,0.01,1,1064,买盘
447,14:31:09,10.63,--,6,6378,卖盘
448,14:31:06,10.63,--,44,46772,卖盘
449,14:31:03,10.63,-0.01,13,13819,卖盘
450,14:31:00,10.64,0.01,1,1064,买盘
451,14:30:57,10.63,-0.01,2,2126,卖盘
452,14:30:51,10.64,0.01,8,8512,买盘
453,14:30:48,10.63,--,135,143505,卖盘
454,14:30:45,10.63,--,232,246616,卖盘
455,14:30:42,10.63,-0.01,41,43583,卖盘
456,14:30:39,10.64,--,100,106400,买盘
457,14:30:36,10.64,0.01,2,2128,买盘
458,14:30:33,10.63,-0.01,141,149883,卖盘
459,14:30:30,10.64,0.01,6,6384,买盘
460,14:30:27,10.63,-0.01,10,10630,卖盘
461,14:30:21,10.64,--,1,1064,买盘
462,14:30:18,10.64,--,308,327712,买盘
463,14:30:15,10.64,--,153,162792,买盘
464,14:30:12,10.64,--,2,2128,买盘
465,14:30:09,10.64,--,3,3192,买盘
466,14:30:00,10.64,--,8,8512,买盘
467,14:29:57,10.64,--,102,108528,买盘
468,14:29:54,10.64,--,2,2128,买盘
469,14:29:51,10.64,0.01,5,5320,买盘
470,14:29:48,10.63,--,50,53150,卖盘
471,14:29:45,10.63,--,3,3189,卖盘
472,14:29:42,10.63,--,135,143505,卖盘
473,14:29:39,10.63,--,2,2126,卖盘
474,14:29:36,10.63,--,18,19134,卖盘
475,14:29:33,10.63,--,204,216852,卖盘
476,14:29:30,10.63,--,5,5315,卖盘
477,14:29:24,10.63,--,40,42721,买盘
478,14:29:21,10.63,--,11,12554,卖盘
479,14:29:15,10.63,0.01,43,45910,买盘
480,14:29:12,10.62,-0.01,90,96546,卖盘
481,14:29:09,10.63,-0.01,161,171143,卖盘
482,14:29:03,10.64,--,53,56392,买盘
483,14:29:00,10.64,0.02,1,1064,买盘
484,14:28:57,10.62,--,156,165672,卖盘
485,14:28:54,10.62,-0.02,1,1062,卖盘
486,14:28:51,10.64,0.02,61,64904,买盘
487,14:28:48,10.62,-0.02,40,42480,卖盘
488,14:28:42,10.64,--,1,1064,买盘
489,14:28:39,10.64,0.02,9,9576,买盘
490,14:28:36,10.62,-0.02,135,143370,卖盘
491,14:28:33,10.64,0.02,2,2128,买盘
492,14:28:30,10.62,--,118,125315,卖盘
493,14:28:24,10.62,-0.02,5,5310,卖盘
494,14:28:21,10.64,0.01,307,326648,买盘
495,14:28:18,10.63,--,5,5315,买盘
496,14:28:12,10.63,0.01,1,1063,买盘
497,14:28:09,10.62,--,2,2124,卖盘
498,14:28:06,10.62,-0.02,1,1062,卖盘
499,14:28:03,10.64,--,189,201096,买盘
500,14:28:00,10.64,0.01,51,54264,买盘
501,14:27:57,10.63,-0.01,33,35079,中性盘
502,14:27:51,10.64,--,27,28728,买盘
503,14:27:48,10.64,--,9,9576,买盘
504,14:27:42,10.64,0.01,40,42560,买盘
505,14:27:39,10.63,-0.01,18,19134,中性盘
506,14:27:36,10.64,0.01,29,30856,买盘
507,14:27:33,10.63,0.01,2,2126,卖盘
508,14:27:30,10.62,-0.01,157,166734,卖盘
509,14:27:27,10.63,--,45,47835,买盘
510,14:27:21,10.63,0.01,2,2126,买盘
511,14:27:15,10.62,--,27,28673,买盘
512,14:27:12,10.62,0.01,3,3185,买盘
513,14:27:09,10.61,-0.03,25,26525,卖盘
514,14:27:06,10.64,0.02,700,744800,买盘
515,14:27:03,10.62,-0.01,51,54161,卖盘
516,14:27:00,10.63,0.02,3,3189,买盘
517,14:26:57,10.61,-0.02,136,144296,卖盘
518,14:26:51,10.63,0.01,5,5315,买盘
519,14:26:48,10.62,--,7,7433,卖盘
520,14:26:45,10.62,--,189,200930,买盘
521,14:26:42,10.62,0.01,1,1062,买盘
522,14:26:39,10.61,-0.01,24,25464,卖盘
523,14:26:27,10.62,--,2,2124,买盘
524,14:26:24,10.62,--,31,32922,买盘
525,14:26:21,10.62,0.01,1,1062,买盘
526,14:26:18,10.61,-0.01,2,2503,卖盘
527,14:26:12,10.62,--,11,11682,买盘
528,14:26:09,10.62,-0.01,348,370425,卖盘
529,14:26:00,10.63,0.01,1,1063,买盘
530,14:25:57,10.62,--,11,11682,卖盘
531,14:25:54,10.62,--,200,212399,卖盘
532,14:25:51,10.62,--,164,174168,卖盘
533,14:25:48,10.62,-0.01,2,2124,卖盘
534,14:25:45,10.63,0.01,61,64843,买盘
535,14:25:42,10.62,--,128,136042,卖盘
536,14:25:39,10.62,-0.01,59,62657,卖盘
537,14:25:33,10.63,0.01,35,37205,买盘
538,14:25:24,10.62,-0.01,12,12743,卖盘
539,14:25:21,10.63,0.01,1,1063,中性盘
540,14:25:18,10.62,--,137,145494,卖盘
541,14:25:15,10.62,-0.01,50,53099,卖盘
542,14:25:12,10.63,--,157,166997,买盘
543,14:25:09,10.63,--,1,1063,买盘
544,14:25:03,10.63,--,9,9567,买盘
545,14:25:00,10.63,--,1,1063,买盘
546,14:24:57,10.63,--,1,1063,买盘
547,14:24:54,10.63,--,13,13819,买盘
548,14:24:51,10.63,--,29,30827,买盘
549,14:24:48,10.63,-0.01,480,511196,卖盘
550,14:24:45,10.64,--,23,24472,买盘
551,14:24:42,10.64,--,146,155344,买盘
552,14:24:39,10.64,0.01,10,10640,买盘
553,14:24:33,10.63,-0.01,54,57402,卖盘
554,14:24:30,10.64,--,10,10640,买盘
555,14:24:27,10.64,--,22,23408,买盘
556,14:24:24,10.64,--,21,22344,买盘
557,14:24:21,10.64,--,3,3192,买盘
558,14:24:18,10.64,0.01,352,374528,买盘
559,14:24:15,10.63,--,135,143505,卖盘
560,14:24:12,10.63,--,17,18071,卖盘
561,14:24:09,10.63,-0.01,16,17008,卖盘
562,14:24:03,10.64,--,109,115976,买盘
563,14:24:00,10.64,0.01,267,284088,买盘
564,14:23:57,10.63,--,132,140422,卖盘
565,14:23:54,10.63,--,21,22323,买盘
566,14:23:51,10.63,--,255,271065,买盘
567,14:23:48,10.63,--,120,127560,买盘
568,14:23:45,10.63,--,10,10630,买盘
569,14:23:42,10.63,0.01,1,1063,买盘
570,14:23:39,10.62,-0.01,19,20178,卖盘
571,14:23:36,10.63,--,121,128623,买盘
572,14:23:33,10.63,--,249,264687,买盘
573,14:23:30,10.63,--,22,23386,买盘
574,14:23:27,10.63,--,1,1063,买盘
575,14:23:24,10.63,--,5,5315,买盘
576,14:23:21,10.63,0.01,269,285947,买盘
577,14:23:12,10.62,--,309,328158,买盘
578,14:23:09,10.62,--,1,1062,买盘
579,14:23:03,10.62,0.01,598,635076,买盘
580,14:23:00,10.61,--,77,81697,买盘
581,14:22:57,10.61,--,4,4244,买盘
582,14:22:54,10.61,0.01,4,4244,买盘
583,14:22:51,10.6,0.01,97,103244,买盘
584,14:22:48,10.59,-0.01,1,1059,卖盘
585,14:22:45,10.6,--,400,424000,买盘
586,14:22:42,10.6,0.01,899,952940,买盘
587,14:22:36,10.59,-0.01,38,40242,卖盘
588,14:22:33,10.6,--,5,5300,买盘
589,14:22:30,10.6,--,103,109180,买盘
590,14:22:27,10.6,--,30,31800,买盘
591,14:22:24,10.6,--,45,47700,买盘
592,14:22:21,10.6,--,6,6360,买盘
593,14:22:12,10.6,--,1,1060,买盘
594,14:22:09,10.6,--,11,11660,买盘
595,14:22:03,10.6,--,10,10600,买盘
596,14:22:00,10.6,0.01,2,2120,买盘
597,14:21:57,10.59,-0.01,90,95310,卖盘
598,14:21:54,10.6,--,25,26500,买盘
599,14:21:51,10.6,0.01,6,6360,买盘
600,14:21:48,10.59,--,11,11649,卖盘
601,14:21:36,10.59,--,85,90120,买盘
602,14:21:33,10.59,--,12,12708,买盘
603,14:21:30,10.59,--,35,37065,买盘
604,14:21:21,10.59,--,1,1059,买盘
605,14:21:18,10.59,--,50,52950,买盘
606,14:21:15,10.59,--,54,57186,买盘
607,14:21:12,10.59,-0.01,17,18003,卖盘
608,14:21:09,10.6,--,21,22260,买盘
609,14:21:06,10.6,--,14,14840,买盘
610,14:21:03,10.6,--,65,68900,买盘
611,14:21:00,10.6,0.02,32,33920,买盘
612,14:20:57,10.58,-0.02,3,3174,卖盘
613,14:20:54,10.6,0.02,6,6360,买盘
614,14:20:51,10.58,--,93,98394,卖盘
615,14:20:48,10.58,-0.02,99,104742,卖盘
616,14:20:45,10.6,--,7,7420,买盘
617,14:20:42,10.6,--,21,22260,买盘
618,14:20:39,10.6,--,62,65720,买盘
619,14:20:36,10.6,--,14,14840,买盘
620,14:20:33,10.6,--,20,21200,买盘
621,14:20:30,10.6,0.01,301,319060,买盘
622,14:20:27,10.59,--,100,105900,买盘
623,14:20:21,10.59,--,95,100605,买盘
624,14:20:18,10.59,--,23,24357,买盘
625,14:20:12,10.59,--,24,25416,买盘
626,14:20:09,10.59,--,35,37065,买盘
627,14:20:06,10.59,--,10,10590,买盘
628,14:20:03,10.59,--,83,87897,买盘
629,14:20:00,10.59,--,37,39183,买盘
630,14:19:57,10.59,0.01,27,28593,买盘
631,14:19:54,10.58,--,108,114264,买盘
632,14:19:51,10.58,--,52,55016,买盘
633,14:19:48,10.58,--,50,52900,买盘
634,14:19:45,10.58,--,9,9522,买盘
635,14:19:42,10.58,-0.01,6,6348,卖盘
636,14:19:33,10.59,0.02,1,1059,买盘
637,14:19:30,10.57,-0.01,121,128002,卖盘
638,14:19:27,10.58,--,50,52900,买盘
639,14:19:21,10.58,0.01,11,11638,买盘
640,14:19:15,10.57,-0.01,89,94073,卖盘
641,14:19:12,10.58,--,25,26450,买盘
642,14:19:09,10.58,--,17,17986,买盘
643,14:19:06,10.58,--,35,37030,买盘
644,14:19:03,10.58,--,48,50784,买盘
645,14:19:00,10.58,--,29,30682,买盘
646,14:18:57,10.58,--,1,1058,买盘
647,14:18:54,10.58,--,10,10580,买盘
648,14:18:51,10.58,--,4,4232,买盘
649,14:18:48,10.58,--,20,21160,买盘
650,14:18:45,10.58,0.01,32,33856,买盘
651,14:18:42,10.57,-0.01,109,115213,卖盘
652,14:18:36,10.58,--,33,34914,买盘
653,14:18:30,10.58,0.01,45,47610,买盘
654,14:18:27,10.57,-0.01,7,7399,卖盘
655,14:18:24,10.58,--,5,5290,买盘
656,14:18:21,10.58,0.01,1,1058,买盘
657,14:18:18,10.57,--,14,14798,卖盘
658,14:18:15,10.57,-0.01,22,23254,卖盘
659,14:18:09,10.58,--,91,96278,买盘
660,14:18:03,10.58,--,2,2116,买盘
661,14:18:00,10.58,--,2,2116,买盘
662,14:17:57,10.58,--,1,1058,买盘
663,14:17:54,10.58,--,6,6348,买盘
664,14:17:51,10.58,0.01,4,4232,买盘
665,14:17:48,10.57,--,12,12684,卖盘
666,14:17:36,10.57,--,89,94073,卖盘
667,14:17:33,10.57,-0.01,5,5285,卖盘
668,14:17:30,10.58,0.01,20,21160,买盘
669,14:17:27,10.57,-0.01,22,23254,卖盘
670,14:17:24,10.58,--,4,4232,买盘
671,14:17:21,10.58,0.01,1,1058,买盘
672,14:17:15,10.57,0.01,34,36371,买盘
673,14:17:12,10.56,-0.01,6,6336,卖盘
674,14:17:09,10.57,0.02,10,10570,买盘
675,14:17:03,10.55,-0.02,89,93895,卖盘
676,14:17:00,10.57,0.01,54,57078,买盘
677,14:16:57,10.56,-0.01,6,6336,中性盘
678,14:16:51,10.57,--,6,6342,买盘
679,14:16:48,10.57,--,23,24311,买盘
680,14:16:42,10.57,--,2,2114,买盘
681,14:16:39,10.57,0.01,109,115213,买盘
682,14:16:36,10.56,--,2,2112,买盘
683,14:16:30,10.56,--,35,36960,卖盘
684,14:16:24,10.56,-0.01,15,15840,卖盘
685,14:16:21,10.57,--,8,8456,买盘
686,14:16:18,10.57,0.01,52,54964,买盘
687,14:16:12,10.56,-0.01,58,61248,卖盘
688,14:16:09,10.57,0.01,18,19026,买盘
689,14:16:00,10.56,0.01,29,30624,买盘
690,14:15:57,10.55,--,77,81235,卖盘
691,14:15:54,10.55,-0.02,24,25320,卖盘
692,14:15:51,10.57,-0.01,25,26425,中性盘
693,14:15:42,10.58,--,1,1058,买盘
694,14:15:39,10.58,0.03,9,9522,买盘
695,14:15:33,10.55,-0.03,5,5275,卖盘
696,14:15:30,10.58,0.03,10,10580,买盘
697,14:15:27,10.55,--,16,16880,卖盘
698,14:15:24,10.55,-0.03,89,93895,卖盘
699,14:15:21,10.58,--,1,1058,买盘
700,14:15:18,10.58,0.01,2,2116,买盘
701,14:15:15,10.57,--,61,64477,买盘
702,14:15:12,10.57,0.02,1,1057,买盘
703,14:15:09,10.55,-0.02,30,31650,卖盘
704,14:15:00,10.57,--,1,1057,买盘
705,14:14:57,10.57,0.02,1,1057,买盘
706,14:14:51,10.55,-0.02,94,99170,卖盘
707,14:14:48,10.57,0.02,38,40166,买盘
708,14:14:45,10.55,-0.02,1,1055,卖盘
709,14:14:36,10.57,0.02,2,2114,买盘
710,14:14:33,10.55,-0.02,12,12660,卖盘
711,14:14:30,10.57,0.02,414,437598,买盘
712,14:14:21,10.55,--,106,111830,卖盘
713,14:14:18,10.55,0.01,6,6330,卖盘
714,14:14:15,10.54,-0.02,2,2108,卖盘
715,14:14:12,10.56,0.02,1,1056,买盘
716,14:14:09,10.54,--,2,2108,卖盘
717,14:14:03,10.54,-0.02,1,1054,卖盘
718,14:14:00,10.56,0.02,27,28512,买盘
719,14:13:57,10.54,-0.01,59,62185,卖盘
720,14:13:54,10.55,--,2,2110,买盘
721,14:13:51,10.55,0.01,6,6330,买盘
722,14:13:48,10.54,-0.01,107,112777,卖盘
723,14:13:42,10.55,0.01,1,1055,买盘
724,14:13:39,10.54,--,11,11593,卖盘
725,14:13:36,10.54,--,17,17918,卖盘
726,14:13:27,10.54,-0.01,16,16864,卖盘
727,14:13:21,10.55,0.01,1,1055,买盘
728,14:13:18,10.54,--,26,27403,卖盘
729,14:13:15,10.54,-0.02,51,53753,卖盘
730,14:13:12,10.56,--,4,4224,买盘
731,14:13:09,10.56,--,1,1056,买盘
732,14:13:06,10.56,--,2,2112,买盘
733,14:13:00,10.56,0.01,1,1056,买盘
734,14:12:57,10.55,-0.01,32,33760,卖盘
735,14:12:51,10.56,0.01,4,4224,买盘
736,14:12:45,10.55,--,4,4220,卖盘
737,14:12:42,10.55,--,89,93895,卖盘
738,14:12:33,10.55,--,458,483190,买盘
739,14:12:30,10.55,--,81,85455,买盘
740,14:12:27,10.55,0.01,110,116050,买盘
741,14:12:24,10.54,-0.01,19,20026,卖盘
742,14:12:21,10.55,--,2,2110,买盘
743,14:12:12,10.55,--,21,22155,买盘
744,14:12:09,10.55,--,90,94950,买盘
745,14:12:00,10.55,--,21,22155,买盘
746,14:11:57,10.55,0.01,16,16880,买盘
747,14:11:54,10.54,-0.01,12,12647,卖盘
748,14:11:51,10.55,--,60,63300,买盘
749,14:11:48,10.55,--,4,4220,买盘
750,14:11:42,10.55,0.01,43,45365,买盘
751,14:11:36,10.54,--,100,105399,卖盘
752,14:11:30,10.54,-0.01,22,23187,卖盘
753,14:11:27,10.55,--,241,254255,买盘
754,14:11:24,10.55,-0.02,38,40090,卖盘
755,14:11:21,10.57,0.02,17,17969,买盘
756,14:11:15,10.55,0.01,1,1055,卖盘
757,14:11:12,10.54,--,25,26349,卖盘
758,14:11:09,10.54,-0.02,29,30565,卖盘
759,14:11:06,10.56,0.01,108,114238,买盘
760,14:11:03,10.55,-0.01,85,89675,卖盘
761,14:11:00,10.56,--,2,2112,买盘
762,14:10:57,10.56,0.01,1,1056,买盘
763,14:10:54,10.55,-0.01,2,2110,卖盘
764,14:10:51,10.56,0.01,19,20064,买盘
765,14:10:48,10.55,-0.01,32,33760,卖盘
766,14:10:36,10.56,--,32,33792,买盘
767,14:10:30,10.56,--,108,114048,买盘
768,14:10:27,10.56,--,1,1056,买盘
769,14:10:24,10.56,--,2,2112,买盘
770,14:10:21,10.56,--,8,8448,买盘
771,14:10:12,10.56,0.01,25,26400,买盘
772,14:10:09,10.55,0.01,20,21100,买盘
773,14:10:06,10.54,--,15,15809,卖盘
774,14:10:03,10.54,-0.02,101,106453,卖盘
775,14:10:00,10.56,0.02,1,1056,买盘
776,14:09:57,10.54,-0.02,90,94859,中性盘
777,14:09:51,10.56,0.03,13,13728,买盘
778,14:09:48,10.53,--,78,82134,卖盘
779,14:09:45,10.53,-0.01,41,43173,卖盘
780,14:09:42,10.54,--,8,8432,买盘
781,14:09:39,10.54,0.01,2,2108,买盘
782,14:09:36,10.53,-0.01,28,29484,卖盘
783,14:09:33,10.54,--,5,5270,买盘
784,14:09:30,10.54,--,1,1054,买盘
785,14:09:27,10.54,0.01,130,137020,买盘
786,14:09:24,10.53,-0.01,14,14742,卖盘
787,14:09:21,10.54,0.01,5,5270,买盘
788,14:09:18,10.53,--,2,2106,卖盘
789,14:09:15,10.53,-0.03,34,36665,卖盘
790,14:09:12,10.56,--,1,1056,买盘
791,14:09:09,10.56,0.02,2,2112,买盘
792,14:09:06,10.54,--,16,16864,卖盘
793,14:09:03,10.54,-0.01,22,23377,卖盘
794,14:09:00,10.55,--,3,3165,买盘
795,14:08:57,10.55,--,1,1055,买盘
796,14:08:54,10.55,0.01,109,114995,买盘
797,14:08:51,10.54,--,22,23187,卖盘
798,14:08:42,10.54,0.01,12,12647,中性盘
799,14:08:33,10.53,-0.02,7,7371,卖盘
800,14:08:30,10.55,--,4,4220,买盘
801,14:08:27,10.55,0.02,20,21100,买盘
802,14:08:24,10.53,--,6,6318,卖盘
803,14:08:21,10.53,-0.02,165,173955,卖盘
804,14:08:18,10.55,0.02,2,2110,买盘
805,14:08:15,10.53,-0.02,15,15794,卖盘
806,14:08:12,10.55,--,2,2110,买盘
807,14:08:09,10.55,--,2,2110,买盘
808,14:08:03,10.55,--,8,8440,买盘
809,14:08:00,10.55,--,103,108665,买盘
810,14:07:57,10.55,0.02,24,25320,买盘
811,14:07:54,10.53,-0.02,17,17901,卖盘
812,14:07:51,10.55,0.01,3,3165,买盘
813,14:07:48,10.54,-0.01,91,95913,卖盘
814,14:07:45,10.55,0.02,22,23210,买盘
815,14:07:42,10.53,-0.01,24,25272,卖盘
816,14:07:36,10.54,-0.01,30,31619,卖盘
817,14:07:33,10.55,0.02,1,1055,买盘
818,14:07:27,10.53,-0.02,29,30536,卖盘
819,14:07:21,10.55,0.02,45,47475,买盘
820,14:07:18,10.53,-0.01,101,106353,卖盘
821,14:07:15,10.54,--,178,187611,买盘
822,14:07:12,10.54,--,1,1054,买盘
823,14:07:09,10.54,--,2,2108,买盘
824,14:07:06,10.54,--,20,21080,买盘
825,14:07:00,10.54,0.01,6,6323,买盘
826,14:06:57,10.53,-0.01,7,7371,卖盘
827,14:06:54,10.54,--,2,2108,买盘
828,14:06:51,10.54,--,4,4216,买盘
829,14:06:48,10.54,--,62,65347,买盘
830,14:06:45,10.54,0.01,5,5270,买盘
831,14:06:42,10.53,-0.01,98,103194,卖盘
832,14:06:39,10.54,--,3,3161,买盘
833,14:06:30,10.54,--,1,1054,买盘
834,14:06:21,10.54,0.01,6,6323,买盘
835,14:06:18,10.53,-0.01,6,6318,卖盘
836,14:06:15,10.54,--,2,2108,买盘
837,14:06:12,10.54,--,1,1054,买盘
838,14:06:09,10.54,--,409,431085,买盘
839,14:06:03,10.54,--,5,5270,买盘
840,14:06:00,10.54,--,2,2108,买盘
841,14:05:57,10.54,0.01,9,9486,买盘
842,14:05:54,10.53,-0.01,6,6318,卖盘
843,14:05:51,10.54,--,54,56915,买盘
844,14:05:42,10.54,--,1,1054,买盘
845,14:05:39,10.54,0.01,50,52699,买盘
846,14:05:36,10.53,-0.01,189,199017,卖盘
847,14:05:33,10.54,--,2,2108,买盘
848,14:05:30,10.54,0.01,1,1054,买盘
849,14:05:27,10.53,--,128,134784,买盘
850,14:05:21,10.53,-0.01,138,145314,卖盘
851,14:05:15,10.54,--,11,11593,买盘
852,14:05:12,10.54,--,43,45321,买盘
853,14:05:09,10.54,0.01,3,3161,买盘
854,14:05:03,10.53,-0.01,89,93717,卖盘
855,14:05:00,10.54,--,1,1054,买盘
856,14:04:57,10.54,0.01,1,1054,买盘
857,14:04:54,10.53,-0.01,16,16848,卖盘
858,14:04:51,10.54,0.01,13,13701,买盘
859,14:04:48,10.53,--,10,10530,卖盘
860,14:04:45,10.53,--,6,6318,卖盘
861,14:04:42,10.53,--,11,11583,卖盘
862,14:04:33,10.53,-0.01,6,6318,卖盘
863,14:04:30,10.54,0.01,100,105399,买盘
864,14:04:24,10.53,-0.01,13,13689,卖盘
865,14:04:21,10.54,--,11,11593,买盘
866,14:04:18,10.54,--,2,2108,买盘
867,14:04:15,10.54,-0.01,14,14755,卖盘
868,14:04:12,10.55,--,17,17935,买盘
869,14:04:09,10.55,0.01,19,20045,买盘
870,14:04:03,10.54,-0.01,62,65347,卖盘
871,14:04:00,10.55,0.01,19,20045,买盘
872,14:03:57,10.54,-0.01,140,147560,卖盘
873,14:03:51,10.55,0.01,4,4220,买盘
874,14:03:48,10.54,-0.01,12,12647,卖盘
875,14:03:42,10.55,0.01,1,1055,买盘
876,14:03:39,10.54,-0.01,18,18972,卖盘
877,14:03:33,10.55,--,2,2110,买盘
878,14:03:30,10.55,0.01,4,4220,买盘
879,14:03:27,10.54,-0.01,257,271742,卖盘
880,14:03:24,10.55,--,89,93895,卖盘
881,14:03:21,10.55,--,16,16880,卖盘
882,14:03:18,10.55,--,55,58025,卖盘
883,14:03:15,10.55,-0.01,24,25320,卖盘
884,14:03:12,10.56,--,1,1056,买盘
885,14:03:09,10.56,0.01,1,1056,买盘
886,14:03:06,10.55,--,16,16880,卖盘
887,14:03:03,10.55,-0.01,11,11605,卖盘
888,14:03:00,10.56,--,1,1056,买盘
889,14:02:57,10.56,--,2,2112,买盘
890,14:02:54,10.56,--,10,10560,买盘
891,14:02:51,10.56,--,18,19008,买盘
892,14:02:48,10.56,-0.01,308,325248,卖盘
893,14:02:45,10.57,0.01,402,424914,买盘
894,14:02:42,10.56,--,10,10560,卖盘
895,14:02:33,10.56,--,24,25344,卖盘
896,14:02:27,10.56,-0.01,134,141504,卖盘
897,14:02:21,10.57,0.01,100,105700,买盘
898,14:02:15,10.56,--,7,7392,卖盘
899,14:02:12,10.56,-0.01,2,2112,卖盘
900,14:02:09,10.57,--,26,27482,买盘
901,14:02:03,10.57,--,3,3171,买盘
902,14:02:00,10.57,--,32,33824,买盘
903,14:01:57,10.57,0.01,42,44394,买盘
904,14:01:54,10.56,-0.01,27,28512,卖盘
905,14:01:51,10.57,0.01,16,16912,买盘
906,14:01:48,10.56,-0.01,105,110880,卖盘
907,14:01:42,10.57,0.01,1,1057,买盘
908,14:01:36,10.56,-0.01,11,11616,卖盘
909,14:01:33,10.57,0.01,1,1057,买盘
910,14:01:30,10.56,--,10,10560,卖盘
911,14:01:27,10.56,-0.01,16,16896,卖盘
912,14:01:21,10.57,--,4,4228,买盘
913,14:01:18,10.57,--,1,1057,买盘
914,14:01:12,10.57,--,29,30653,买盘
915,14:01:09,10.57,0.01,1,1057,买盘
916,14:01:03,10.56,-0.01,10,10560,卖盘
917,14:01:00,10.57,--,2,2114,买盘
918,14:00:57,10.57,--,18,19026,买盘
919,14:00:54,10.57,-0.01,46,48622,卖盘
920,14:00:51,10.58,0.02,4,4232,买盘
921,14:00:42,10.56,-0.02,99,104544,卖盘
922,14:00:39,10.58,0.01,3,3174,买盘
923,14:00:36,10.57,-0.01,10,10570,卖盘
924,14:00:33,10.58,--,1,1058,买盘
925,14:00:30,10.58,--,21,22218,买盘
926,14:00:27,10.58,0.02,19,20102,买盘
927,14:00:24,10.56,-0.01,24,25344,卖盘
928,14:00:18,10.57,-0.01,15,15855,卖盘
929,14:00:15,10.58,0.02,59,62422,买盘
930,14:00:12,10.56,--,7,7392,卖盘
931,14:00:09,10.56,-0.02,100,105600,卖盘
932,14:00:00,10.58,--,9,9522,买盘
933,13:59:57,10.58,0.02,13,13754,买盘
934,13:59:54,10.56,-0.01,8,8448,卖盘
935,13:59:51,10.57,0.01,12,12684,买盘
936,13:59:48,10.56,-0.01,13,13728,卖盘
937,13:59:42,10.57,--,1,1057,买盘
938,13:59:39,10.57,0.01,33,34881,买盘
939,13:59:36,10.56,-0.01,89,93984,卖盘
940,13:59:33,10.57,--,3,3171,买盘
941,13:59:30,10.57,0.01,8,8456,买盘
942,13:59:24,10.56,--,40,42240,卖盘
943,13:59:21,10.56,--,14,14784,卖盘
944,13:59:18,10.56,-0.01,12,12672,卖盘
945,13:59:15,10.57,--,27,28539,买盘
946,13:59:12,10.57,0.01,1,1057,买盘
947,13:59:09,10.56,-0.01,136,143616,卖盘
948,13:59:06,10.57,--,31,32767,买盘
949,13:59:03,10.57,--,93,98301,买盘
950,13:59:00,10.57,--,1,1057,买盘
951,13:58:57,10.57,--,18,19026,买盘
952,13:58:54,10.57,--,102,107814,买盘
953,13:58:51,10.57,0.01,18,19026,买盘
954,13:58:48,10.56,--,6,6336,卖盘
955,13:58:45,10.56,--,9,9504,卖盘
956,13:58:39,10.56,--,10,10560,卖盘
957,13:58:33,10.56,--,8,8448,卖盘
958,13:58:30,10.56,--,97,102432,卖盘
959,13:58:24,10.56,-0.01,1,1056,卖盘
960,13:58:21,10.57,--,1,1057,买盘
961,13:58:12,10.57,--,1,1057,买盘
962,13:58:09,10.57,--,1,1057,买盘
963,13:58:06,10.57,--,64,67648,买盘
964,13:58:00,10.57,0.01,1,1057,买盘
965,13:57:57,10.56,-0.01,101,106656,卖盘
966,13:57:51,10.57,0.01,7,7399,买盘
967,13:57:45,10.56,--,592,625152,买盘
968,13:57:42,10.56,--,2,2112,买盘
969,13:57:33,10.56,--,1,1056,买盘
970,13:57:30,10.56,0.01,17,17952,买盘
971,13:57:27,10.55,-0.01,89,93895,卖盘
972,13:57:24,10.56,--,20,21120,买盘
973,13:57:21,10.56,--,45,47520,买盘
974,13:57:18,10.56,--,1,1056,买盘
975,13:57:15,10.56,--,87,91872,买盘
976,13:57:12,10.56,0.01,11,11616,买盘
977,13:57:09,10.55,--,3,3354,卖盘
978,13:57:06,10.55,-0.01,1,1055,卖盘
979,13:57:03,10.56,--,3,3168,买盘
980,13:57:00,10.56,--,2,2112,买盘
981,13:56:57,10.56,0.01,11,11616,买盘
982,13:56:54,10.55,-0.01,89,93895,卖盘
983,13:56:51,10.56,0.01,27,28512,买盘
984,13:56:45,10.55,--,1,1055,卖盘
985,13:56:39,10.55,-0.01,10,10550,卖盘
986,13:56:36,10.56,0.01,412,435072,买盘
987,13:56:33,10.55,--,1,1055,买盘
988,13:56:30,10.55,-0.01,438,462090,卖盘
989,13:56:27,10.56,--,132,139392,买盘
990,13:56:21,10.56,--,90,95040,买盘
991,13:56:18,10.56,0.01,89,93984,买盘
992,13:56:15,10.55,-0.01,8,8440,卖盘
993,13:56:12,10.56,--,171,180576,买盘
994,13:56:09,10.56,0.01,1,1056,买盘
995,13:55:57,10.55,--,3,3165,卖盘
996,13:55:54,10.55,--,13,13715,卖盘
997,13:55:51,10.55,--,21,22155,买盘
998,13:55:48,10.55,-0.01,75,79125,卖盘
999,13:55:45,10.56,--,2,2112,买盘
1000,13:55:42,10.56,--,1,1056,买盘
1001,13:55:39,10.56,--,9,9504,买盘
1002,13:55:30,10.56,0.01,243,256608,买盘
1003,13:55:27,10.55,0.01,9,9495,买盘
1004,13:55:24,10.54,-0.01,10,10540,卖盘
1005,13:55:21,10.55,--,6,6330,买盘
1006,13:55:15,10.55,0.01,139,146645,买盘
1007,13:55:12,10.54,-0.01,11,11593,卖盘
1008,13:55:06,10.55,--,3,3165,买盘
1009,13:55:00,10.55,--,23,24265,买盘
1010,13:54:57,10.55,--,12,12660,买盘
1011,13:54:51,10.55,0.01,34,35870,买盘
1012,13:54:48,10.54,--,7,7377,卖盘
1013,13:54:45,10.54,--,25,26349,卖盘
1014,13:54:42,10.54,--,89,93805,卖盘
1015,13:54:39,10.54,-0.01,50,52699,卖盘
1016,13:54:36,10.55,--,10,10550,买盘
1017,13:54:30,10.55,0.01,1,1055,买盘
1018,13:54:27,10.54,--,1,1054,卖盘
1019,13:54:24,10.54,--,14,14755,卖盘
1020,13:54:21,10.54,--,7,7377,卖盘
1021,13:54:15,10.54,-0.01,64,67456,卖盘
1022,13:54:12,10.55,--,1,1055,买盘
1023,13:54:09,10.55,--,90,94950,买盘
1024,13:54:00,10.55,--,3,3165,买盘
1025,13:53:57,10.55,0.01,3,3165,买盘
1026,13:53:51,10.54,--,6,6555,买盘
1027,13:53:42,10.54,--,56,59846,卖盘
1028,13:53:36,10.54,--,115,121209,卖盘
1029,13:53:33,10.54,-0.01,4,4511,卖盘
1030,13:53:30,10.55,0.01,1,1055,买盘
1031,13:53:27,10.54,--,7,7377,卖盘
1032,13:53:24,10.54,-0.01,1,1054,卖盘
1033,13:53:21,10.55,--,3,3165,买盘
1034,13:53:15,10.55,--,148,156140,买盘
1035,13:53:12,10.55,--,1,1055,买盘
1036,13:53:09,10.55,0.01,16,16880,买盘
1037,13:53:06,10.54,--,19,20026,卖盘
1038,13:53:03,10.54,-0.01,89,93805,卖盘
1039,13:53:00,10.55,--,6,6330,买盘
1040,13:52:57,10.55,--,1,1055,买盘
1041,13:52:51,10.55,--,7,7385,买盘
1042,13:52:42,10.55,0.01,1,1055,买盘
1043,13:52:39,10.54,-0.01,1,1054,卖盘
1044,13:52:36,10.55,--,12,12660,买盘
1045,13:52:33,10.55,--,4,4220,卖盘
1046,13:52:30,10.55,--,89,93895,卖盘
1047,13:52:24,10.55,-0.01,30,31650,卖盘
1048,13:52:21,10.56,--,34,35904,买盘
1049,13:52:12,10.56,--,16,16896,买盘
1050,13:52:09,10.56,0.01,22,23232,买盘
1051,13:52:06,10.55,-0.01,2,2110,卖盘
1052,13:52:00,10.56,--,92,97152,买盘
1053,13:51:57,10.56,--,1,1056,买盘
1054,13:51:54,10.56,--,14,14784,买盘
1055,13:51:51,10.56,0.01,6,6336,买盘
1056,13:51:48,10.55,--,5,5275,卖盘
1057,13:51:42,10.55,-0.01,4,4220,卖盘
1058,13:51:36,10.56,0.01,50,52800,买盘
1059,13:51:33,10.55,-0.01,60,63300,卖盘
1060,13:51:30,10.56,0.01,14,14784,买盘
1061,13:51:27,10.55,-0.01,99,104445,卖盘
1062,13:51:24,10.56,--,2,2112,买盘
1063,13:51:21,10.56,0.01,16,16896,买盘
1064,13:51:15,10.55,-0.01,62,65410,卖盘
1065,13:51:12,10.56,0.01,1,1056,买盘
1066,13:51:03,10.55,-0.01,185,195175,卖盘
1067,13:51:00,10.56,--,2,2112,买盘
1068,13:50:57,10.56,--,1,1056,买盘
1069,13:50:54,10.56,--,90,95040,买盘
1070,13:50:51,10.56,--,3,3168,买盘
1071,13:50:48,10.56,0.01,20,21120,买盘
1072,13:50:45,10.55,-0.01,1,1055,卖盘
1073,13:50:42,10.56,--,206,217536,买盘
1074,13:50:36,10.56,--,12,12672,买盘
1075,13:50:33,10.56,--,1,1056,买盘
1076,13:50:30,10.56,0.01,1,1056,买盘
1077,13:50:27,10.55,-0.01,1,1055,卖盘
1078,13:50:21,10.56,--,47,49632,卖盘
1079,13:50:18,10.56,--,210,221760,卖盘
1080,13:50:15,10.56,-0.01,4,4224,卖盘
1081,13:50:12,10.57,0.01,32,33824,买盘
1082,13:50:09,10.56,--,16,16896,卖盘
1083,13:50:06,10.56,--,2,2112,卖盘
1084,13:50:03,10.56,-0.01,3,3168,卖盘
1085,13:50:00,10.57,--,1,1057,买盘
1086,13:49:57,10.57,0.02,1,1057,买盘
1087,13:49:54,10.55,-0.01,24,25320,卖盘
1088,13:49:51,10.56,--,9,9504,买盘
1089,13:49:48,10.56,--,114,120384,买盘
1090,13:49:45,10.56,-0.01,27,28512,中性盘
1091,13:49:30,10.57,0.02,3,3171,买盘
1092,13:49:27,10.55,-0.02,118,124490,卖盘
1093,13:49:21,10.57,0.02,1,1057,买盘
1094,13:49:15,10.55,-0.01,89,93895,卖盘
1095,13:49:12,10.56,-0.01,11,11616,卖盘
1096,13:49:09,10.57,--,46,48622,买盘
1097,13:49:06,10.57,0.01,3,3171,买盘
1098,13:49:03,10.56,-0.01,10,10560,卖盘
1099,13:49:00,10.57,--,2,2114,买盘
1100,13:48:57,10.57,0.01,1,1057,买盘
1101,13:48:54,10.56,0.01,249,262944,买盘
1102,13:48:51,10.55,-0.01,10,10550,卖盘
1103,13:48:48,10.56,--,2,2112,买盘
1104,13:48:45,10.56,0.01,50,52800,买盘
1105,13:48:42,10.55,-0.01,150,158250,卖盘
1106,13:48:39,10.56,--,5,5280,买盘
1107,13:48:36,10.56,--,50,52800,买盘
1108,13:48:33,10.56,--,15,15840,买盘
1109,13:48:30,10.56,--,1,1056,买盘
1110,13:48:27,10.56,--,100,105600,买盘
1111,13:48:24,10.56,--,16,16896,买盘
1112,13:48:21,10.56,--,1,1056,买盘
1113,13:48:15,10.56,--,3,3168,买盘
1114,13:48:12,10.56,--,1,1056,买盘
1115,13:48:09,10.56,--,131,138336,买盘
1116,13:48:06,10.56,-0.01,15,15840,卖盘
1117,13:48:03,10.57,--,30,31710,买盘
1118,13:48:00,10.57,--,2,2114,买盘
1119,13:47:57,10.57,0.02,1,1057,买盘
1120,13:47:54,10.55,-0.02,1,1055,卖盘
1121,13:47:51,10.57,0.02,5,5285,买盘
1122,13:47:39,10.55,0.01,5,5275,卖盘
1123,13:47:36,10.54,--,89,93805,卖盘
1124,13:47:33,10.54,-0.03,79,83266,卖盘
1125,13:47:30,10.57,--,5,5285,买盘
1126,13:47:24,10.57,0.02,2,2114,买盘
1127,13:47:21,10.55,--,81,85455,买盘
1128,13:47:18,10.55,--,6,6330,买盘
1129,13:47:15,10.55,-0.01,213,224715,卖盘
1130,13:47:12,10.56,--,813,858528,买盘
1131,13:47:09,10.56,--,6,6336,买盘
1132,13:47:06,10.56,0.01,2,2112,买盘
1133,13:47:03,10.55,-0.01,99,104445,卖盘
1134,13:47:00,10.56,--,2,2112,买盘
1135,13:46:57,10.56,--,11,11616,买盘
1136,13:46:51,10.56,0.01,3,3168,买盘
1137,13:46:48,10.55,-0.01,2,2110,卖盘
1138,13:46:45,10.56,--,34,35904,买盘
1139,13:46:42,10.56,--,31,32736,买盘
1140,13:46:33,10.56,0.01,43,45408,买盘
1141,13:46:30,10.55,-0.01,89,93895,卖盘
1142,13:46:27,10.56,--,10,10560,买盘
1143,13:46:21,10.56,--,3,3168,买盘
1144,13:46:18,10.56,--,12,12672,买盘
1145,13:46:12,10.56,--,1,1056,买盘
1146,13:46:09,10.56,--,1,1056,买盘
1147,13:46:06,10.56,0.01,13,13728,买盘
1148,13:46:03,10.55,-0.01,70,73850,卖盘
1149,13:46:00,10.56,0.01,112,118272,买盘
1150,13:45:57,10.55,-0.01,30,31650,卖盘
1151,13:45:51,10.56,0.01,10,10560,买盘
1152,13:45:42,10.55,0.02,41,44246,中性盘
1153,13:45:36,10.53,--,11,11583,买盘
1154,13:45:33,10.53,--,1,1053,买盘
1155,13:45:30,10.53,--,5,5265,买盘
1156,13:45:27,10.53,-0.03,78,82134,卖盘
1157,13:45:24,10.56,--,12,12672,买盘
1158,13:45:21,10.56,--,23,24288,买盘
1159,13:45:18,10.56,--,2,2112,买盘
1160,13:45:15,10.56,0.02,313,330528,买盘
1161,13:45:12,10.54,--,1,1054,买盘
1162,13:45:09,10.54,0.01,1,1054,买盘
1163,13:45:06,10.53,--,13,13689,卖盘
1164,13:45:03,10.53,-0.01,58,61073,卖盘
1165,13:45:00,10.54,--,11,11593,买盘
1166,13:44:57,10.54,0.01,8,8432,买盘
1167,13:44:54,10.53,-0.01,103,108459,卖盘
1168,13:44:51,10.54,--,16,16864,买盘
1169,13:44:42,10.54,--,32,33728,买盘
1170,13:44:36,10.54,--,52,54807,买盘
1171,13:44:33,10.54,--,9,9486,买盘
1172,13:44:30,10.54,--,15,15809,买盘
1173,13:44:27,10.54,--,10,10540,买盘
1174,13:44:24,10.54,--,40,42160,买盘
1175,13:44:21,10.54,--,90,94859,买盘
1176,13:44:15,10.54,0.01,25,26634,买盘
1177,13:44:12,10.53,--,46,48438,买盘
1178,13:44:09,10.53,--,20,21060,买盘
1179,13:44:06,10.53,0.01,15,15794,买盘
1180,13:44:03,10.52,-0.01,15,15780,卖盘
1181,13:44:00,10.53,--,191,201123,买盘
1182,13:43:57,10.53,--,1,1053,买盘
1183,13:43:54,10.53,--,2,2106,买盘
1184,13:43:51,10.53,0.01,62,65285,买盘
1185,13:43:42,10.52,-0.01,3,3156,卖盘
1186,13:43:30,10.53,--,1,1053,买盘
1187,13:43:24,10.53,-0.01,0,768,卖盘
1188,13:43:21,10.54,0.01,15,16094,买盘
1189,13:43:18,10.53,--,70,73710,买盘
1190,13:43:15,10.53,-0.01,19,20775,卖盘
1191,13:43:12,10.54,--,15,15809,买盘
1192,13:43:09,10.54,--,12,12647,买盘
1193,13:43:00,10.54,0.01,5,5270,买盘
1194,13:42:57,10.53,-0.01,67,70551,卖盘
1195,13:42:51,10.54,0.01,5,5270,买盘
1196,13:42:42,10.53,--,90,94770,卖盘
1197,13:42:36,10.53,-0.01,19,20007,卖盘
1198,13:42:33,10.54,--,2,2108,买盘
1199,13:42:30,10.54,0.01,1,1054,买盘
1200,13:42:27,10.53,-0.01,31,32642,卖盘
1201,13:42:21,10.54,0.01,53,55861,买盘
1202,13:42:18,10.53,-0.01,2,2106,卖盘
1203,13:42:15,10.54,--,40,42160,买盘
1204,13:42:12,10.54,0.01,35,36890,买盘
1205,13:42:09,10.53,-0.01,90,94770,卖盘
1206,13:42:06,10.54,0.01,19,20026,买盘
1207,13:42:03,10.53,-0.01,53,55809,卖盘
1208,13:42:00,10.54,--,1,1054,买盘
1209,13:41:57,10.54,--,12,12647,买盘
1210,13:41:54,10.54,--,15,15809,买盘
1211,13:41:51,10.54,0.01,6,6323,买盘
1212,13:41:36,10.53,-0.01,26,27378,卖盘
1213,13:41:30,10.54,--,1,1054,买盘
1214,13:41:27,10.54,-0.01,88,92751,卖盘
1215,13:41:21,10.55,--,6,6330,买盘
1216,13:41:18,10.55,--,11,11605,买盘
1217,13:41:12,10.55,--,1,1055,买盘
1218,13:41:09,10.55,0.02,3,3165,买盘
1219,13:41:03,10.53,-0.02,89,93717,卖盘
1220,13:41:00,10.55,0.02,107,112885,买盘
1221,13:40:57,10.53,-0.01,24,25272,卖盘
1222,13:40:51,10.54,0.01,15,15809,中性盘
1223,13:40:45,10.53,--,7,7371,卖盘
1224,13:40:42,10.53,-0.02,26,27378,卖盘
1225,13:40:33,10.55,-0.01,5,5275,卖盘
1226,13:40:30,10.56,--,35,36960,买盘
1227,13:40:27,10.56,--,2,2112,买盘
1228,13:40:24,10.56,--,97,102432,买盘
1229,13:40:21,10.56,0.01,1,1056,买盘
1230,13:40:18,10.55,--,16,16880,卖盘
1231,13:40:15,10.55,-0.01,57,60135,卖盘
1232,13:40:12,10.56,--,18,19008,买盘
1233,13:40:09,10.56,--,12,12672,买盘
1234,13:40:06,10.56,--,3,3168,买盘
1235,13:40:03,10.56,--,19,20064,买盘
1236,13:40:00,10.56,--,90,95040,买盘
1237,13:39:57,10.56,0.01,59,62304,买盘
1238,13:39:54,10.55,--,5,5275,卖盘
1239,13:39:51,10.55,--,229,242333,买盘
1240,13:39:45,10.55,--,18,18990,买盘
1241,13:39:39,10.55,--,11,11605,买盘
1242,13:39:36,10.55,0.01,14,14770,买盘
1243,13:39:33,10.54,--,57,60077,买盘
1244,13:39:30,10.54,--,51,54354,买盘
1245,13:39:27,10.54,--,120,126479,买盘
1246,13:39:24,10.54,0.01,61,64293,买盘
1247,13:39:21,10.53,-0.01,50,52965,卖盘
1248,13:39:15,10.54,0.01,10,11277,买盘
1249,13:39:12,10.53,-0.01,6,6318,卖盘
1250,13:39:09,10.54,--,16,16864,买盘
1251,13:39:03,10.54,--,20,21080,买盘
1252,13:39:00,10.54,--,102,107507,买盘
1253,13:38:57,10.54,--,22,23187,买盘
1254,13:38:51,10.54,--,106,111723,买盘
1255,13:38:42,10.54,0.01,31,32673,买盘
1256,13:38:36,10.53,-0.01,0,873,卖盘
1257,13:38:33,10.54,0.01,65,68510,买盘
1258,13:38:30,10.53,--,17,17901,买盘
1259,13:38:24,10.53,--,21,22113,买盘
1260,13:38:21,10.53,--,14,14742,买盘
1261,13:38:18,10.53,--,18,18954,买盘
1262,13:38:15,10.53,--,38,40014,买盘
1263,13:38:12,10.53,--,12,12636,买盘
1264,13:38:09,10.53,--,21,22113,买盘
1265,13:38:06,10.53,--,79,83187,买盘
1266,13:38:03,10.53,--,38,40014,买盘
1267,13:38:00,10.53,0.01,29,30536,买盘
1268,13:37:57,10.52,-0.01,18,18936,卖盘
1269,13:37:54,10.53,--,131,137943,买盘
1270,13:37:51,10.53,--,3,3159,买盘
1271,13:37:48,10.53,0.01,98,103194,买盘
1272,13:37:45,10.52,-0.01,119,125188,卖盘
1273,13:37:42,10.53,0.01,21,22113,买盘
1274,13:37:39,10.52,--,21,22092,买盘
1275,13:37:36,10.52,-0.01,17,17884,卖盘
1276,13:37:33,10.53,0.01,14,14742,买盘
1277,13:37:30,10.52,--,79,83108,买盘
1278,13:37:27,10.52,--,20,21040,买盘
1279,13:37:24,10.52,--,80,84160,买盘
1280,13:37:21,10.52,--,34,35768,买盘
1281,13:37:18,10.52,--,20,21040,买盘
1282,13:37:12,10.52,--,9,9468,买盘
1283,13:37:09,10.52,--,1,1052,买盘
1284,13:37:06,10.52,0.01,34,35768,买盘
1285,13:37:03,10.51,--,19,19969,卖盘
1286,13:37:00,10.51,--,6,6306,卖盘
1287,13:36:57,10.51,--,15,15765,买盘
1288,13:36:51,10.51,0.01,7,7357,买盘
1289,13:36:48,10.5,0.01,670,703500,买盘
1290,13:36:45,10.49,-0.01,14,14686,卖盘
1291,13:36:42,10.5,0.01,14,14700,买盘
1292,13:36:33,10.49,-0.01,10,10490,卖盘
1293,13:36:30,10.5,0.01,1,1050,买盘
1294,13:36:27,10.49,0.01,234,246494,买盘
1295,13:36:24,10.48,-0.01,161,168728,卖盘
1296,13:36:21,10.49,--,55,57695,买盘
1297,13:36:18,10.49,--,6,6294,买盘
1298,13:36:15,10.49,--,7,7343,买盘
1299,13:36:12,10.49,0.01,23,24127,买盘
1300,13:36:09,10.48,-0.01,152,159296,卖盘
1301,13:36:06,10.49,--,403,422747,买盘
1302,13:36:03,10.49,--,92,96508,买盘
1303,13:36:00,10.49,--,32,33568,买盘
1304,13:35:57,10.49,0.01,2,2098,买盘
1305,13:35:54,10.48,-0.01,4,4192,卖盘
1306,13:35:51,10.49,--,70,73430,买盘
1307,13:35:48,10.49,--,41,43009,买盘
1308,13:35:42,10.49,--,21,22029,买盘
1309,13:35:36,10.49,0.01,81,84969,卖盘
1310,13:35:33,10.48,-0.02,88,92224,卖盘
1311,13:35:30,10.5,0.01,17,17850,买盘
1312,13:35:27,10.49,--,23,24127,买盘
1313,13:35:21,10.49,--,23,24127,买盘
1314,13:35:15,10.49,--,135,141615,买盘
1315,13:35:12,10.49,--,53,55597,买盘
1316,13:35:09,10.49,--,1,1049,买盘
1317,13:35:06,10.49,0.01,20,20980,买盘
1318,13:35:03,10.48,-0.01,90,94320,卖盘
1319,13:35:00,10.49,--,43,45107,买盘
1320,13:34:57,10.49,0.01,1,1049,买盘
1321,13:34:54,10.48,--,31,33179,买盘
1322,13:34:51,10.48,--,370,387760,买盘
1323,13:34:48,10.48,0.01,25,26200,买盘
1324,13:34:45,10.47,-0.01,38,40780,卖盘
1325,13:34:42,10.48,--,21,22008,买盘
1326,13:34:39,10.48,0.01,40,41920,买盘
1327,13:34:36,10.47,-0.01,17,17799,卖盘
1328,13:34:33,10.48,--,11,11528,买盘
1329,13:34:30,10.48,0.01,108,113184,买盘
1330,13:34:27,10.47,-0.01,144,150768,卖盘
1331,13:34:24,10.48,--,10,10480,买盘
1332,13:34:21,10.48,--,43,45064,买盘
1333,13:34:18,10.48,0.01,8,8384,买盘
1334,13:34:15,10.47,-0.01,51,53397,卖盘
1335,13:34:12,10.48,--,58,60784,买盘
1336,13:34:09,10.48,0.01,5,5240,买盘
1337,13:34:06,10.47,--,23,24081,卖盘
1338,13:34:03,10.47,-0.01,5,5235,卖盘
1339,13:34:00,10.48,--,20,20960,买盘
1340,13:33:57,10.48,--,369,386712,买盘
1341,13:33:54,10.48,--,22,23056,买盘
1342,13:33:51,10.48,--,104,108992,买盘
1343,13:33:48,10.48,--,50,52400,买盘
1344,13:33:45,10.48,--,52,54496,买盘
1345,13:33:42,10.48,--,79,82792,买盘
1346,13:33:39,10.48,0.01,32,33536,买盘
1347,13:33:36,10.47,--,18,18846,买盘
1348,13:33:33,10.47,--,45,47115,买盘
1349,13:33:30,10.47,--,45,47115,买盘
1350,13:33:27,10.47,--,24,25128,买盘
1351,13:33:24,10.47,-0.01,10,10470,卖盘
1352,13:33:21,10.48,--,218,228464,买盘
1353,13:33:18,10.48,--,116,121568,买盘
1354,13:33:12,10.48,--,18,18864,买盘
1355,13:33:09,10.48,--,12,12576,买盘
1356,13:33:06,10.48,--,40,41920,买盘
1357,13:33:03,10.48,--,20,20960,买盘
1358,13:33:00,10.48,0.01,84,88032,买盘
1359,13:32:57,10.47,--,26,27222,卖盘
1360,13:32:54,10.47,-0.01,25,26175,卖盘
1361,13:32:51,10.48,0.02,112,117376,买盘
1362,13:32:48,10.46,-0.02,804,840984,卖盘
1363,13:32:45,10.48,0.01,164,171872,买盘
1364,13:32:39,10.47,--,12,12564,买盘
1365,13:32:36,10.47,0.01,58,60726,买盘
1366,13:32:33,10.46,-0.01,1,1046,卖盘
1367,13:32:30,10.47,--,25,26175,买盘
1368,13:32:27,10.47,0.01,1,1047,买盘
1369,13:32:21,10.46,-0.02,177,185706,卖盘
1370,13:32:18,10.48,0.01,208,217984,买盘
1371,13:32:15,10.47,--,23,24081,卖盘
1372,13:32:12,10.47,-0.01,19,19893,卖盘
1373,13:32:09,10.48,0.01,3,3144,买盘
1374,13:32:06,10.47,-0.01,10,10470,卖盘
1375,13:32:03,10.48,0.01,19,19912,中性盘
1376,13:32:00,10.47,-0.01,62,64914,卖盘
1377,13:31:57,10.48,--,20,20960,买盘
1378,13:31:54,10.48,-0.01,222,232656,卖盘
1379,13:31:51,10.49,0.01,4,4196,买盘
1380,13:31:48,10.48,--,30,31440,卖盘
1381,13:31:42,10.48,-0.01,520,544960,卖盘
1382,13:31:39,10.49,0.01,27,28323,买盘
1383,13:31:36,10.48,-0.01,16,16768,卖盘
1384,13:31:30,10.49,--,2,3063,卖盘
1385,13:31:27,10.49,-0.01,12,12588,卖盘
1386,13:31:24,10.5,--,32,33600,买盘
1387,13:31:21,10.5,0.01,35,36750,买盘
1388,13:31:15,10.49,-0.01,131,137419,卖盘
1389,13:31:12,10.5,--,1,1050,买盘
1390,13:31:09,10.5,--,31,32550,买盘
1391,13:31:06,10.5,--,34,35700,买盘
1392,13:31:03,10.5,--,5,5250,买盘
1393,13:31:00,10.5,--,1,1050,买盘
1394,13:30:57,10.5,-0.01,94,98700,卖盘
1395,13:30:51,10.51,0.01,3,3153,买盘
1396,13:30:45,10.5,-0.02,92,96600,卖盘
1397,13:30:42,10.52,0.01,68,71536,买盘
1398,13:30:39,10.51,-0.01,92,96692,卖盘
1399,13:30:30,10.52,0.01,8,8416,买盘
1400,13:30:27,10.51,--,4,4204,卖盘
1401,13:30:24,10.51,-0.01,90,94590,卖盘
1402,13:30:21,10.52,0.01,1,1052,买盘
1403,13:30:18,10.51,0.01,82,86182,买盘
1404,13:30:12,10.5,--,1,1050,买盘
1405,13:30:09,10.5,--,51,53550,卖盘
1406,13:30:06,10.5,--,12,12600,卖盘
1407,13:30:03,10.5,--,108,113400,卖盘
1408,13:30:00,10.5,--,116,121800,买盘
1409,13:29:57,10.5,--,19,19950,买盘
1410,13:29:54,10.5,-0.01,44,46200,卖盘
1411,13:29:51,10.51,0.01,4,4204,买盘
1412,13:29:48,10.5,--,87,91350,卖盘
1413,13:29:39,10.5,-0.02,25,26250,卖盘
1414,13:29:36,10.52,--,2,2104,买盘
1415,13:29:33,10.52,0.03,42,44184,买盘
1416,13:29:27,10.49,-0.03,100,104900,卖盘
1417,13:29:21,10.52,0.02,305,320860,买盘
1418,13:29:18,10.5,-0.02,246,258300,卖盘
1419,13:29:15,10.52,--,100,105200,买盘
1420,13:29:12,10.52,0.01,1,1052,买盘
1421,13:29:06,10.51,--,4,4204,卖盘
1422,13:29:03,10.51,-0.01,102,107202,卖盘
1423,13:29:00,10.52,--,21,22092,买盘
1424,13:28:57,10.52,--,30,31560,买盘
1425,13:28:51,10.52,0.01,24,25248,买盘
1426,13:28:48,10.51,--,45,47295,卖盘
1427,13:28:45,10.51,--,5,5255,卖盘
1428,13:28:42,10.51,0.01,139,146173,买盘
1429,13:28:39,10.5,--,45,47250,卖盘
1430,13:28:36,10.5,--,13,13650,卖盘
1431,13:28:33,10.5,--,31,32550,卖盘
1432,13:28:30,10.5,--,88,92400,卖盘
1433,13:28:24,10.5,--,16,16800,卖盘
1434,13:28:21,10.5,--,49,51450,卖盘
1435,13:28:12,10.5,--,11,11550,卖盘
1436,13:28:09,10.5,-0.01,51,53550,卖盘
1437,13:28:00,10.51,0.01,27,28377,买盘
1438,13:27:57,10.5,--,89,93450,卖盘
1439,13:27:54,10.5,-0.01,29,30450,卖盘
1440,13:27:51,10.51,0.01,3,3153,买盘
1441,13:27:48,10.5,--,31,32550,卖盘
1442,13:27:42,10.5,-0.01,107,112350,卖盘
1443,13:27:36,10.51,0.01,5,5255,买盘
1444,13:27:33,10.5,--,69,72450,卖盘
1445,13:27:30,10.5,--,10,10500,卖盘
1446,13:27:24,10.5,-0.02,116,122766,卖盘
1447,13:27:21,10.52,--,2,2104,买盘
1448,13:27:18,10.52,0.01,13,13676,买盘
1449,13:27:15,10.51,--,15,15765,卖盘
1450,13:27:12,10.51,-0.01,27,28461,中性盘
1451,13:27:09,10.52,--,1,1052,买盘
1452,13:27:00,10.52,--,35,36820,买盘
1453,13:26:57,10.52,--,1,1052,买盘
1454,13:26:51,10.52,--,4,4208,买盘
1455,13:26:48,10.52,--,3,3156,卖盘
1456,13:26:42,10.52,0.02,21,22092,中性盘
1457,13:26:39,10.5,-0.02,23,24150,卖盘
1458,13:26:36,10.52,--,14,14728,卖盘
1459,13:26:30,10.52,0.03,81,85212,买盘
1460,13:26:24,10.49,-0.01,17,17833,卖盘
1461,13:26:21,10.5,--,9,9450,买盘
1462,13:26:18,10.5,--,64,67200,卖盘
1463,13:26:15,10.5,-0.02,24,25200,卖盘
1464,13:26:12,10.52,0.01,1,1052,买盘
1465,13:26:09,10.51,0.01,34,35734,买盘
1466,13:26:06,10.5,--,15,15750,卖盘
1467,13:26:00,10.5,-0.01,31,32550,卖盘
1468,13:25:57,10.51,0.01,43,45193,买盘
1469,13:25:54,10.5,--,22,23100,卖盘
1470,13:25:51,10.5,-0.01,16,16800,卖盘
1471,13:25:48,10.51,--,2,2102,买盘
1472,13:25:45,10.51,0.01,31,32581,中性盘
1473,13:25:42,10.5,--,129,135450,卖盘
1474,13:25:39,10.5,-0.02,29,30450,卖盘
1475,13:25:36,10.52,0.01,16,16832,买盘
1476,13:25:33,10.51,--,107,112457,买盘
1477,13:25:30,10.51,0.01,1,1051,买盘
1478,13:25:27,10.5,-0.01,10,10500,卖盘
1479,13:25:21,10.51,--,18,18918,买盘
1480,13:25:18,10.51,0.01,38,39938,买盘
1481,13:25:15,10.5,-0.01,49,51450,卖盘
1482,13:25:12,10.51,-0.01,142,149242,卖盘
1483,13:25:09,10.52,0.01,88,92576,买盘
1484,13:25:06,10.51,-0.01,504,529704,卖盘
1485,13:25:03,10.52,--,95,99940,买盘
1486,13:25:00,10.52,0.01,2,2104,买盘
1487,13:24:57,10.51,-0.01,11,11561,卖盘
1488,13:24:54,10.52,0.01,296,311392,买盘
1489,13:24:51,10.51,--,13,13663,买盘
1490,13:24:48,10.51,--,21,22071,买盘
1491,13:24:45,10.51,--,18,18918,买盘
1492,13:24:42,10.51,--,64,67264,买盘
1493,13:24:36,10.51,--,56,58856,卖盘
1494,13:24:33,10.51,-0.01,51,53601,卖盘
1495,13:24:30,10.52,0.01,12,12624,买盘
1496,13:24:27,10.51,-0.01,15,15765,卖盘
1497,13:24:24,10.52,0.01,3,3156,买盘
1498,13:24:18,10.51,-0.01,26,27326,卖盘
1499,13:24:15,10.52,0.01,2,2104,买盘
1500,13:24:12,10.51,-0.01,43,45193,卖盘
1501,13:24:09,10.52,0.01,89,93628,买盘
1502,13:24:03,10.51,-0.01,33,34683,卖盘
1503,13:24:00,10.52,--,1,1052,买盘
1504,13:23:57,10.52,--,41,43132,买盘
1505,13:23:54,10.52,-0.01,8,8416,卖盘
1506,13:23:51,10.53,0.02,5,5265,买盘
1507,13:23:48,10.51,-0.01,136,142936,卖盘
1508,13:23:42,10.52,-0.01,3,3156,买盘
1509,13:23:39,10.53,0.02,17,17901,买盘
1510,13:23:36,10.51,-0.02,93,97743,卖盘
1511,13:23:33,10.53,0.01,204,214812,买盘
1512,13:23:30,10.52,--,165,173580,买盘
1513,13:23:27,10.52,--,10,10520,买盘
1514,13:23:21,10.52,0.01,17,17884,买盘
1515,13:23:18,10.51,-0.01,47,49397,卖盘
1516,13:23:15,10.52,--,100,105200,买盘
1517,13:23:12,10.52,--,1,1052,买盘
1518,13:23:09,10.52,--,1,1052,买盘
1519,13:23:06,10.52,--,41,43132,买盘
1520,13:23:03,10.52,-0.01,2,2104,中性盘
1521,13:23:00,10.53,0.01,19,20007,买盘
1522,13:22:57,10.52,-0.01,9,9468,中性盘
1523,13:22:51,10.53,0.02,3,3159,买盘
1524,13:22:48,10.51,--,20,21020,卖盘
1525,13:22:45,10.51,-0.01,3,3153,卖盘
1526,13:22:42,10.52,-0.01,10,10520,中性盘
1527,13:22:39,10.53,--,63,66339,买盘
1528,13:22:36,10.53,0.01,35,36855,买盘
1529,13:22:33,10.52,--,7,7364,卖盘
1530,13:22:30,10.52,-0.01,88,92576,卖盘
1531,13:22:27,10.53,--,4,4212,买盘
1532,13:22:21,10.53,--,1,1053,买盘
1533,13:22:18,10.53,--,2,2106,买盘
1534,13:22:12,10.53,--,6,6318,买盘
1535,13:22:09,10.53,--,16,16848,买盘
1536,13:22:06,10.53,0.01,50,52650,买盘
1537,13:22:03,10.52,-0.01,10,10520,卖盘
1538,13:22:00,10.53,--,52,54756,买盘
1539,13:21:57,10.53,--,2,2106,买盘
1540,13:21:51,10.53,-0.01,16,16848,卖盘
1541,13:21:45,10.54,--,18,18972,买盘
1542,13:21:42,10.54,0.01,44,46375,买盘
1543,13:21:39,10.53,-0.01,72,75816,卖盘
1544,13:21:36,10.54,0.01,18,18972,买盘
1545,13:21:33,10.53,-0.01,2,2106,卖盘
1546,13:21:30,10.54,0.01,1,1054,买盘
1547,13:21:27,10.53,0.01,89,93717,买盘
1548,13:21:24,10.52,-0.01,88,92576,卖盘
1549,13:21:21,10.53,0.01,3,3159,买盘
1550,13:21:18,10.52,-0.01,43,45236,卖盘
1551,13:21:12,10.53,--,2,2106,买盘
1552,13:21:09,10.53,--,12,12636,买盘
1553,13:21:06,10.53,--,25,26325,买盘
1554,13:21:03,10.53,0.01,6,6318,买盘
1555,13:21:00,10.52,--,124,130448,买盘
1556,13:20:57,10.52,--,2,2104,买盘
1557,13:20:54,10.52,0.01,18,18936,买盘
1558,13:20:51,10.51,0.01,186,195486,买盘
1559,13:20:48,10.5,--,63,66150,卖盘
1560,13:20:45,10.5,-0.01,21,22050,卖盘
1561,13:20:42,10.51,--,14,14714,买盘
1562,13:20:39,10.51,0.01,14,14714,买盘
1563,13:20:36,10.5,-0.01,79,82950,卖盘
1564,13:20:33,10.51,0.01,51,53601,买盘
1565,13:20:30,10.5,--,61,64050,买盘
1566,13:20:27,10.5,--,1,1050,买盘
1567,13:20:24,10.5,0.02,28,29400,买盘
1568,13:20:21,10.48,--,88,92224,卖盘
1569,13:20:18,10.48,-0.02,89,93272,卖盘
1570,13:20:15,10.5,0.01,114,119700,买盘
1571,13:20:12,10.49,0.01,30,31470,买盘
1572,13:20:09,10.48,-0.01,67,70216,卖盘
1573,13:20:06,10.49,--,59,61891,买盘
1574,13:20:03,10.49,--,6,6294,买盘
1575,13:20:00,10.49,--,3,3147,买盘
1576,13:19:57,10.49,--,33,34617,买盘
1577,13:19:54,10.49,--,117,122733,买盘
1578,13:19:51,10.49,0.01,21,22029,买盘
1579,13:19:48,10.48,-0.01,212,222176,卖盘
1580,13:19:45,10.49,0.01,89,93361,买盘
1581,13:19:42,10.48,--,99,103752,买盘
1582,13:19:36,10.48,-0.01,94,98512,卖盘
1583,13:19:33,10.49,--,2,2098,买盘
1584,13:19:30,10.49,0.01,211,221339,买盘
1585,13:19:27,10.48,0.02,10,10480,中性盘
1586,13:19:24,10.46,-0.01,337,352502,卖盘
1587,13:19:21,10.47,--,328,343416,卖盘
1588,13:19:18,10.47,--,273,285831,买盘
1589,13:19:15,10.47,--,194,203118,买盘
1590,13:19:12,10.47,--,131,137157,买盘
1591,13:19:09,10.47,--,89,93183,买盘
1592,13:19:06,10.47,--,134,140298,卖盘
1593,13:19:03,10.47,-0.01,37,38739,卖盘
1594,13:19:00,10.48,--,288,301824,买盘
1595,13:18:57,10.48,0.01,61,63928,买盘
1596,13:18:54,10.47,--,10,10470,卖盘
1597,13:18:51,10.47,-0.01,305,319335,卖盘
1598,13:18:48,10.48,0.02,431,451688,买盘
1599,13:18:45,10.46,-0.01,30,31380,卖盘
1600,13:18:42,10.47,--,103,107841,买盘
1601,13:18:39,10.47,--,25,26175,买盘
1602,13:18:36,10.47,--,269,281643,卖盘
1603,13:18:33,10.47,-0.01,53,55491,卖盘
1604,13:18:30,10.48,0.01,31,32488,买盘
1605,13:18:27,10.47,--,102,106794,卖盘
1606,13:18:24,10.47,-0.01,70,73290,卖盘
1607,13:18:21,10.48,--,107,112136,买盘
1608,13:18:18,10.48,--,10,10480,买盘
1609,13:18:15,10.48,--,578,605744,买盘
1610,13:18:12,10.48,-0.01,1249,1308952,卖盘
1611,13:18:09,10.49,--,14,14686,买盘
1612,13:18:06,10.49,-0.01,125,131125,卖盘
1613,13:18:03,10.5,--,42,44100,买盘
1614,13:18:00,10.5,-0.01,56,58800,买盘
1615,13:17:57,10.51,--,15,15765,买盘
1616,13:17:54,10.51,0.02,38,39938,买盘
1617,13:17:51,10.49,--,37,38813,买盘
1618,13:17:48,10.49,-0.02,26,27274,卖盘
1619,13:17:45,10.51,--,1,1051,买盘
1620,13:17:42,10.51,0.01,82,86182,买盘
1621,13:17:39,10.5,--,116,121800,买盘
1622,13:17:36,10.5,--,103,108150,卖盘
1623,13:17:33,10.5,-0.01,55,57750,卖盘
1624,13:17:30,10.51,--,1925,2023175,买盘
1625,13:17:27,10.51,--,29,30479,买盘
1626,13:17:24,10.51,0.01,4,4204,买盘
1627,13:17:21,10.5,--,64,67200,卖盘
1628,13:17:18,10.5,--,94,98700,卖盘
1629,13:17:15,10.5,-0.01,116,121800,卖盘
1630,13:17:12,10.51,--,315,331065,买盘
1631,13:17:09,10.51,--,280,294280,卖盘
1632,13:17:06,10.51,--,9,9459,卖盘
1633,13:17:03,10.51,--,77,80927,卖盘
1634,13:17:00,10.51,--,180,189180,卖盘
1635,13:16:57,10.51,-0.01,131,137681,卖盘
1636,13:16:54,10.52,0.01,65,68380,买盘
1637,13:16:51,10.51,-0.01,429,450879,卖盘
1638,13:16:48,10.52,-0.01,510,536520,卖盘
1639,13:16:45,10.53,--,3,3159,买盘
1640,13:16:42,10.53,--,40,42120,买盘
1641,13:16:39,10.53,--,260,273780,买盘
1642,13:16:36,10.53,-0.01,213,225278,卖盘
1643,13:16:33,10.54,0.01,15,15809,买盘
1644,13:16:30,10.53,--,91,95823,卖盘
1645,13:16:27,10.53,-0.01,6,6318,卖盘
1646,13:16:24,10.54,--,1,1054,买盘
1647,13:16:21,10.54,0.01,5,5270,买盘
1648,13:16:18,10.53,--,7,7371,卖盘
1649,13:16:15,10.53,-0.01,65,68445,卖盘
1650,13:16:12,10.54,--,1,1054,买盘
1651,13:16:09,10.54,0.01,42,44268,买盘
1652,13:16:06,10.53,--,99,104310,卖盘
1653,13:16:03,10.53,-0.01,44,46332,卖盘
1654,13:16:00,10.54,--,14,14755,买盘
1655,13:15:57,10.54,0.01,1,1054,买盘
1656,13:15:54,10.53,-0.01,11,11583,卖盘
1657,13:15:51,10.54,-0.01,5,5270,中性盘
1658,13:15:45,10.55,0.01,16,16880,买盘
1659,13:15:42,10.54,-0.01,4,4216,卖盘
1660,13:15:39,10.55,--,1,1055,买盘
1661,13:15:36,10.55,--,10,10550,买盘
1662,13:15:33,10.55,--,186,196230,买盘
1663,13:15:30,10.55,--,31,32705,买盘
1664,13:15:27,10.55,--,12,12660,买盘
1665,13:15:24,10.55,-0.01,1,1055,中性盘
1666,13:15:21,10.56,--,501,529056,买盘
1667,13:15:18,10.56,0.01,11,11616,买盘
1668,13:15:15,10.55,--,6,6330,卖盘
1669,13:15:12,10.55,-0.01,8,8440,卖盘
1670,13:15:09,10.56,--,22,23232,买盘
1671,13:15:06,10.56,0.01,8,8448,买盘
1672,13:15:00,10.55,-0.01,4,4220,卖盘
1673,13:14:57,10.56,--,22,23232,买盘
1674,13:14:54,10.56,-0.01,293,309408,卖盘
1675,13:14:51,10.57,--,6,6342,买盘
1676,13:14:48,10.57,--,19,20083,买盘
1677,13:14:45,10.57,--,1,1057,买盘
1678,13:14:42,10.57,-0.01,9,9513,卖盘
1679,13:14:39,10.58,0.01,10,10580,买盘
1680,13:14:36,10.57,-0.01,1,1057,卖盘
1681,13:14:33,10.58,-0.01,88,93104,卖盘
1682,13:14:30,10.59,0.01,17,18003,买盘
1683,13:14:27,10.58,-0.01,1,1058,卖盘
1684,13:14:24,10.59,0.01,12,12708,买盘
1685,13:14:21,10.58,--,21,22218,卖盘
1686,13:14:18,10.58,--,16,16928,卖盘
1687,13:14:15,10.58,-0.01,66,69828,卖盘
1688,13:14:12,10.59,--,2,2118,买盘
1689,13:14:09,10.59,--,39,41301,买盘
1690,13:14:06,10.59,--,23,24357,买盘
1691,13:14:03,10.59,-0.01,60,63540,卖盘
1692,13:14:00,10.6,0.01,126,133560,买盘
1693,13:13:57,10.59,--,25,26475,卖盘
1694,13:13:54,10.59,--,17,18003,卖盘
1695,13:13:51,10.59,--,162,171558,买盘
1696,13:13:45,10.59,0.01,1,1059,买盘
1697,13:13:42,10.58,--,49,51842,卖盘
1698,13:13:39,10.58,--,20,21160,卖盘
1699,13:13:36,10.58,-0.01,33,34914,卖盘
1700,13:13:30,10.59,0.01,21,22239,买盘
1701,13:13:27,10.58,-0.01,14,14812,卖盘
1702,13:13:24,10.59,0.01,1,1059,买盘
1703,13:13:21,10.58,--,22,23276,卖盘
1704,13:13:18,10.58,0.01,50,52900,买盘
1705,13:13:15,10.57,--,44,46508,卖盘
1706,13:13:12,10.57,-0.01,2,2114,卖盘
1707,13:13:09,10.58,--,1,1058,买盘
1708,13:13:06,10.58,--,29,30682,买盘
1709,13:13:00,10.58,0.01,1,1058,买盘
1710,13:12:57,10.57,--,84,88788,买盘
1711,13:12:51,10.57,--,5,5285,买盘
1712,13:12:45,10.57,--,135,142695,买盘
1713,13:12:42,10.57,0.01,15,15855,买盘
1714,13:12:36,10.56,-0.01,57,60192,卖盘
1715,13:12:33,10.57,0.01,3,3171,买盘
1716,13:12:24,10.56,--,100,105600,卖盘
1717,13:12:21,10.56,--,15,15840,卖盘
1718,13:12:18,10.56,-0.01,201,212256,卖盘
1719,13:12:15,10.57,--,14,14798,买盘
1720,13:12:12,10.57,--,1,1057,买盘
1721,13:12:09,10.57,0.01,142,150094,买盘
1722,13:12:06,10.56,--,1,1056,卖盘
1723,13:12:03,10.56,--,22,23232,卖盘
1724,13:12:00,10.56,-0.01,18,19008,卖盘
1725,13:11:57,10.57,0.01,56,59192,买盘
1726,13:11:54,10.56,-0.01,5,5280,卖盘
1727,13:11:51,10.57,--,6,6342,买盘
1728,13:11:48,10.57,0.01,11,11627,买盘
1729,13:11:45,10.56,-0.01,5,5280,卖盘
1730,13:11:42,10.57,--,32,33824,买盘
1731,13:11:39,10.57,0.01,7,7399,买盘
1732,13:11:36,10.56,--,98,103488,买盘
1733,13:11:33,10.56,--,20,21120,买盘
1734,13:11:27,10.56,-0.01,26,27456,卖盘
1735,13:11:24,10.57,--,56,59192,买盘
1736,13:11:21,10.57,0.02,1,1057,买盘
1737,13:11:18,10.55,-0.02,79,83345,卖盘
1738,13:11:15,10.57,0.01,126,133182,买盘
1739,13:11:12,10.56,-0.01,6,6336,卖盘
1740,13:11:09,10.57,--,15,15855,买盘
1741,13:11:06,10.57,0.01,71,75047,买盘
1742,13:11:00,10.56,--,1,1056,买盘
1743,13:10:57,10.56,--,4,4224,买盘
1744,13:10:51,10.56,--,28,29568,买盘
1745,13:10:48,10.56,--,188,198528,买盘
1746,13:10:45,10.56,0.01,98,103488,买盘
1747,13:10:42,10.55,--,21,22155,卖盘
1748,13:10:39,10.55,--,71,74905,卖盘
1749,13:10:36,10.55,--,9,9495,卖盘
1750,13:10:33,10.55,--,210,221550,买盘
1751,13:10:30,10.55,--,22,23210,买盘
1752,13:10:27,10.55,--,10,10550,买盘
1753,13:10:21,10.55,--,9,9495,买盘
1754,13:10:18,10.55,-0.01,390,411450,卖盘
1755,13:10:15,10.56,0.01,93,98208,买盘
1756,13:10:12,10.55,-0.01,42,44310,卖盘
1757,13:10:09,10.56,--,1,1056,买盘
1758,13:10:06,10.56,--,59,62304,买盘
1759,13:10:00,10.56,--,3,3168,买盘
1760,13:09:57,10.56,--,5,5280,买盘
1761,13:09:51,10.56,0.01,4,4224,买盘
1762,13:09:48,10.55,-0.01,26,27430,卖盘
1763,13:09:45,10.56,--,71,74976,买盘
1764,13:09:42,10.56,0.01,38,40128,买盘
1765,13:09:36,10.55,--,40,42200,卖盘
1766,13:09:33,10.55,-0.01,26,27430,卖盘
1767,13:09:30,10.56,0.01,22,23232,买盘
1768,13:09:24,10.55,-0.01,11,11605,卖盘
1769,13:09:21,10.56,-0.01,204,215424,卖盘
1770,13:09:18,10.57,0.01,16,16912,买盘
1771,13:09:15,10.56,--,2,2112,卖盘
1772,13:09:12,10.56,--,21,22176,买盘
1773,13:09:09,10.56,--,1,1056,买盘
1774,13:09:06,10.56,-0.01,42,44352,中性盘
1775,13:09:03,10.57,0.02,2,2114,买盘
1776,13:09:00,10.55,-0.02,22,23210,卖盘
1777,13:08:57,10.57,0.01,1,1057,买盘
1778,13:08:51,10.56,--,4,4224,卖盘
1779,13:08:48,10.56,--,49,51744,卖盘
1780,13:08:45,10.56,--,10,10560,卖盘
1781,13:08:42,10.56,--,38,40128,卖盘
1782,13:08:36,10.56,--,25,26400,卖盘
1783,13:08:33,10.56,-0.01,85,89760,卖盘
1784,13:08:30,10.57,0.01,15,15855,买盘
1785,13:08:27,10.56,--,132,139392,卖盘
1786,13:08:24,10.56,0.01,371,391776,买盘
1787,13:08:21,10.55,--,96,101280,卖盘
1788,13:08:18,10.55,--,545,574975,卖盘
1789,13:08:15,10.55,--,19,20045,卖盘
1790,13:08:12,10.55,-0.01,3,3165,卖盘
1791,13:08:09,10.56,0.01,1,1056,买盘
1792,13:08:06,10.55,-0.01,115,121325,卖盘
1793,13:08:00,10.56,--,202,213312,卖盘
1794,13:07:57,10.56,--,6,6336,卖盘
1795,13:07:54,10.56,-0.01,1,1056,卖盘
1796,13:07:51,10.57,0.01,4,4228,买盘
1797,13:07:48,10.56,--,30,31680,卖盘
1798,13:07:45,10.56,-0.01,15,15840,卖盘
1799,13:07:42,10.57,--,12,12684,卖盘
1800,13:07:39,10.57,--,7,7399,卖盘
1801,13:07:27,10.57,--,10,10570,卖盘
1802,13:07:24,10.57,-0.01,204,215628,卖盘
1803,13:07:21,10.58,0.01,10,10580,买盘
1804,13:07:15,10.57,--,5,5285,卖盘
1805,13:07:12,10.57,-0.01,11,11627,卖盘
1806,13:07:09,10.58,--,1,1058,买盘
1807,13:07:03,10.58,--,286,302588,买盘
1808,13:07:00,10.58,--,4,4232,买盘
1809,13:06:57,10.58,--,6,6348,买盘
1810,13:06:54,10.58,-0.01,218,230644,卖盘
1811,13:06:51,10.59,0.01,104,110136,买盘
1812,13:06:45,10.58,-0.01,16,16928,卖盘
1813,13:06:42,10.59,0.01,1,1059,买盘
1814,13:06:39,10.58,--,10,10580,卖盘
1815,13:06:36,10.58,--,1,1058,卖盘
1816,13:06:33,10.58,--,26,27508,卖盘
1817,13:06:30,10.58,-0.01,40,42320,卖盘
1818,13:06:24,10.59,--,14,14826,买盘
1819,13:06:21,10.59,--,1,1059,买盘
1820,13:06:18,10.59,0.01,3,3177,买盘
1821,13:06:12,10.58,-0.01,2,2116,卖盘
1822,13:06:09,10.59,-0.01,1,1059,中性盘
1823,13:06:03,10.6,0.01,600,636000,买盘
1824,13:06:00,10.59,--,1,1059,买盘
1825,13:05:57,10.59,0.01,1,1059,买盘
1826,13:05:54,10.58,-0.01,15,15870,卖盘
1827,13:05:51,10.59,--,17,18003,卖盘
1828,13:05:48,10.59,--,200,211800,卖盘
1829,13:05:45,10.59,--,28,29652,卖盘
1830,13:05:42,10.59,--,54,57186,卖盘
1831,13:05:39,10.59,--,6,6354,卖盘
1832,13:05:36,10.59,-0.01,4,4236,卖盘
1833,13:05:33,10.6,--,1,1060,买盘
1834,13:05:21,10.6,--,1,1060,买盘
1835,13:05:18,10.6,0.01,14,14840,买盘
1836,13:05:15,10.59,--,1,1059,卖盘
1837,13:05:12,10.59,-0.01,51,54009,卖盘
1838,13:05:09,10.6,0.01,1,1060,买盘
1839,13:05:06,10.59,-0.01,15,15885,卖盘
1840,13:05:00,10.6,--,73,77380,买盘
1841,13:04:57,10.6,--,1,1060,买盘
1842,13:04:54,10.6,0.01,2,2120,买盘
1843,13:04:51,10.59,--,10,10590,卖盘
1844,13:04:48,10.59,--,101,106959,卖盘
1845,13:04:45,10.59,--,24,25416,卖盘
1846,13:04:42,10.59,-0.01,2,2118,卖盘
1847,13:04:39,10.6,0.01,11,11660,买盘
1848,13:04:36,10.59,-0.01,102,108018,卖盘
1849,13:04:33,10.6,--,7,7420,买盘
1850,13:04:30,10.6,--,1,1060,买盘
1851,13:04:27,10.6,--,14,14840,买盘
1852,13:04:18,10.6,--,20,21836,卖盘
1853,13:04:15,10.6,-0.01,16,16960,卖盘
1854,13:04:12,10.61,--,3,3183,买盘
1855,13:04:09,10.61,0.01,3,3607,买盘
1856,13:04:06,10.6,-0.01,1,1060,卖盘
1857,13:04:00,10.61,0.01,62,65782,买盘
1858,13:03:57,10.6,--,1,1060,卖盘
1859,13:03:54,10.6,-0.01,14,14840,卖盘
1860,13:03:51,10.61,0.01,2,2122,买盘
1861,13:03:48,10.6,--,10,10600,卖盘
1862,13:03:45,10.6,--,10,10600,卖盘
1863,13:03:39,10.6,--,7,7420,卖盘
1864,13:03:33,10.6,-0.01,16,16960,卖盘
1865,13:03:30,10.61,0.01,6,6366,买盘
1866,13:03:24,10.6,-0.01,9,9540,卖盘
1867,13:03:21,10.61,0.01,1,1061,买盘
1868,13:03:18,10.6,--,121,128260,卖盘
1869,13:03:12,10.6,--,15,15900,卖盘
1870,13:03:09,10.6,--,1,1060,卖盘
1871,13:03:06,10.6,-0.01,1,1060,卖盘
1872,13:03:00,10.61,0.01,80,84880,买盘
1873,13:02:57,10.6,-0.01,3,3180,卖盘
1874,13:02:54,10.61,--,4,4244,买盘
1875,13:02:51,10.61,--,86,91246,卖盘
1876,13:02:48,10.61,-0.01,20,21220,卖盘
1877,13:02:42,10.62,0.01,1,1062,买盘
1878,13:02:39,10.61,--,2,2122,卖盘
1879,13:02:36,10.61,-0.01,10,10610,卖盘
1880,13:02:30,10.62,0.01,15,15929,买盘
1881,13:02:24,10.61,-0.01,3,3183,卖盘
1882,13:02:21,10.62,0.01,47,49913,买盘
1883,13:02:18,10.61,--,61,64721,卖盘
1884,13:02:15,10.61,-0.01,20,21220,卖盘
1885,13:02:12,10.62,--,1,1062,买盘
1886,13:02:09,10.62,--,24,25487,买盘
1887,13:02:06,10.62,--,3,3185,买盘
1888,13:02:00,10.62,0.01,2,2124,买盘
1889,13:01:57,10.61,-0.01,5,5305,卖盘
1890,13:01:54,10.62,--,2,2124,买盘
1891,13:01:51,10.62,--,33,35046,卖盘
1892,13:01:48,10.62,--,38,40356,卖盘
1893,13:01:45,10.62,--,15,15929,卖盘
1894,13:01:42,10.62,--,1,1062,卖盘
1895,13:01:39,10.62,--,1,1062,卖盘
1896,13:01:36,10.62,-0.01,24,25487,卖盘
1897,13:01:33,10.63,--,1,1063,买盘
1898,13:01:30,10.63,--,65,69095,买盘
1899,13:01:24,10.63,--,22,23386,买盘
1900,13:01:21,10.63,0.01,2,2126,买盘
1901,13:01:18,10.62,-0.01,4,4248,卖盘
1902,13:01:12,10.63,0.01,1,1063,买盘
1903,13:01:09,10.62,--,2,2124,卖盘
1904,13:01:06,10.62,-0.01,1,1062,卖盘
1905,13:01:00,10.63,--,1,1063,买盘
1906,13:00:57,10.63,--,19,20197,买盘
1907,13:00:51,10.63,0.01,15,15945,买盘
1908,13:00:48,10.62,--,1,1062,卖盘
1909,13:00:45,10.62,--,68,72216,买盘
1910,13:00:42,10.62,0.01,7,7433,买盘
1911,13:00:39,10.61,-0.01,1,1061,卖盘
1912,13:00:33,10.62,--,28,29735,买盘
1913,13:00:21,10.62,0.01,17,18054,买盘
1914,13:00:18,10.61,--,1,1061,卖盘
1915,13:00:15,10.61,-0.01,1,1061,买盘
1916,13:00:12,10.62,--,5,5310,买盘
1917,13:00:09,10.62,--,41,43542,买盘
1918,13:00:06,10.62,--,176,186912,买盘
1919,13:00:03,10.62,--,527,559674,卖盘
1920,13:00:00,10.62,--,0,0,卖盘
1921,11:30:00,10.62,--,0,0,卖盘
1922,11:29:57,10.62,-0.02,1,1062,卖盘
1923,11:29:54,10.64,0.02,40,42560,买盘
1924,11:29:51,10.62,0.01,2,2124,买盘
1925,11:29:48,10.61,-0.01,11,11671,卖盘
1926,11:29:45,10.62,-0.02,5,5310,买盘
1927,11:29:39,10.64,0.02,1,1064,买盘
1928,11:29:36,10.62,--,21,22302,中性盘
1929,11:29:33,10.62,--,3,3185,卖盘
1930,11:29:30,10.62,--,17,18054,卖盘
1931,11:29:27,10.62,--,10,10620,卖盘
1932,11:29:24,10.62,-0.01,14,14867,卖盘
1933,11:29:21,10.63,0.02,9,9567,买盘
1934,11:29:18,10.61,--,9,9549,卖盘
1935,11:29:15,10.61,-0.02,18,19098,卖盘
1936,11:29:12,10.63,0.02,2,2126,买盘
1937,11:29:09,10.61,--,9,9549,卖盘
1938,11:29:03,10.61,-0.02,14,14854,卖盘
1939,11:29:00,10.63,-0.01,5,5315,买盘
1940,11:28:57,10.64,--,1,1064,买盘
1941,11:28:54,10.64,--,70,74480,买盘
1942,11:28:51,10.64,--,5,5320,买盘
1943,11:28:48,10.64,--,6,6384,卖盘
1944,11:28:45,10.64,0.04,14,14896,买盘
1945,11:28:42,10.6,-0.04,149,157940,卖盘
1946,11:28:39,10.64,--,66,70224,卖盘
1947,11:28:33,10.64,-0.01,3,3192,卖盘
1948,11:28:30,10.65,0.01,51,54315,买盘
1949,11:28:27,10.64,-0.01,25,26600,卖盘
1950,11:28:24,10.65,--,23,24495,买盘
1951,11:28:21,10.65,-0.01,90,95850,卖盘
1952,11:28:18,10.66,0.01,80,85280,买盘
1953,11:28:15,10.65,--,155,165075,卖盘
1954,11:28:12,10.65,--,2,2130,卖盘
1955,11:28:09,10.65,--,2,2130,卖盘
1956,11:28:06,10.65,--,67,71355,卖盘
1957,11:28:03,10.65,--,5,5325,卖盘
1958,11:28:00,10.65,--,43,45795,买盘
1959,11:27:57,10.65,--,12,12780,买盘
1960,11:27:54,10.65,--,80,85200,买盘
1961,11:27:51,10.65,--,5,5325,买盘
1962,11:27:48,10.65,0.01,46,48990,买盘
1963,11:27:45,10.64,0.01,28,29792,买盘
1964,11:27:42,10.63,-0.01,7,7441,卖盘
1965,11:27:39,10.64,-0.01,5,5320,中性盘
1966,11:27:33,10.65,0.02,10,10650,买盘
1967,11:27:30,10.63,--,6,6378,中性盘
1968,11:27:27,10.63,-0.02,28,29764,中性盘
1969,11:27:24,10.65,0.02,3010,3205650,买盘
1970,11:27:21,10.63,0.01,63,66969,买盘
1971,11:27:18,10.62,-0.01,25,26549,卖盘
1972,11:27:15,10.63,0.01,501,532563,买盘
1973,11:27:12,10.62,--,22,23364,卖盘
1974,11:27:09,10.62,--,19,20178,卖盘
1975,11:27:06,10.62,--,200,212399,卖盘
1976,11:27:03,10.62,0.01,1265,1343430,买盘
1977,11:27:00,10.61,--,87,92307,卖盘
1978,11:26:51,10.61,0.01,42,44562,买盘
1979,11:26:48,10.6,--,10,10600,卖盘
1980,11:26:42,10.6,-0.01,12,12720,卖盘
1981,11:26:33,10.61,--,1,1061,买盘
1982,11:26:27,10.61,0.01,39,41379,买盘
1983,11:26:24,10.6,-0.01,12,12720,卖盘
1984,11:26:21,10.61,--,1,1061,买盘
1985,11:26:18,10.61,--,17,18037,买盘
1986,11:26:12,10.61,0.01,31,32891,买盘
1987,11:26:09,10.6,-0.01,10,10600,卖盘
1988,11:26:06,10.61,0.01,500,530500,买盘
1989,11:26:03,10.6,--,26,28429,买盘
1990,11:25:57,10.6,--,1,1060,买盘
1991,11:25:51,10.6,0.01,4,4240,买盘
1992,11:25:48,10.59,-0.01,11,11649,卖盘
1993,11:25:33,10.6,-0.01,95,100890,卖盘
1994,11:25:30,10.61,0.01,1,1061,买盘
1995,11:25:24,10.6,-0.01,15,15900,卖盘
1996,11:25:21,10.61,0.01,22,23342,买盘
1997,11:25:18,10.6,-0.01,11,11660,卖盘
1998,11:25:12,10.61,--,21,22281,买盘
1999,11:25:09,10.61,--,1,1061,买盘
2000,11:25:06,10.61,--,7,7427,买盘
2001,11:25:00,10.61,0.01,928,985478,买盘
2002,11:24:57,10.6,--,2,2120,买盘
2003,11:24:51,10.6,0.02,9,9540,买盘
2004,11:24:48,10.58,-0.02,11,11638,卖盘
2005,11:24:45,10.6,0.01,469,497140,买盘
2006,11:24:42,10.59,--,1,1059,买盘
2007,11:24:30,10.59,--,1,1059,买盘
2008,11:24:21,10.59,0.01,1,1059,买盘
2009,11:24:18,10.58,-0.01,26,27508,卖盘
2010,11:24:12,10.59,--,1,1059,买盘
2011,11:24:09,10.59,--,1,1059,买盘
2012,11:24:03,10.59,--,10,10590,买盘
2013,11:24:00,10.59,0.01,3,3177,买盘
2014,11:23:57,10.58,-0.01,22,23276,卖盘
2015,11:23:54,10.59,--,33,34947,买盘
2016,11:23:51,10.59,0.01,15,15885,买盘
2017,11:23:48,10.58,-0.01,10,10580,卖盘
2018,11:23:42,10.59,0.01,54,57186,买盘
2019,11:23:36,10.58,-0.01,16,16928,卖盘
2020,11:23:30,10.59,--,3,3177,买盘
2021,11:23:27,10.59,--,26,27534,买盘
2022,11:23:21,10.59,--,12,12708,买盘
2023,11:23:15,10.59,--,33,34947,买盘
2024,11:23:12,10.59,--,6,6354,买盘
2025,11:23:09,10.59,0.01,1,1059,买盘
2026,11:23:06,10.58,-0.01,15,15870,卖盘
2027,11:23:03,10.59,--,15,15885,买盘
2028,11:23:00,10.59,--,1,1059,买盘
2029,11:22:57,10.59,--,1,1059,买盘
2030,11:22:51,10.59,--,15,15885,买盘
2031,11:22:45,10.59,-0.01,259,274916,卖盘
2032,11:22:42,10.6,0.01,1,1060,买盘
2033,11:22:36,10.59,-0.01,1,1059,卖盘
2034,11:22:33,10.6,0.01,1,1060,买盘
2035,11:22:30,10.59,-0.01,0,423,卖盘
2036,11:22:27,10.6,--,513,543780,买盘
2037,11:22:21,10.6,0.01,38,40280,买盘
2038,11:22:18,10.59,-0.01,10,10590,卖盘
2039,11:22:12,10.6,--,1,1060,买盘
2040,11:22:09,10.6,--,1,1060,买盘
2041,11:22:00,10.6,--,12,12720,买盘
2042,11:21:51,10.6,0.01,15,15900,买盘
2043,11:21:48,10.59,-0.01,100,105900,卖盘
2044,11:21:45,10.6,--,10,10600,买盘
2045,11:21:42,10.6,--,8,8480,买盘
2046,11:21:36,10.6,--,8,8480,买盘
2047,11:21:33,10.6,--,1,1060,买盘
2048,11:21:27,10.6,--,32,33920,买盘
2049,11:21:24,10.6,--,2,2120,买盘
2050,11:21:21,10.6,0.01,1,1060,买盘
2051,11:21:18,10.59,--,15,15885,卖盘
2052,11:21:15,10.59,-0.01,50,52950,卖盘
2053,11:21:12,10.6,--,1,1060,买盘
2054,11:21:09,10.6,--,1,1060,买盘
2055,11:21:03,10.6,--,2,2120,买盘
2056,11:21:00,10.6,0.01,16,16960,买盘
2057,11:20:57,10.59,--,14,14826,卖盘
2058,11:20:54,10.59,-0.01,5,5295,卖盘
2059,11:20:51,10.6,--,14,14840,买盘
2060,11:20:42,10.6,0.01,27,28620,买盘
2061,11:20:33,10.59,--,3,3177,卖盘
2062,11:20:27,10.59,-0.01,25,26475,卖盘
2063,11:20:21,10.6,--,7,8034,卖盘
2064,11:20:18,10.6,--,36,38160,卖盘
2065,11:20:15,10.6,--,20,21200,卖盘
2066,11:20:12,10.6,-0.01,12,12720,卖盘
2067,11:20:09,10.61,0.01,39,41379,买盘
2068,11:20:03,10.6,-0.01,16,16960,卖盘
2069,11:20:00,10.61,0.01,3,3183,买盘
2070,11:19:57,10.6,--,22,23320,卖盘
2071,11:19:54,10.6,-0.01,48,50880,卖盘
2072,11:19:51,10.61,0.01,104,110344,买盘
2073,11:19:48,10.6,--,41,43460,卖盘
2074,11:19:45,10.6,--,24,25440,卖盘
2075,11:19:42,10.6,--,42,44520,卖盘
2076,11:19:36,10.6,--,100,106000,卖盘
2077,11:19:33,10.6,--,35,37100,卖盘
2078,11:19:27,10.6,--,141,149460,卖盘
2079,11:19:24,10.6,-0.01,21,22260,卖盘
2080,11:19:21,10.61,0.01,49,51989,买盘
2081,11:19:18,10.6,-0.01,50,53000,卖盘
2082,11:19:15,10.61,--,2,2122,买盘
2083,11:19:12,10.61,0.01,21,22281,买盘
2084,11:19:09,10.6,--,6,6360,卖盘
2085,11:19:06,10.6,--,7,7420,卖盘
2086,11:19:03,10.6,-0.01,13,13780,卖盘
2087,11:19:00,10.61,--,1,1061,买盘
2088,11:18:57,10.61,0.01,1,1061,买盘
2089,11:18:54,10.6,-0.01,1,1060,卖盘
2090,11:18:51,10.61,0.01,3,3183,买盘
2091,11:18:42,10.6,-0.01,157,166420,卖盘
2092,11:18:39,10.61,--,17,18037,买盘
2093,11:18:33,10.61,--,13,13793,买盘
2094,11:18:30,10.61,0.01,1,1061,买盘
2095,11:18:27,10.6,-0.01,10,10600,卖盘
2096,11:18:24,10.61,0.01,27,28647,买盘
2097,11:18:21,10.6,--,37,39220,卖盘
2098,11:18:18,10.6,-0.01,36,38160,卖盘
2099,11:18:12,10.61,--,1,1061,买盘
2100,11:18:09,10.61,--,6,6408,买盘
2101,11:18:06,10.61,--,21,22281,卖盘
2102,11:18:03,10.61,--,34,36074,卖盘
2103,11:18:00,10.61,-0.01,9,9549,卖盘
2104,11:17:57,10.62,0.01,1,1062,买盘
2105,11:17:54,10.61,--,26,27586,买盘
2106,11:17:51,10.61,--,8,8488,买盘
2107,11:17:48,10.61,0.01,38,40318,买盘
2108,11:17:45,10.6,-0.01,116,122960,卖盘
2109,11:17:33,10.61,--,26,27586,买盘
2110,11:17:21,10.61,--,1,1061,买盘
2111,11:17:12,10.61,--,1,1061,买盘
2112,11:17:09,10.61,0.01,17,18037,买盘
2113,11:17:06,10.6,--,12,12720,卖盘
2114,11:17:03,10.6,--,12,12720,卖盘
2115,11:16:57,10.6,--,12,12720,卖盘
2116,11:16:51,10.6,--,163,172780,卖盘
2117,11:16:48,10.6,-0.01,25,26500,卖盘
2118,11:16:42,10.61,--,1,1061,买盘
2119,11:16:39,10.61,--,1,1061,买盘
2120,11:16:36,10.61,-0.01,5,5305,卖盘
2121,11:16:33,10.62,--,15,15929,买盘
2122,11:16:27,10.62,--,2,2124,买盘
2123,11:16:21,10.62,--,6,6371,买盘
2124,11:16:12,10.62,0.02,1,1062,买盘
2125,11:16:09,10.6,--,81,85860,卖盘
2126,11:16:06,10.6,--,12,12720,卖盘
2127,11:16:03,10.6,-0.02,10,10600,卖盘
2128,11:16:00,10.62,--,2,2124,买盘
2129,11:15:57,10.62,--,1,1062,买盘
2130,11:15:51,10.62,--,22,23364,买盘
2131,11:15:48,10.62,--,54,57347,买盘
2132,11:15:45,10.62,0.02,2,2124,买盘
2133,11:15:36,10.6,-0.02,11,11660,卖盘
2134,11:15:33,10.62,--,1,1062,买盘
2135,11:15:27,10.62,--,11,11682,买盘
2136,11:15:21,10.62,--,116,123191,买盘
2137,11:15:18,10.62,--,28,29735,买盘
2138,11:15:12,10.62,--,1,1062,买盘
2139,11:15:09,10.62,0.01,1,1062,买盘
2140,11:15:06,10.61,-0.01,16,16976,卖盘
2141,11:15:03,10.62,--,2,2124,买盘
2142,11:15:00,10.62,--,1,1062,买盘
2143,11:14:57,10.62,0.01,738,783756,买盘
2144,11:14:51,10.61,0.01,8,8488,买盘
2145,11:14:48,10.6,-0.02,35,37100,卖盘
2146,11:14:42,10.62,--,1,1062,买盘
2147,11:14:39,10.62,0.01,73,77526,买盘
2148,11:14:36,10.61,-0.01,1,1061,中性盘
2149,11:14:30,10.62,0.02,25,26549,买盘
2150,11:14:24,10.6,-0.01,535,567100,卖盘
2151,11:14:21,10.61,--,1,1061,买盘
2152,11:14:18,10.61,--,84,89124,买盘
2153,11:14:15,10.61,0.01,190,201590,买盘
2154,11:14:12,10.6,-0.01,11,11660,卖盘
2155,11:14:09,10.61,--,1,1061,买盘
2156,11:14:00,10.61,--,1,1061,买盘
2157,11:13:51,10.61,0.01,11,11671,买盘
2158,11:13:42,10.6,-0.01,11,11660,卖盘
2159,11:13:36,10.61,--,12,12732,买盘
2160,11:13:30,10.61,--,11,11671,买盘
2161,11:13:24,10.61,--,1,1061,买盘
2162,11:13:21,10.61,0.01,39,41379,买盘
2163,11:13:12,10.6,-0.01,13,13780,卖盘
2164,11:13:09,10.61,--,1,1061,买盘
2165,11:13:00,10.61,--,2,2122,买盘
2166,11:12:57,10.61,--,5,5305,买盘
2167,11:12:54,10.61,--,102,108222,买盘
2168,11:12:51,10.61,0.01,39,41379,买盘
2169,11:12:42,10.6,-0.01,11,11660,卖盘
2170,11:12:39,10.61,--,50,53050,买盘
2171,11:12:30,10.61,--,22,23342,卖盘
2172,11:12:24,10.61,-0.01,25,26525,卖盘
2173,11:12:21,10.62,0.01,60,63719,买盘
2174,11:12:18,10.61,--,24,25464,卖盘
2175,11:12:15,10.61,-0.01,79,83819,卖盘
2176,11:12:12,10.62,--,14,14867,买盘
2177,11:12:09,10.62,--,15,15929,买盘
2178,11:12:00,10.62,--,11,11682,买盘
2179,11:11:57,10.62,--,1,1062,买盘
2180,11:11:51,10.62,--,3,3185,买盘
2181,11:11:48,10.62,--,51,54161,买盘
2182,11:11:45,10.62,--,14,14867,买盘
2183,11:11:42,10.62,--,5,5310,买盘
2184,11:11:36,10.62,--,17,18054,买盘
2185,11:11:33,10.62,--,108,114695,买盘
2186,11:11:30,10.62,0.01,2,2124,买盘
2187,11:11:21,10.61,--,11,11671,卖盘
2188,11:11:18,10.61,-0.01,11,11671,卖盘
2189,11:11:15,10.62,--,19,20178,买盘
2190,11:11:12,10.62,--,1,1062,买盘
2191,11:11:09,10.62,0.01,1,1062,买盘
2192,11:11:03,10.61,-0.01,14,14854,卖盘
2193,11:11:00,10.62,--,11,11682,买盘
2194,11:10:57,10.62,0.01,121,128501,买盘
2195,11:10:51,10.61,--,712,755432,买盘
2196,11:10:48,10.61,--,13,13793,买盘
2197,11:10:45,10.61,--,6,6366,买盘
2198,11:10:42,10.61,0.01,42,44562,买盘
2199,11:10:39,10.6,--,309,327942,买盘
2200,11:10:36,10.6,--,74,78440,买盘
2201,11:10:33,10.6,--,152,161120,买盘
2202,11:10:24,10.6,--,44,46640,买盘
2203,11:10:21,10.6,--,47,49820,买盘
2204,11:10:18,10.6,--,12,12720,买盘
2205,11:10:15,10.6,--,71,75260,买盘
2206,11:10:12,10.6,--,266,281960,买盘
2207,11:10:09,10.6,--,2,2120,买盘
2208,11:10:06,10.6,--,3,3180,买盘
2209,11:10:00,10.6,--,16,16960,买盘
2210,11:09:57,10.6,--,2,2120,买盘
2211,11:09:54,10.6,--,116,122960,买盘
2212,11:09:51,10.6,--,112,118720,买盘
2213,11:09:48,10.6,--,111,117660,买盘
2214,11:09:45,10.6,--,1,1060,买盘
2215,11:09:42,10.6,--,4,4240,买盘
2216,11:09:36,10.6,--,2,2120,买盘
2217,11:09:33,10.6,--,6,6360,买盘
2218,11:09:30,10.6,0.01,565,598900,买盘
2219,11:09:27,10.59,-0.01,21,22239,卖盘
2220,11:09:24,10.6,--,2,2120,买盘
2221,11:09:21,10.6,--,14,14840,买盘
2222,11:09:18,10.6,--,6,6360,买盘
2223,11:09:15,10.6,0.01,28,29680,买盘
2224,11:09:12,10.59,-0.01,7,7413,卖盘
2225,11:09:09,10.6,--,1,1060,买盘
2226,11:09:06,10.6,--,1,1060,买盘
2227,11:09:03,10.6,--,12,12720,买盘
2228,11:09:00,10.6,--,5,5300,买盘
2229,11:08:57,10.6,--,2,2120,买盘
2230,11:08:51,10.6,0.01,18,19080,买盘
2231,11:08:48,10.59,-0.01,1,1059,卖盘
2232,11:08:45,10.6,--,319,338140,买盘
2233,11:08:42,10.6,0.01,3,3180,买盘
2234,11:08:39,10.59,-0.01,20,21180,卖盘
2235,11:08:36,10.6,--,11,11660,买盘
2236,11:08:33,10.6,--,1,1060,买盘
2237,11:08:30,10.6,--,2,2120,买盘
2238,11:08:27,10.6,0.01,1,1060,买盘
2239,11:08:24,10.59,--,15,15885,卖盘
2240,11:08:21,10.59,--,38,40242,卖盘
2241,11:08:18,10.59,-0.01,8,8472,卖盘
2242,11:08:15,10.6,--,1,1060,买盘
2243,11:08:12,10.6,--,2,2120,买盘
2244,11:08:09,10.6,--,1,1060,买盘
2245,11:08:06,10.6,0.01,1,1060,买盘
2246,11:08:03,10.59,-0.01,16,16944,卖盘
2247,11:08:00,10.6,--,17,18020,买盘
2248,11:07:57,10.6,--,9,9540,买盘
2249,11:07:51,10.6,--,18,19080,买盘
2250,11:07:45,10.6,--,1,1060,买盘
2251,11:07:42,10.6,0.01,3,3180,买盘
2252,11:07:39,10.59,-0.01,2,2118,卖盘
2253,11:07:36,10.6,--,1,1060,买盘
2254,11:07:33,10.6,--,31,32860,买盘
2255,11:07:30,10.6,--,2,2120,买盘
2256,11:07:27,10.6,--,1,1060,买盘
2257,11:07:21,10.6,--,26,27560,买盘
2258,11:07:18,10.6,--,18,19080,买盘
2259,11:07:15,10.6,--,3,3180,买盘
2260,11:07:12,10.6,--,2,2120,买盘
2261,11:07:09,10.6,--,477,505620,买盘
2262,11:07:06,10.6,--,1,1060,买盘
2263,11:07:00,10.6,0.02,3,3180,买盘
2264,11:06:57,10.58,-0.01,130,137540,卖盘
2265,11:06:54,10.59,-0.01,45,47813,卖盘
2266,11:06:51,10.6,--,4,4240,买盘
2267,11:06:45,10.6,--,25,26500,买盘
2268,11:06:42,10.6,--,121,128260,买盘
2269,11:06:36,10.6,0.01,2,2120,买盘
2270,11:06:33,10.59,-0.01,118,124962,卖盘
2271,11:06:30,10.6,0.01,2,2120,买盘
2272,11:06:27,10.59,-0.01,11,11649,卖盘
2273,11:06:21,10.6,0.01,1,1060,买盘
2274,11:06:18,10.59,--,83,87897,卖盘
2275,11:06:15,10.59,--,21,23139,卖盘
2276,11:06:12,10.59,-0.01,38,40242,卖盘
2277,11:06:09,10.6,0.01,1,1060,买盘
2278,11:06:06,10.59,--,131,138729,卖盘
2279,11:06:03,10.59,--,4,4236,卖盘
2280,11:06:00,10.59,--,13,13767,卖盘
2281,11:05:57,10.59,-0.01,70,74130,卖盘
2282,11:05:54,10.6,--,26,27560,买盘
2283,11:05:51,10.6,--,6,6360,买盘
2284,11:05:42,10.6,--,1,1060,买盘
2285,11:05:33,10.6,0.01,9,9540,买盘
2286,11:05:30,10.59,--,5,5295,卖盘
2287,11:05:27,10.59,-0.01,21,22239,卖盘
2288,11:05:24,10.6,--,30,31800,买盘
2289,11:05:21,10.6,--,1,1060,买盘
2290,11:05:15,10.6,--,17,18020,买盘
2291,11:05:12,10.6,0.01,1,1060,买盘
2292,11:05:09,10.59,--,46,48714,买盘
2293,11:05:06,10.59,--,8,8472,买盘
2294,11:05:00,10.59,--,1,1059,买盘
2295,11:04:57,10.59,--,72,76248,买盘
2296,11:04:54,10.59,--,60,63540,买盘
2297,11:04:51,10.59,--,3,3177,买盘
2298,11:04:42,10.59,--,51,54009,买盘
2299,11:04:36,10.59,--,252,266868,买盘
2300,11:04:33,10.59,0.01,28,29652,买盘
2301,11:04:30,10.58,-0.01,10,10580,卖盘
2302,11:04:27,10.59,--,3,3177,买盘
2303,11:04:24,10.59,0.01,130,137670,买盘
2304,11:04:21,10.58,-0.01,275,290950,卖盘
2305,11:04:12,10.59,--,16,16944,买盘
2306,11:04:09,10.59,0.01,1,1059,买盘
2307,11:04:06,10.58,--,2,2401,卖盘
2308,11:04:03,10.58,-0.01,60,64188,卖盘
2309,11:04:00,10.59,--,18,19062,买盘
2310,11:03:57,10.59,--,2,2118,买盘
2311,11:03:54,10.59,--,1,1059,买盘
2312,11:03:51,10.59,0.01,6,6354,买盘
2313,11:03:45,10.58,-0.01,15,15870,卖盘
2314,11:03:42,10.59,0.01,31,32829,买盘
2315,11:03:36,10.58,--,1,1058,卖盘
2316,11:03:33,10.58,-0.01,12,12696,卖盘
2317,11:03:30,10.59,--,25,26475,买盘
2318,11:03:27,10.59,--,100,105900,买盘
2319,11:03:21,10.59,--,1,1059,买盘
2320,11:03:18,10.59,--,11,11649,买盘
2321,11:03:15,10.59,--,1,1059,买盘
2322,11:03:12,10.59,--,1,1059,买盘
2323,11:03:09,10.59,0.01,1,1059,买盘
2324,11:03:06,10.58,--,12,12696,卖盘
2325,11:03:03,10.58,-0.01,11,11638,卖盘
2326,11:03:00,10.59,--,1,1059,买盘
2327,11:02:57,10.59,--,30,31770,买盘
2328,11:02:51,10.59,--,5,5295,买盘
2329,11:02:42,10.59,--,1,1059,买盘
2330,11:02:39,10.59,--,45,47655,买盘
2331,11:02:33,10.59,--,22,23298,买盘
2332,11:02:30,10.59,--,1,1059,买盘
2333,11:02:21,10.59,0.01,14,14826,买盘
2334,11:02:15,10.58,-0.01,40,42320,卖盘
2335,11:02:12,10.59,--,2,2118,买盘
2336,11:02:09,10.59,0.01,1,1059,买盘
2337,11:02:06,10.58,--,11,11638,卖盘
2338,11:02:03,10.58,--,1,1597,卖盘
2339,11:02:00,10.58,-0.01,63,67108,卖盘
2340,11:01:57,10.59,--,1,1059,买盘
2341,11:01:51,10.59,--,11,11649,买盘
2342,11:01:48,10.59,0.02,26,27534,买盘
2343,11:01:42,10.57,--,132,139524,卖盘
2344,11:01:36,10.57,-0.01,132,139524,卖盘
2345,11:01:30,10.58,--,3,3174,买盘
2346,11:01:27,10.58,--,139,147062,买盘
2347,11:01:21,10.58,--,13,13754,买盘
2348,11:01:18,10.58,--,11,11638,买盘
2349,11:01:12,10.58,--,22,23276,买盘
2350,11:01:09,10.58,0.01,1,1058,买盘
2351,11:01:06,10.57,-0.01,100,105700,卖盘
2352,11:01:00,10.58,--,71,75118,买盘
2353,11:00:57,10.58,--,20,21424,买盘
2354,11:00:54,10.58,--,43,45494,买盘
2355,11:00:51,10.58,0.01,41,43378,买盘
2356,11:00:48,10.57,--,57,60249,买盘
2357,11:00:45,10.57,--,225,237825,买盘
2358,11:00:42,10.57,--,85,89845,买盘
2359,11:00:39,10.57,0.01,124,131068,买盘
2360,11:00:36,10.56,-0.01,17,17952,卖盘
2361,11:00:33,10.57,--,2,2114,买盘
2362,11:00:30,10.57,--,1,1057,买盘
2363,11:00:21,10.57,--,1,1057,买盘
2364,11:00:18,10.57,--,4,4228,买盘
2365,11:00:12,10.57,-0.01,46,48622,卖盘
2366,11:00:09,10.58,0.01,1,1058,买盘
2367,11:00:06,10.57,-0.01,11,11627,卖盘
2368,11:00:00,10.58,--,2,2116,买盘
2369,10:59:57,10.58,--,1,1058,买盘
2370,10:59:51,10.58,--,18,19044,买盘
2371,10:59:48,10.58,0.01,1,1058,买盘
2372,10:59:45,10.57,--,22,23254,卖盘
2373,10:59:42,10.57,-0.01,12,12684,卖盘
2374,10:59:36,10.58,--,119,125902,买盘
2375,10:59:33,10.58,0.01,1,1058,买盘
2376,10:59:30,10.57,-0.01,13,13741,卖盘
2377,10:59:21,10.58,0.01,1,1058,买盘
2378,10:59:12,10.57,-0.01,28,29596,卖盘
2379,10:59:09,10.58,--,2,2116,买盘
2380,10:59:00,10.58,-0.01,474,501492,卖盘
2381,10:58:57,10.59,0.01,1,1059,买盘
2382,10:58:54,10.58,-0.01,19,20102,卖盘
2383,10:58:51,10.59,--,3,3177,买盘
2384,10:58:45,10.59,0.01,40,42360,买盘
2385,10:58:42,10.58,-0.01,11,11638,卖盘
2386,10:58:36,10.59,--,56,59304,买盘
2387,10:58:33,10.59,--,2,2118,买盘
2388,10:58:30,10.59,--,6,6354,买盘
2389,10:58:27,10.59,--,1,1059,买盘
2390,10:58:24,10.59,0.01,1,1059,买盘
2391,10:58:18,10.58,--,14,14812,卖盘
2392,10:58:15,10.58,-0.01,110,116380,卖盘
2393,10:58:12,10.59,--,83,87897,买盘
2394,10:58:09,10.59,--,1,1059,买盘
2395,10:58:06,10.59,0.01,40,42360,买盘
2396,10:58:03,10.58,-0.01,35,37030,卖盘
2397,10:58:00,10.59,0.01,31,32829,买盘
2398,10:57:57,10.58,--,82,86756,卖盘
2399,10:57:54,10.58,-0.01,68,71944,卖盘
2400,10:57:51,10.59,0.01,5,5295,买盘
2401,10:57:48,10.58,-0.01,127,134366,卖盘
2402,10:57:45,10.59,0.01,40,42360,买盘
2403,10:57:42,10.58,--,19,20102,卖盘
2404,10:57:39,10.58,-0.01,31,32798,卖盘
2405,10:57:36,10.59,--,34,36006,买盘
2406,10:57:33,10.59,--,21,22239,买盘
2407,10:57:30,10.59,0.01,1,1059,买盘
2408,10:57:27,10.58,-0.01,70,74060,卖盘
2409,10:57:21,10.59,--,2,2118,买盘
2410,10:57:18,10.59,--,18,19062,买盘
2411,10:57:15,10.59,--,7,7413,买盘
2412,10:57:12,10.59,--,16,16944,买盘
2413,10:57:09,10.59,--,2,2118,买盘
2414,10:57:06,10.59,--,8,8472,买盘
2415,10:57:00,10.59,--,28,29652,买盘
2416,10:56:57,10.59,--,1,1059,买盘
2417,10:56:51,10.59,0.01,21,22239,买盘
2418,10:56:48,10.58,-0.01,11,11638,卖盘
2419,10:56:45,10.59,0.01,39,41301,买盘
2420,10:56:36,10.58,-0.01,20,21160,卖盘
2421,10:56:33,10.59,--,23,24357,买盘
2422,10:56:30,10.59,0.01,1,1059,买盘
2423,10:56:27,10.58,-0.01,27,28566,卖盘
2424,10:56:24,10.59,0.01,6,6354,买盘
2425,10:56:21,10.58,--,849,898242,买盘
2426,10:56:18,10.58,--,168,177744,买盘
2427,10:56:15,10.58,0.01,247,261326,买盘
2428,10:56:12,10.57,-0.01,37,39109,卖盘
2429,10:56:09,10.58,--,21,22218,买盘
2430,10:56:06,10.58,--,26,27508,买盘
2431,10:56:00,10.58,--,9,9522,买盘
2432,10:55:57,10.58,--,57,60306,买盘
2433,10:55:51,10.58,0.01,7,7406,买盘
2434,10:55:48,10.57,-0.01,11,11627,卖盘
2435,10:55:45,10.58,--,41,43378,买盘
2436,10:55:42,10.58,--,1,1058,买盘
2437,10:55:39,10.58,0.01,8,8464,买盘
2438,10:55:36,10.57,-0.01,10,10570,卖盘
2439,10:55:33,10.58,0.01,2,2116,买盘
2440,10:55:24,10.57,-0.01,5,5285,卖盘
2441,10:55:21,10.58,0.01,2,2116,买盘
2442,10:55:18,10.57,-0.01,26,27482,卖盘
2443,10:55:15,10.58,0.01,2,2116,买盘
2444,10:55:12,10.57,--,20,21140,买盘
2445,10:55:09,10.57,0.01,1,1057,买盘
2446,10:55:06,10.56,-0.02,53,55968,卖盘
2447,10:55:03,10.58,--,20,21160,买盘
2448,10:55:00,10.58,--,2,2116,买盘
2449,10:54:57,10.58,--,1,1058,买盘
2450,10:54:54,10.58,--,22,23276,买盘
2451,10:54:51,10.58,--,33,34914,买盘
2452,10:54:48,10.58,0.02,34,35972,买盘
2453,10:54:45,10.56,-0.01,19,20064,卖盘
2454,10:54:42,10.57,--,98,103586,买盘
2455,10:54:39,10.57,--,130,137410,买盘
2456,10:54:36,10.57,--,15,15855,买盘
2457,10:54:33,10.57,0.01,25,26425,买盘
2458,10:54:30,10.56,--,35,36960,买盘
2459,10:54:27,10.56,--,17,17952,买盘
2460,10:54:21,10.56,--,13,13728,买盘
2461,10:54:18,10.56,--,10,10560,买盘
2462,10:54:15,10.56,--,1,1056,买盘
2463,10:54:12,10.56,--,1,1056,买盘
2464,10:54:09,10.56,--,2,2112,买盘
2465,10:54:06,10.56,--,1,1056,买盘
2466,10:54:03,10.56,--,29,30624,买盘
2467,10:54:00,10.56,--,34,35904,买盘
2468,10:53:57,10.56,--,65,68640,买盘
2469,10:53:54,10.56,--,1,1056,买盘
2470,10:53:51,10.56,--,20,21120,买盘
2471,10:53:45,10.56,--,1,1056,买盘
2472,10:53:42,10.56,0.01,53,55968,买盘
2473,10:53:39,10.55,-0.01,112,118160,卖盘
2474,10:53:36,10.56,0.01,408,430848,买盘
2475,10:53:33,10.55,--,1,1055,买盘
2476,10:53:30,10.55,--,1,1055,买盘
2477,10:53:24,10.55,--,1,1055,买盘
2478,10:53:21,10.55,-0.01,290,305950,卖盘
2479,10:53:18,10.56,--,19,20064,买盘
2480,10:53:15,10.56,--,101,106656,买盘
2481,10:53:12,10.56,--,2,2112,买盘
2482,10:53:09,10.56,--,4,4224,买盘
2483,10:53:06,10.56,--,41,43296,买盘
2484,10:53:00,10.56,--,2,2112,买盘
2485,10:52:57,10.56,--,2,2112,买盘
2486,10:52:51,10.56,--,15,15840,买盘
2487,10:52:48,10.56,--,8,8448,买盘
2488,10:52:45,10.56,--,9,9504,买盘
2489,10:52:42,10.56,--,56,59136,买盘
2490,10:52:39,10.56,0.01,9,9504,买盘
2491,10:52:36,10.55,-0.01,16,16880,卖盘
2492,10:52:33,10.56,--,10,10560,买盘
2493,10:52:30,10.56,0.01,1,1056,买盘
2494,10:52:27,10.55,-0.01,14,14770,卖盘
2495,10:52:21,10.56,--,3,3168,买盘
2496,10:52:15,10.56,--,32,33792,买盘
2497,10:52:12,10.56,--,16,16896,买盘
2498,10:52:09,10.56,--,2,2112,买盘
2499,10:52:06,10.56,--,11,11616,买盘
2500,10:52:00,10.56,0.01,13,13728,买盘
2501,10:51:57,10.55,--,28,29540,卖盘
2502,10:51:54,10.55,-0.01,76,80180,卖盘
2503,10:51:51,10.56,--,7,7392,买盘
2504,10:51:45,10.56,-0.01,10,10560,中性盘
2505,10:51:42,10.57,--,148,156436,买盘
2506,10:51:39,10.57,0.01,19,20083,买盘
2507,10:51:36,10.56,-0.01,9,9504,卖盘
2508,10:51:30,10.57,0.01,17,17969,买盘
2509,10:51:27,10.56,-0.01,41,43296,卖盘
2510,10:51:24,10.57,--,1,1057,买盘
2511,10:51:21,10.57,0.01,2,2114,买盘
2512,10:51:18,10.56,-0.01,6,6336,卖盘
2513,10:51:15,10.57,0.01,1,1057,买盘
2514,10:51:12,10.56,-0.01,3,3168,卖盘
2515,10:51:09,10.57,--,1,1057,买盘
2516,10:51:03,10.57,--,1,1057,买盘
2517,10:51:00,10.57,0.01,3,3171,买盘
2518,10:50:57,10.56,-0.01,22,23232,卖盘
2519,10:50:54,10.57,--,17,17969,买盘
2520,10:50:51,10.57,0.01,16,16912,买盘
2521,10:50:48,10.56,-0.01,8,8448,卖盘
2522,10:50:45,10.57,--,41,43337,买盘
2523,10:50:39,10.57,0.01,1,1057,买盘
2524,10:50:36,10.56,--,5,5280,卖盘
2525,10:50:33,10.56,--,42,44352,买盘
2526,10:50:30,10.56,0.01,54,57024,买盘
2527,10:50:27,10.55,--,90,94950,卖盘
2528,10:50:24,10.55,-0.01,16,16880,卖盘
2529,10:50:21,10.56,--,69,72864,买盘
2530,10:50:18,10.56,--,7,7392,买盘
2531,10:50:15,10.56,--,1,1056,买盘
2532,10:50:12,10.56,--,1,1056,买盘
2533,10:50:09,10.56,0.01,1,1056,买盘
2534,10:50:06,10.55,-0.01,16,16880,卖盘
2535,10:50:03,10.56,--,1,1056,买盘
2536,10:50:00,10.56,-0.01,53,55968,卖盘
2537,10:49:57,10.57,--,29,30653,买盘
2538,10:49:54,10.57,--,8,8456,买盘
2539,10:49:51,10.57,--,19,20083,买盘
2540,10:49:45,10.57,--,55,58135,买盘
2541,10:49:42,10.57,--,1,1057,买盘
2542,10:49:36,10.57,0.01,24,25368,买盘
2543,10:49:33,10.56,--,13,13728,卖盘
2544,10:49:30,10.56,-0.01,49,51744,卖盘
2545,10:49:24,10.57,--,10,10570,买盘
2546,10:49:21,10.57,0.01,18,19026,买盘
2547,10:49:15,10.56,-0.01,1,1056,卖盘
2548,10:49:12,10.57,--,1,1057,买盘
2549,10:49:09,10.57,0.01,23,24311,买盘
2550,10:49:06,10.56,--,5,5280,卖盘
2551,10:49:03,10.56,-0.01,12,12672,卖盘
2552,10:49:00,10.57,0.01,2,2114,买盘
2553,10:48:57,10.56,--,23,24288,卖盘
2554,10:48:54,10.56,-0.01,6,6336,卖盘
2555,10:48:51,10.57,--,23,24311,买盘
2556,10:48:42,10.57,--,74,78218,买盘
2557,10:48:39,10.57,0.01,35,36995,买盘
2558,10:48:33,10.56,--,30,31680,卖盘
2559,10:48:27,10.56,-0.01,1,1056,卖盘
2560,10:48:21,10.57,0.02,3,3171,买盘
2561,10:48:18,10.55,-0.02,25,26375,卖盘
2562,10:48:12,10.57,--,3,3171,买盘
2563,10:48:09,10.57,--,41,43337,买盘
2564,10:48:06,10.57,0.02,1335,1411095,买盘
2565,10:48:03,10.55,-0.01,11,11605,卖盘
2566,10:48:00,10.56,--,9,9504,买盘
2567,10:47:57,10.56,-0.01,10,10560,卖盘
2568,10:47:51,10.57,0.01,4,4228,买盘
2569,10:47:48,10.56,--,10,10560,卖盘
2570,10:47:45,10.56,-0.01,1,1056,卖盘
2571,10:47:42,10.57,0.02,41,43337,买盘
2572,10:47:36,10.55,-0.01,11,11605,卖盘
2573,10:47:33,10.56,-0.01,11,11616,中性盘
2574,10:47:30,10.57,0.01,26,27482,买盘
2575,10:47:21,10.56,0.01,6,6336,买盘
2576,10:47:18,10.55,--,20,21100,卖盘
2577,10:47:15,10.55,-0.02,28,29540,卖盘
2578,10:47:12,10.57,--,2,2114,买盘
2579,10:47:09,10.57,0.02,1,1057,买盘
2580,10:47:06,10.55,--,11,11605,卖盘
2581,10:47:03,10.55,-0.02,1,1055,卖盘
2582,10:47:00,10.57,--,3,3171,买盘
2583,10:46:57,10.57,--,1,1057,买盘
2584,10:46:51,10.57,0.02,7,7399,买盘
2585,10:46:48,10.55,--,24,25320,卖盘
2586,10:46:45,10.55,--,5,5275,卖盘
2587,10:46:42,10.55,--,45,47475,卖盘
2588,10:46:36,10.55,--,11,11605,卖盘
2589,10:46:33,10.55,-0.02,17,17935,卖盘
2590,10:46:30,10.57,0.02,2,2114,买盘
2591,10:46:24,10.55,-0.02,131,138205,卖盘
2592,10:46:21,10.57,0.02,80,84560,买盘
2593,10:46:18,10.55,--,235,247925,卖盘
2594,10:46:15,10.55,-0.02,7,7385,卖盘
2595,10:46:12,10.57,0.01,53,56021,买盘
2596,10:46:09,10.56,0.01,1,1056,买盘
2597,10:46:06,10.55,--,18,18990,卖盘
2598,10:46:03,10.55,-0.01,1,1055,卖盘
2599,10:46:00,10.56,--,1,1056,买盘
2600,10:45:57,10.56,-0.01,2,2112,中性盘
2601,10:45:51,10.57,0.02,6,6342,买盘
2602,10:45:48,10.55,-0.02,5,5275,卖盘
2603,10:45:42,10.57,0.02,40,42280,买盘
2604,10:45:36,10.55,--,11,11605,卖盘
2605,10:45:33,10.55,-0.02,1,1055,卖盘
2606,10:45:30,10.57,--,1,1057,买盘
2607,10:45:21,10.57,0.02,1,1057,买盘
2608,10:45:18,10.55,--,29,30595,卖盘
2609,10:45:12,10.55,-0.02,13,13715,卖盘
2610,10:45:09,10.57,0.02,6,6342,买盘
2611,10:45:06,10.55,--,15,15825,卖盘
2612,10:45:03,10.55,-0.01,1,1055,卖盘
2613,10:45:00,10.56,--,3,3168,买盘
2614,10:44:57,10.56,-0.01,7,7392,中性盘
2615,10:44:51,10.57,--,7,7399,买盘
2616,10:44:48,10.57,0.01,37,39109,买盘
2617,10:44:45,10.56,--,71,74976,买盘
2618,10:44:42,10.56,0.01,28,29568,买盘
2619,10:44:36,10.55,--,17,17935,卖盘
2620,10:44:33,10.55,-0.01,1,1055,卖盘
2621,10:44:30,10.56,0.01,316,333696,买盘
2622,10:44:24,10.55,--,34,35870,卖盘
2623,10:44:21,10.55,--,17,17935,卖盘
2624,10:44:18,10.55,-0.01,15,15825,卖盘
2625,10:44:15,10.56,0.01,24,25344,买盘
2626,10:44:12,10.55,-0.01,12,12660,卖盘
2627,10:44:09,10.56,0.01,2,2112,买盘
2628,10:44:03,10.55,--,185,195175,买盘
2629,10:44:00,10.55,--,96,101280,买盘
2630,10:43:57,10.55,--,27,28485,买盘
2631,10:43:51,10.55,--,3,3165,买盘
2632,10:43:48,10.55,0.01,35,36925,买盘
2633,10:43:45,10.54,-0.01,398,419491,卖盘
2634,10:43:42,10.55,--,111,117105,买盘
2635,10:43:39,10.55,0.01,31,32705,买盘
2636,10:43:33,10.54,-0.01,52,54807,卖盘
2637,10:43:30,10.55,0.01,100,105500,买盘
2638,10:43:24,10.54,-0.01,30,31619,卖盘
2639,10:43:21,10.55,0.01,2,2110,买盘
2640,10:43:18,10.54,-0.01,118,124371,卖盘
2641,10:43:15,10.55,--,2,2110,买盘
2642,10:43:12,10.55,--,52,54860,买盘
2643,10:43:09,10.55,--,1,1055,买盘
2644,10:43:06,10.55,0.01,40,42200,买盘
2645,10:43:03,10.54,-0.01,1,1054,卖盘
2646,10:43:00,10.55,--,2,2110,买盘
2647,10:42:57,10.55,--,32,33760,买盘
2648,10:42:51,10.55,--,5,5275,买盘
2649,10:42:48,10.55,--,41,43255,买盘
2650,10:42:45,10.55,--,39,41145,买盘
2651,10:42:42,10.55,0.01,4,4220,买盘
2652,10:42:39,10.54,-0.01,16,16864,卖盘
2653,10:42:36,10.55,-0.01,621,655155,卖盘
2654,10:42:33,10.56,0.01,13,13728,买盘
2655,10:42:30,10.55,--,31,32705,卖盘
2656,10:42:27,10.55,-0.01,5,5275,卖盘
2657,10:42:24,10.56,--,10,10560,买盘
2658,10:42:21,10.56,--,11,11616,买盘
2659,10:42:18,10.56,--,110,116160,买盘
2660,10:42:15,10.56,--,50,52800,买盘
2661,10:42:12,10.56,--,3,3168,买盘
2662,10:42:09,10.56,--,512,540672,买盘
2663,10:42:06,10.56,0.01,10,10560,买盘
2664,10:42:03,10.55,-0.01,1,1055,卖盘
2665,10:42:00,10.56,0.01,2,2112,买盘
2666,10:41:57,10.55,--,11,11605,卖盘
2667,10:41:54,10.55,-0.01,15,15825,卖盘
2668,10:41:51,10.56,0.01,9,9504,买盘
2669,10:41:48,10.55,-0.01,11,11605,卖盘
2670,10:41:45,10.56,0.01,2,2112,买盘
2671,10:41:42,10.55,--,48,50640,卖盘
2672,10:41:39,10.55,--,18,18990,卖盘
2673,10:41:33,10.55,--,27,28485,卖盘
2674,10:41:27,10.55,-0.02,22,23210,卖盘
2675,10:41:21,10.57,0.02,132,139524,买盘
2676,10:41:18,10.55,-0.01,148,156140,卖盘
2677,10:41:12,10.56,--,1,1056,买盘
2678,10:41:09,10.56,0.01,3,3168,买盘
2679,10:41:03,10.55,-0.01,1,1055,卖盘
2680,10:41:00,10.56,--,8,8448,买盘
2681,10:40:57,10.56,--,11,11616,卖盘
2682,10:40:54,10.56,-0.01,42,44352,卖盘
2683,10:40:51,10.57,0.01,64,67648,买盘
2684,10:40:48,10.56,--,11,11616,卖盘
2685,10:40:45,10.56,--,10,10560,卖盘
2686,10:40:42,10.56,--,132,139392,卖盘
2687,10:40:39,10.56,-0.01,5,5280,卖盘
2688,10:40:36,10.57,0.01,16,16912,买盘
2689,10:40:33,10.56,-0.01,146,154176,卖盘
2690,10:40:30,10.57,--,1,1057,买盘
2691,10:40:27,10.57,0.01,150,158550,买盘
2692,10:40:24,10.56,-0.01,1,1056,卖盘
2693,10:40:21,10.57,0.01,12,12684,买盘
2694,10:40:18,10.56,--,20,21120,卖盘
2695,10:40:15,10.56,-0.01,21,22176,卖盘
2696,10:40:12,10.57,--,12,12684,买盘
2697,10:40:09,10.57,--,32,33824,买盘
2698,10:40:03,10.57,--,15,15855,买盘
2699,10:40:00,10.57,--,3,3171,买盘
2700,10:39:57,10.57,--,1,1057,买盘
2701,10:39:54,10.57,--,12,12684,买盘
2702,10:39:51,10.57,0.01,66,69762,买盘
2703,10:39:48,10.56,-0.01,15,15840,卖盘
2704,10:39:45,10.57,--,2,2114,买盘
2705,10:39:42,10.57,0.01,57,60249,买盘
2706,10:39:39,10.56,--,15,15840,卖盘
2707,10:39:36,10.56,--,14,14784,卖盘
2708,10:39:33,10.56,-0.01,8,8448,卖盘
2709,10:39:30,10.57,--,2,2114,买盘
2710,10:39:24,10.57,--,1,1057,买盘
2711,10:39:21,10.57,0.01,12,12684,买盘
2712,10:39:18,10.56,--,57,60192,卖盘
2713,10:39:12,10.56,-0.01,78,82368,卖盘
2714,10:39:09,10.57,--,1,1057,买盘
2715,10:39:06,10.57,0.01,1,1057,买盘
2716,10:39:03,10.56,-0.01,26,27456,卖盘
2717,10:39:00,10.57,--,12,12684,买盘
2718,10:38:57,10.57,--,3,3171,买盘
2719,10:38:54,10.57,--,2,2114,买盘
2720,10:38:51,10.57,--,529,559153,卖盘
2721,10:38:48,10.57,-0.01,15,15855,卖盘
2722,10:38:42,10.58,--,159,168222,买盘
2723,10:38:36,10.58,0.01,130,137540,买盘
2724,10:38:33,10.57,--,3,3171,卖盘
2725,10:38:30,10.57,-0.01,15,15855,卖盘
2726,10:38:27,10.58,--,1,1058,买盘
2727,10:38:21,10.58,0.01,117,123786,买盘
2728,10:38:18,10.57,-0.01,13,13741,卖盘
2729,10:38:15,10.58,--,2,2116,买盘
2730,10:38:12,10.58,--,3,3174,买盘
2731,10:38:09,10.58,--,55,58190,买盘
2732,10:38:06,10.58,0.01,1,1058,买盘
2733,10:38:03,10.57,-0.01,2,2114,卖盘
2734,10:38:00,10.58,0.01,4,4232,买盘
2735,10:37:57,10.57,-0.01,74,78218,卖盘
2736,10:37:51,10.58,--,8,8464,买盘
2737,10:37:45,10.58,--,53,56074,买盘
2738,10:37:42,10.58,0.01,27,28566,买盘
2739,10:37:39,10.57,-0.01,6,6342,卖盘
2740,10:37:36,10.58,0.01,4,4232,买盘
2741,10:37:33,10.57,-0.01,2,2114,卖盘
2742,10:37:30,10.58,--,20,21160,买盘
2743,10:37:27,10.58,0.01,36,38088,买盘
2744,10:37:24,10.57,-0.01,3,3171,卖盘
2745,10:37:21,10.58,0.01,7,7406,买盘
2746,10:37:18,10.57,--,6,6342,卖盘
2747,10:37:15,10.57,-0.01,29,30653,卖盘
2748,10:37:12,10.58,--,1,1058,买盘
2749,10:37:09,10.58,--,15,15870,买盘
2750,10:37:06,10.58,0.01,182,192556,买盘
2751,10:37:03,10.57,-0.01,1,1057,卖盘
2752,10:37:00,10.58,--,2,2116,买盘
2753,10:36:57,10.58,--,13,13754,买盘
2754,10:36:54,10.58,--,3,3174,买盘
2755,10:36:51,10.58,--,101,106858,买盘
2756,10:36:48,10.58,--,33,34914,买盘
2757,10:36:45,10.58,--,1,1058,买盘
2758,10:36:42,10.58,--,42,44436,买盘
2759,10:36:39,10.58,--,1,1058,买盘
2760,10:36:36,10.58,--,34,37019,卖盘
2761,10:36:33,10.58,-0.01,12,12696,卖盘
2762,10:36:30,10.59,0.01,16,16944,买盘
2763,10:36:27,10.58,-0.01,12,12696,卖盘
2764,10:36:24,10.59,--,132,139788,买盘
2765,10:36:21,10.59,0.01,21,22239,买盘
2766,10:36:18,10.58,-0.01,6,6348,卖盘
2767,10:36:15,10.59,0.01,1,1059,买盘
2768,10:36:12,10.58,-0.01,25,26450,卖盘
2769,10:36:09,10.59,--,56,59304,买盘
2770,10:36:06,10.59,0.01,26,27534,买盘
2771,10:36:03,10.58,-0.01,1,1058,卖盘
2772,10:36:00,10.59,--,11,11649,买盘
2773,10:35:57,10.59,--,14,14826,买盘
2774,10:35:51,10.59,0.01,8,8472,买盘
2775,10:35:48,10.58,-0.01,13,13754,卖盘
2776,10:35:45,10.59,--,1,1059,买盘
2777,10:35:42,10.59,--,31,32829,买盘
2778,10:35:39,10.59,0.01,1,1059,买盘
2779,10:35:36,10.58,-0.01,22,23276,卖盘
2780,10:35:33,10.59,--,74,78366,买盘
2781,10:35:30,10.59,--,29,30711,买盘
2782,10:35:27,10.59,--,8,8472,买盘
2783,10:35:24,10.59,--,21,22239,买盘
2784,10:35:21,10.59,0.01,17,18013,买盘
2785,10:35:18,10.58,-0.01,6,6348,卖盘
2786,10:35:15,10.59,--,1,1059,买盘
2787,10:35:12,10.59,--,3,3177,买盘
2788,10:35:09,10.59,--,2,2118,买盘
2789,10:35:06,10.59,--,11,11649,买盘
2790,10:35:03,10.59,--,28,29652,买盘
2791,10:35:00,10.59,--,104,110136,买盘
2792,10:34:57,10.59,--,2,2118,买盘
2793,10:34:54,10.59,--,2,2118,买盘
2794,10:34:51,10.59,--,14,14826,买盘
2795,10:34:48,10.59,--,2,2118,买盘
2796,10:34:45,10.59,--,102,108018,卖盘
2797,10:34:42,10.59,--,74,78366,买盘
2798,10:34:39,10.59,--,1,1059,买盘
2799,10:34:36,10.59,0.01,1,1059,买盘
2800,10:34:33,10.58,-0.01,38,40204,卖盘
2801,10:34:30,10.59,0.01,3,3177,买盘
2802,10:34:27,10.58,-0.01,13,13754,卖盘
2803,10:34:24,10.59,--,1,1059,买盘
2804,10:34:21,10.59,0.01,3,3177,买盘
2805,10:34:18,10.58,-0.01,9,9522,卖盘
2806,10:34:15,10.59,--,1,1059,买盘
2807,10:34:12,10.59,--,8,8472,买盘
2808,10:34:09,10.59,--,176,186384,买盘
2809,10:34:06,10.59,--,5,5295,买盘
2810,10:34:03,10.59,-0.01,244,258396,卖盘
2811,10:34:00,10.6,--,64,67840,买盘
2812,10:33:57,10.6,--,2,2120,买盘
2813,10:33:54,10.6,--,1,1060,买盘
2814,10:33:51,10.6,--,9,9540,买盘
2815,10:33:45,10.6,--,30,31800,买盘
2816,10:33:42,10.6,--,8,8480,买盘
2817,10:33:39,10.6,0.01,39,41340,买盘
2818,10:33:36,10.59,--,16,16944,卖盘
2819,10:33:33,10.59,--,12,12708,卖盘
2820,10:33:30,10.59,--,503,532677,买盘
2821,10:33:24,10.59,--,6,6354,买盘
2822,10:33:21,10.59,0.01,8,8472,买盘
2823,10:33:18,10.58,-0.01,14,14812,卖盘
2824,10:33:15,10.59,--,1,1059,买盘
2825,10:33:12,10.59,--,2,2118,买盘
2826,10:33:09,10.59,0.01,43,45537,买盘
2827,10:33:06,10.58,--,12,12696,卖盘
2828,10:33:03,10.58,-0.01,4,4232,卖盘
2829,10:33:00,10.59,--,18,19062,买盘
