,time,price,change,volume,amount,type
0,15:00:03,11.29,0.01,2153,2430737,买盘
1,14:57:00,11.28,-0.01,4,4512,卖盘
2,14:56:54,11.29,--,398,449341,买盘
3,14:56:51,11.29,0.01,10,11290,买盘
4,14:56:48,11.28,-0.01,25,28200,卖盘
5,14:56:42,11.29,0.01,54,60965,买盘
6,14:56:39,11.28,-0.01,65,73320,卖盘
7,14:56:36,11.29,--,2,2258,买盘
8,14:56:33,11.29,--,137,154673,卖盘
9,14:56:30,11.29,--,3,3386,卖盘
10,14:56:27,11.29,--,2,2258,卖盘
11,14:56:24,11.29,--,256,289024,买盘
12,14:56:21,11.29,--,25,28224,买盘
13,14:56:12,11.29,--,2,2258,买盘
14,14:56:09,11.29,--,121,136609,买盘
15,14:56:06,11.29,0.01,48,54191,买盘
16,14:56:03,11.28,-0.01,38,42864,卖盘
17,14:55:57,11.29,--,1,1129,买盘
18,14:55:54,11.29,-0.01,201,226928,卖盘
19,14:55:51,11.3,--,19,21470,买盘
20,14:55:48,11.3,0.01,77,87010,买盘
21,14:55:45,11.29,-0.01,50,56449,卖盘
22,14:55:39,11.3,0.01,54,61020,买盘
23,14:55:36,11.29,-0.01,11,12418,卖盘
24,14:55:30,11.3,0.01,44,49720,买盘
25,14:55:27,11.29,--,3,3386,买盘
26,14:55:24,11.29,0.01,33,37257,买盘
27,14:55:21,11.28,-0.01,14,15792,卖盘
28,14:55:18,11.29,--,12,13547,买盘
29,14:55:15,11.29,--,43,48546,买盘
30,14:55:12,11.29,--,52,58707,买盘
31,14:55:03,11.29,--,26,29353,买盘
32,14:55:00,11.29,--,12,13547,买盘
33,14:54:57,11.29,0.01,87,98222,买盘
34,14:54:54,11.28,-0.01,4,4512,卖盘
35,14:54:51,11.29,--,33,37257,买盘
36,14:54:45,11.29,--,10,11290,买盘
37,14:54:39,11.29,-0.01,242,273218,卖盘
38,14:54:36,11.3,--,29,32770,买盘
39,14:54:33,11.3,--,74,83620,买盘
40,14:54:30,11.3,0.01,5,5650,买盘
41,14:54:27,11.29,-0.02,22,24837,卖盘
42,14:54:21,11.31,0.02,24,27144,买盘
43,14:54:18,11.29,-0.01,2,2258,卖盘
44,14:54:15,11.3,--,134,151420,买盘
45,14:54:12,11.3,0.01,38,42940,买盘
46,14:54:09,11.29,--,78,88062,卖盘
47,14:54:03,11.29,--,41,46289,买盘
48,14:54:00,11.29,--,40,45160,买盘
49,14:53:57,11.29,--,125,141802,买盘
50,14:53:54,11.29,0.01,34,38386,买盘
51,14:53:51,11.28,--,28,31584,卖盘
52,14:53:45,11.28,--,168,189504,卖盘
53,14:53:42,11.28,-0.02,67,75576,卖盘
54,14:53:39,11.3,0.02,33,37290,买盘
55,14:53:36,11.28,--,485,547080,卖盘
56,14:53:33,11.28,--,31,34968,卖盘
57,14:53:30,11.28,-0.01,91,102648,卖盘
58,14:53:27,11.29,--,36,40644,买盘
59,14:53:24,11.29,0.01,24,27095,买盘
60,14:53:21,11.28,-0.01,87,98136,卖盘
61,14:53:18,11.29,--,79,89191,买盘
62,14:53:09,11.29,--,33,37257,买盘
63,14:53:03,11.29,--,36,40644,买盘
64,14:52:57,11.29,0.02,72,81288,买盘
65,14:52:54,11.27,-0.01,64,72128,卖盘
66,14:52:51,11.28,0.01,60,67680,买盘
67,14:52:48,11.27,--,22,24794,卖盘
68,14:52:42,11.27,-0.01,1,1127,卖盘
69,14:52:39,11.28,--,109,122952,买盘
70,14:52:36,11.28,--,1,1128,买盘
71,14:52:33,11.28,--,35,39480,买盘
72,14:52:30,11.28,-0.01,460,518879,卖盘
73,14:52:27,11.29,0.01,69,77901,买盘
74,14:52:24,11.28,-0.01,1,1128,卖盘
75,14:52:21,11.29,0.01,43,48546,买盘
76,14:52:18,11.28,--,6,6768,卖盘
77,14:52:15,11.28,-0.01,10,11280,卖盘
78,14:52:12,11.29,0.01,52,58707,买盘
79,14:52:09,11.28,--,16,18048,卖盘
80,14:52:06,11.28,-0.01,65,73320,卖盘
81,14:52:03,11.29,--,74,83546,买盘
82,14:52:00,11.29,--,35,39515,买盘
83,14:51:57,11.29,--,69,77901,买盘
84,14:51:54,11.29,0.01,57,64352,买盘
85,14:51:48,11.28,--,5,5640,卖盘
86,14:51:45,11.28,-0.01,1,1128,卖盘
87,14:51:42,11.29,--,59,66611,买盘
88,14:51:39,11.29,-0.01,488,550952,卖盘
89,14:51:36,11.3,--,25,28250,买盘
90,14:51:33,11.3,--,57,64410,买盘
91,14:51:30,11.3,0.01,125,141250,买盘
92,14:51:27,11.29,-0.01,1,1129,卖盘
93,14:51:24,11.3,0.01,9,10170,买盘
94,14:51:21,11.29,-0.01,3,3386,卖盘
95,14:51:18,11.3,0.01,6,6780,买盘
96,14:51:09,11.29,--,15,16935,卖盘
97,14:51:06,11.29,-0.01,244,275476,卖盘
98,14:51:03,11.3,0.01,31,35030,买盘
99,14:50:57,11.29,-0.01,32,36128,卖盘
100,14:50:54,11.3,0.01,83,93790,买盘
101,14:50:48,11.29,--,1,1129,卖盘
102,14:50:45,11.29,--,15,16935,卖盘
103,14:50:42,11.29,-0.01,122,137738,卖盘
104,14:50:36,11.3,0.01,20,22600,买盘
105,14:50:33,11.29,-0.01,43,48546,卖盘
106,14:50:30,11.3,-0.01,328,371092,卖盘
107,14:50:27,11.31,--,21,23751,卖盘
108,14:50:21,11.31,--,37,41847,卖盘
109,14:50:18,11.31,--,77,87087,卖盘
110,14:50:15,11.31,--,85,96135,卖盘
111,14:50:12,11.31,--,30,33930,卖盘
112,14:50:09,11.31,-0.01,56,63336,卖盘
113,14:50:06,11.32,0.01,2,2264,买盘
114,14:50:03,11.31,--,37,41847,卖盘
115,14:50:00,11.31,-0.01,44,49764,卖盘
116,14:49:57,11.32,0.01,41,46412,买盘
117,14:49:54,11.31,-0.01,27,30537,卖盘
118,14:49:51,11.32,--,227,256964,买盘
119,14:49:48,11.32,--,53,59996,买盘
120,14:49:45,11.32,0.01,58,65656,买盘
121,14:49:39,11.31,--,1,1131,卖盘
122,14:49:33,11.31,-0.01,34,38454,卖盘
123,14:49:30,11.32,--,302,341864,买盘
124,14:49:27,11.32,0.01,21,23772,买盘
125,14:49:24,11.31,-0.01,25,28275,卖盘
126,14:49:21,11.32,0.01,85,96220,买盘
127,14:49:18,11.31,-0.01,10,11310,卖盘
128,14:49:12,11.32,0.01,127,143764,买盘
129,14:49:09,11.31,-0.01,66,74646,卖盘
130,14:49:03,11.32,0.01,66,74712,买盘
131,14:49:00,11.31,--,13,14703,卖盘
132,14:48:57,11.31,-0.01,26,29406,卖盘
133,14:48:54,11.32,0.01,120,135840,买盘
134,14:48:51,11.31,-0.01,126,142506,卖盘
135,14:48:48,11.32,--,127,143764,买盘
136,14:48:45,11.32,--,5,5660,买盘
137,14:48:42,11.32,--,48,54336,买盘
138,14:48:39,11.32,--,124,140368,买盘
139,14:48:36,11.32,--,46,52072,买盘
140,14:48:33,11.32,0.01,39,44148,买盘
141,14:48:30,11.31,-0.01,67,75777,卖盘
142,14:48:27,11.32,--,90,101880,买盘
143,14:48:24,11.32,0.01,114,129048,买盘
144,14:48:21,11.31,--,20,22620,卖盘
145,14:48:15,11.31,-0.01,1,1131,卖盘
146,14:48:12,11.32,--,10,11320,买盘
147,14:48:06,11.32,--,21,23772,卖盘
148,14:48:03,11.32,--,115,130180,卖盘
149,14:48:00,11.32,--,5,5660,卖盘
150,14:47:57,11.32,0.01,38,43016,买盘
151,14:47:54,11.31,--,35,39585,卖盘
152,14:47:51,11.31,-0.01,285,322335,卖盘
153,14:47:48,11.32,--,231,261492,买盘
154,14:47:45,11.32,--,31,35092,买盘
155,14:47:42,11.32,--,49,55468,买盘
156,14:47:39,11.32,--,23,26036,买盘
157,14:47:36,11.32,0.01,351,397332,买盘
158,14:47:33,11.31,-0.01,77,87087,卖盘
159,14:47:30,11.32,--,34,38488,买盘
160,14:47:27,11.32,--,90,101880,买盘
161,14:47:24,11.32,--,6,6792,买盘
162,14:47:21,11.32,0.01,351,397332,买盘
163,14:47:18,11.31,-0.01,102,115362,卖盘
164,14:47:15,11.32,--,8,9056,买盘
165,14:47:12,11.32,--,60,67920,买盘
166,14:47:06,11.32,0.01,25,28300,买盘
167,14:47:03,11.31,--,20,22620,卖盘
168,14:47:00,11.31,--,201,227331,卖盘
169,14:46:57,11.31,--,199,225069,卖盘
170,14:46:54,11.31,-0.01,56,63336,卖盘
171,14:46:51,11.32,0.01,55,62260,买盘
172,14:46:42,11.31,--,3,3393,卖盘
173,14:46:39,11.31,--,21,23751,卖盘
174,14:46:36,11.31,--,119,134589,卖盘
175,14:46:33,11.31,--,40,45240,卖盘
176,14:46:30,11.31,--,30,33930,卖盘
177,14:46:27,11.31,0.01,183,207979,买盘
178,14:46:24,11.3,-0.01,5,5650,卖盘
179,14:46:21,11.31,--,43,48633,买盘
180,14:46:18,11.31,--,173,195663,卖盘
181,14:46:15,11.31,-0.01,147,166257,卖盘
182,14:46:12,11.32,0.01,45,50940,买盘
183,14:46:09,11.31,0.01,301,340431,买盘
184,14:46:06,11.3,--,1173,1325490,卖盘
185,14:46:03,11.3,-0.01,10,11300,卖盘
186,14:46:00,11.31,0.01,434,490854,买盘
187,14:45:57,11.3,--,56,63958,买盘
188,14:45:54,11.3,0.01,148,167240,买盘
189,14:45:51,11.29,-0.01,31,34999,卖盘
190,14:45:48,11.3,--,200,226000,买盘
191,14:45:45,11.3,--,196,221480,买盘
192,14:45:42,11.3,--,15,16950,买盘
193,14:45:39,11.3,--,45,50850,买盘
194,14:45:36,11.3,--,9,10170,买盘
195,14:45:33,11.3,0.01,386,436180,买盘
196,14:45:30,11.29,--,60,67740,卖盘
197,14:45:24,11.29,--,40,45160,卖盘
198,14:45:21,11.29,-0.01,797,899812,卖盘
199,14:45:18,11.3,--,55,62150,买盘
200,14:45:15,11.3,0.01,656,741280,买盘
201,14:45:12,11.29,-0.01,30,33870,卖盘
202,14:45:03,11.3,0.01,21,23730,买盘
203,14:45:00,11.29,--,104,117415,卖盘
204,14:44:57,11.29,-0.01,69,77901,卖盘
205,14:44:54,11.3,--,128,144640,买盘
206,14:44:51,11.3,0.01,20,22600,买盘
207,14:44:48,11.29,-0.01,304,343216,卖盘
208,14:44:45,11.3,0.01,35,39550,买盘
209,14:44:42,11.29,-0.01,177,199832,卖盘
210,14:44:39,11.3,--,455,514150,买盘
211,14:44:36,11.3,0.01,34,38420,买盘
212,14:44:33,11.29,-0.01,109,123060,卖盘
213,14:44:30,11.3,0.01,263,297190,买盘
214,14:44:27,11.29,-0.01,30,33870,卖盘
215,14:44:24,11.3,--,79,89270,买盘
216,14:44:21,11.3,0.01,268,302840,买盘
217,14:44:18,11.29,--,408,460631,卖盘
218,14:44:12,11.29,--,29,32740,卖盘
219,14:44:09,11.29,0.01,368,415471,买盘
220,14:44:06,11.28,--,5,5640,卖盘
221,14:44:03,11.28,-0.02,156,175968,卖盘
222,14:44:00,11.3,0.01,23,25990,买盘
223,14:43:57,11.29,--,27,30482,买盘
224,14:43:54,11.29,--,125,141125,买盘
225,14:43:51,11.29,--,424,478695,买盘
226,14:43:48,11.29,--,66,74514,买盘
227,14:43:45,11.29,0.01,71,80159,买盘
228,14:43:42,11.28,-0.01,1,1128,卖盘
229,14:43:39,11.29,-0.01,28,31611,中性盘
230,14:43:30,11.3,0.01,359,405670,买盘
231,14:43:27,11.29,0.01,3,3386,买盘
232,14:43:24,11.28,-0.01,1,1128,卖盘
233,14:43:18,11.29,--,73,82417,买盘
234,14:43:06,11.29,0.01,52,58707,买盘
235,14:43:03,11.28,-0.01,25,28200,卖盘
236,14:43:00,11.29,--,423,477566,卖盘
237,14:42:57,11.29,-0.01,63,71127,卖盘
238,14:42:54,11.3,0.01,77,87010,买盘
239,14:42:51,11.29,--,15,16935,卖盘
240,14:42:45,11.29,0.01,1,1129,卖盘
241,14:42:42,11.28,-0.01,289,325992,卖盘
242,14:42:39,11.29,--,44,49675,买盘
243,14:42:36,11.29,-0.01,22,24837,买盘
244,14:42:33,11.3,--,18,20340,买盘
245,14:42:30,11.3,0.02,87,98310,买盘
246,14:42:27,11.28,-0.02,1,1128,卖盘
247,14:42:24,11.3,--,16,18080,买盘
248,14:42:15,11.3,0.01,288,325440,买盘
249,14:42:12,11.29,--,42,47418,买盘
250,14:42:09,11.29,0.01,63,71127,买盘
251,14:42:06,11.28,-0.01,96,108288,卖盘
252,14:41:57,11.29,0.01,29,32740,买盘
253,14:41:51,11.28,-0.01,15,16920,卖盘
254,14:41:48,11.29,--,23,25966,买盘
255,14:41:45,11.29,--,9,10161,买盘
256,14:41:42,11.29,0.01,69,77901,买盘
257,14:41:33,11.28,--,247,278616,卖盘
258,14:41:27,11.28,-0.01,1,1128,卖盘
259,14:41:24,11.29,--,30,33870,买盘
260,14:41:21,11.29,0.01,47,53062,买盘
261,14:41:18,11.28,-0.01,74,83472,卖盘
262,14:41:15,11.29,0.01,26,29353,买盘
263,14:41:06,11.28,--,501,565128,卖盘
264,14:41:03,11.28,-0.02,35,39480,卖盘
265,14:41:00,11.3,0.02,232,262160,买盘
266,14:40:57,11.28,-0.01,2,2256,卖盘
267,14:40:54,11.29,0.01,108,121931,买盘
268,14:40:51,11.28,-0.01,1,1128,卖盘
269,14:40:45,11.29,--,18,20322,买盘
270,14:40:36,11.29,0.01,75,84675,买盘
271,14:40:30,11.28,--,74,83472,卖盘
272,14:40:27,11.28,--,81,91368,卖盘
273,14:40:24,11.28,--,51,57528,卖盘
274,14:40:09,11.28,--,24,27072,卖盘
275,14:40:03,11.28,-0.01,21,23688,卖盘
276,14:39:57,11.29,0.01,68,76772,买盘
277,14:39:54,11.28,--,250,282000,卖盘
278,14:39:51,11.28,--,1,1128,卖盘
279,14:39:48,11.28,-0.01,808,911424,卖盘
280,14:39:45,11.29,0.01,37,41773,买盘
281,14:39:39,11.28,--,213,240264,卖盘
282,14:39:36,11.28,-0.01,20,22560,卖盘
283,14:39:33,11.29,--,12,13547,买盘
284,14:39:30,11.29,0.01,55,62094,买盘
285,14:39:27,11.28,-0.01,10,11280,卖盘
286,14:39:21,11.29,--,22,24837,买盘
287,14:39:15,11.29,0.01,452,510307,买盘
288,14:39:12,11.28,--,15,16920,卖盘
289,14:39:06,11.28,--,8,9024,卖盘
290,14:39:03,11.28,-0.01,27,30456,卖盘
291,14:38:57,11.29,0.01,55,62094,买盘
292,14:38:54,11.28,-0.01,25,28200,卖盘
293,14:38:51,11.29,0.01,23,25966,买盘
294,14:38:48,11.28,-0.01,8,9024,卖盘
295,14:38:45,11.29,--,98,110641,买盘
296,14:38:42,11.29,0.01,98,110641,买盘
297,14:38:39,11.28,--,20,22560,买盘
298,14:38:36,11.28,--,374,421872,卖盘
299,14:38:33,11.28,--,24,27072,卖盘
300,14:38:27,11.28,-0.01,165,186120,卖盘
301,14:38:21,11.29,--,68,76772,买盘
302,14:38:15,11.29,-0.01,190,214509,卖盘
303,14:38:12,11.3,0.01,44,49720,买盘
304,14:38:09,11.29,--,5,5645,卖盘
305,14:38:06,11.29,-0.01,37,41773,卖盘
306,14:38:03,11.3,0.01,350,395500,买盘
307,14:38:00,11.29,--,260,293540,卖盘
308,14:37:57,11.29,--,73,82417,卖盘
309,14:37:54,11.29,--,1,1129,卖盘
310,14:37:51,11.29,--,17,19193,卖盘
311,14:37:48,11.29,--,3,3386,卖盘
312,14:37:45,11.29,--,10,11290,卖盘
313,14:37:39,11.29,-0.01,4,4516,卖盘
314,14:37:36,11.3,0.02,77,87010,买盘
315,14:37:33,11.28,-0.01,85,95880,卖盘
316,14:37:30,11.29,-0.01,64,72256,卖盘
317,14:37:27,11.3,0.02,518,585340,买盘
318,14:37:24,11.28,-0.01,3,3384,卖盘
319,14:37:21,11.29,0.01,67,75643,买盘
320,14:37:18,11.28,-0.01,17,19176,卖盘
321,14:37:15,11.29,0.01,45,50804,买盘
322,14:37:09,11.28,-0.01,1,1128,卖盘
323,14:37:06,11.29,0.01,62,69998,买盘
324,14:37:03,11.28,--,282,318096,卖盘
325,14:37:00,11.28,--,26,29328,卖盘
326,14:36:57,11.28,--,1,1128,卖盘
327,14:36:54,11.28,--,11,12408,卖盘
328,14:36:51,11.28,--,11,12408,卖盘
329,14:36:48,11.28,--,98,110544,卖盘
330,14:36:45,11.28,--,17,19176,卖盘
331,14:36:42,11.28,--,98,110544,卖盘
332,14:36:39,11.28,--,51,57528,卖盘
333,14:36:36,11.28,--,6,6768,卖盘
334,14:36:30,11.28,--,13,14664,卖盘
335,14:36:27,11.28,--,103,116184,卖盘
336,14:36:24,11.28,0.01,10,11280,卖盘
337,14:36:18,11.27,--,22,24794,卖盘
338,14:36:15,11.27,-0.01,263,296401,卖盘
339,14:36:12,11.28,--,20,22560,买盘
340,14:36:09,11.28,--,112,126336,买盘
341,14:36:06,11.28,--,84,94752,买盘
342,14:36:03,11.28,--,20,22560,买盘
343,14:36:00,11.28,-0.01,21,23688,中性盘
344,14:35:48,11.29,0.02,406,458373,买盘
345,14:35:45,11.27,-0.02,27,30429,卖盘
346,14:35:42,11.29,0.01,200,225799,买盘
347,14:35:39,11.28,--,286,322608,卖盘
348,14:35:36,11.28,-0.01,11,12408,卖盘
349,14:35:33,11.29,0.01,44,49675,买盘
350,14:35:30,11.28,--,30,33840,卖盘
351,14:35:27,11.28,--,102,115056,卖盘
352,14:35:24,11.28,-0.01,1,1128,卖盘
353,14:35:21,11.29,0.01,24,27095,买盘
354,14:35:18,11.28,-0.01,64,72192,卖盘
355,14:35:15,11.29,0.01,68,76772,买盘
356,14:35:12,11.28,--,18,20304,卖盘
357,14:35:09,11.28,-0.01,137,154536,卖盘
358,14:35:06,11.29,--,27,30482,买盘
359,14:35:03,11.29,--,23,25966,买盘
360,14:35:00,11.29,--,63,71127,买盘
361,14:34:57,11.29,0.01,34,38386,买盘
362,14:34:54,11.28,--,6,6768,卖盘
363,14:34:51,11.28,--,6,6768,卖盘
364,14:34:48,11.28,--,45,50760,卖盘
365,14:34:45,11.28,--,73,82344,卖盘
366,14:34:42,11.28,--,8,9024,卖盘
367,14:34:39,11.28,--,9,10152,卖盘
368,14:34:36,11.28,-0.01,10,11280,卖盘
369,14:34:33,11.29,0.01,6,6773,买盘
370,14:34:30,11.28,-0.01,14,15792,中性盘
371,14:34:24,11.29,0.01,46,51933,买盘
372,14:34:21,11.28,--,67,75576,买盘
373,14:34:18,11.28,--,73,82344,买盘
374,14:34:15,11.28,--,83,93624,卖盘
375,14:34:12,11.28,-0.01,13,14664,卖盘
376,14:34:09,11.29,0.01,23,25966,买盘
377,14:34:06,11.28,-0.01,36,40608,卖盘
378,14:34:03,11.29,--,400,451599,买盘
379,14:33:57,11.29,0.01,112,126447,买盘
380,14:33:54,11.28,--,20,22560,卖盘
381,14:33:51,11.28,--,18,20304,卖盘
382,14:33:48,11.28,--,102,115056,卖盘
383,14:33:45,11.28,--,35,39480,买盘
384,14:33:42,11.28,0.01,45,50760,买盘
385,14:33:39,11.27,-0.01,15,16905,卖盘
386,14:33:36,11.28,--,10,11280,卖盘
387,14:33:33,11.28,-0.01,268,302304,卖盘
388,14:33:30,11.29,0.01,44,49675,买盘
389,14:33:27,11.28,--,60,67680,卖盘
390,14:33:24,11.28,--,38,42864,卖盘
391,14:33:18,11.28,-0.01,3,3384,卖盘
392,14:33:15,11.29,--,33,37257,买盘
393,14:33:09,11.29,0.01,70,79030,买盘
394,14:33:06,11.28,--,32,36096,卖盘
395,14:33:03,11.28,--,10,11280,卖盘
396,14:33:00,11.28,-0.01,1,1128,卖盘
397,14:32:57,11.29,0.01,89,100480,买盘
398,14:32:54,11.28,--,4,4512,卖盘
399,14:32:51,11.28,0.01,40,45120,中性盘
400,14:32:45,11.27,-0.02,1,1127,卖盘
401,14:32:42,11.29,--,134,151286,买盘
402,14:32:39,11.29,0.01,719,811750,买盘
403,14:32:36,11.28,--,127,143256,买盘
404,14:32:33,11.28,0.01,125,141000,买盘
405,14:32:30,11.27,--,32,36064,卖盘
406,14:32:27,11.27,-0.01,34,38318,卖盘
407,14:32:24,11.28,--,48,54144,买盘
408,14:32:21,11.28,0.01,20,22560,买盘
409,14:32:15,11.27,--,86,96922,卖盘
410,14:32:12,11.27,--,161,181447,卖盘
411,14:32:09,11.27,-0.01,36,40572,卖盘
412,14:32:06,11.28,0.01,102,115056,买盘
413,14:32:00,11.27,--,36,40572,卖盘
414,14:31:57,11.27,-0.01,20,22540,卖盘
415,14:31:54,11.28,0.01,44,49632,买盘
416,14:31:51,11.27,--,28,31556,卖盘
417,14:31:48,11.27,--,29,32683,卖盘
418,14:31:45,11.27,-0.01,31,34937,卖盘
419,14:31:42,11.28,--,28,31584,买盘
420,14:31:39,11.28,0.01,20,22560,买盘
421,14:31:33,11.27,--,58,65366,卖盘
422,14:31:30,11.27,-0.01,71,80017,卖盘
423,14:31:27,11.28,--,83,93624,买盘
424,14:31:24,11.28,0.01,41,46248,买盘
425,14:31:21,11.27,-0.01,10,11270,卖盘
426,14:31:18,11.28,--,4,4512,买盘
427,14:31:15,11.28,--,82,92496,买盘
428,14:31:12,11.28,--,61,68808,买盘
429,14:31:03,11.28,--,30,33840,买盘
430,14:31:00,11.28,0.01,40,45120,买盘
431,14:30:51,11.27,-0.01,33,37191,卖盘
432,14:30:48,11.28,--,296,333888,卖盘
433,14:30:42,11.28,-0.01,62,69936,卖盘
434,14:30:39,11.29,0.01,254,286766,买盘
435,14:30:33,11.28,--,1,1128,卖盘
436,14:30:30,11.28,-0.01,1,1128,卖盘
437,14:30:27,11.29,0.01,100,112899,买盘
438,14:30:24,11.28,-0.01,16,18048,卖盘
439,14:30:21,11.29,0.01,20,22580,买盘
440,14:30:18,11.28,-0.01,50,56400,卖盘
441,14:30:15,11.29,--,86,97093,买盘
442,14:30:12,11.29,--,22,24837,买盘
443,14:30:09,11.29,0.01,1,1129,买盘
444,14:30:06,11.28,--,28,31584,卖盘
445,14:30:03,11.28,--,14,15792,卖盘
446,14:30:00,11.28,--,68,76704,卖盘
447,14:29:57,11.28,-0.01,43,48504,卖盘
448,14:29:48,11.29,0.01,9,10161,买盘
449,14:29:45,11.28,--,3,3384,卖盘
450,14:29:42,11.28,--,12,13536,卖盘
451,14:29:39,11.28,--,99,111672,买盘
452,14:29:36,11.28,--,34,38352,买盘
453,14:29:30,11.28,0.01,8,9024,买盘
454,14:29:24,11.27,--,97,109319,买盘
455,14:29:21,11.27,0.01,88,99176,买盘
456,14:29:18,11.26,-0.01,10,11260,卖盘
457,14:29:15,11.27,0.01,54,60858,买盘
458,14:29:12,11.26,--,20,22520,卖盘
459,14:29:09,11.26,--,7,7882,卖盘
460,14:29:00,11.26,--,100,112600,卖盘
461,14:28:57,11.26,--,9,10134,卖盘
462,14:28:54,11.26,-0.01,2,2252,卖盘
463,14:28:51,11.27,--,55,61985,买盘
464,14:28:48,11.27,0.01,107,120589,买盘
465,14:28:42,11.26,--,13,14638,卖盘
466,14:28:39,11.26,-0.01,10,11260,卖盘
467,14:28:36,11.27,--,5,5635,买盘
468,14:28:27,11.27,-0.01,96,108192,卖盘
469,14:28:24,11.28,0.01,44,49632,中性盘
470,14:28:12,11.27,--,6,6762,卖盘
471,14:28:09,11.27,-0.02,236,267053,卖盘
472,14:28:06,11.29,--,785,886310,卖盘
473,14:28:00,11.29,--,48,54191,卖盘
474,14:27:57,11.29,--,29,32740,卖盘
475,14:27:54,11.29,--,85,95965,卖盘
476,14:27:51,11.29,--,151,170479,卖盘
477,14:27:48,11.29,--,70,79030,卖盘
478,14:27:45,11.29,-0.01,10,11290,卖盘
479,14:27:42,11.3,0.01,97,109610,买盘
480,14:27:36,11.29,--,90,101609,卖盘
481,14:27:33,11.29,-0.01,19,21451,卖盘
482,14:27:30,11.3,--,13,14690,买盘
483,14:27:27,11.3,0.01,22,24860,买盘
484,14:27:24,11.29,-0.01,160,180640,卖盘
485,14:27:21,11.3,0.01,26,29380,买盘
486,14:27:18,11.29,-0.01,220,248379,卖盘
487,14:27:15,11.3,--,10,11300,买盘
488,14:27:09,11.3,0.01,26,29380,买盘
489,14:27:06,11.29,-0.01,24,27095,卖盘
490,14:27:03,11.3,--,155,175150,买盘
491,14:27:00,11.3,--,83,93790,买盘
492,14:26:54,11.3,--,176,198880,买盘
493,14:26:51,11.3,--,31,35030,买盘
494,14:26:45,11.3,0.01,824,931120,买盘
495,14:26:42,11.29,-0.01,8,9032,卖盘
496,14:26:39,11.3,0.01,25,28250,买盘
497,14:26:36,11.29,--,241,272089,卖盘
498,14:26:33,11.29,--,2,2258,卖盘
499,14:26:30,11.29,-0.01,131,147899,卖盘
500,14:26:27,11.3,0.01,128,144640,买盘
501,14:26:24,11.29,--,82,92578,卖盘
502,14:26:21,11.29,-0.01,81,91449,卖盘
503,14:26:18,11.3,--,66,74580,买盘
504,14:26:15,11.3,--,68,76840,买盘
505,14:26:12,11.3,0.01,35,39550,买盘
506,14:26:09,11.29,-0.01,3,3386,卖盘
507,14:26:06,11.3,0.01,123,138990,买盘
508,14:26:03,11.29,--,200,225799,卖盘
509,14:25:57,11.29,0.02,3074,3470545,买盘
510,14:25:54,11.27,--,53,59731,买盘
511,14:25:51,11.27,--,39,43953,买盘
512,14:25:48,11.27,--,56,63112,买盘
513,14:25:39,11.27,--,28,31556,买盘
514,14:25:36,11.27,--,33,37191,买盘
515,14:25:33,11.27,0.01,43,48461,买盘
516,14:25:27,11.26,-0.01,1,1126,卖盘
517,14:25:21,11.27,--,47,52969,买盘
518,14:25:18,11.27,--,26,29302,买盘
519,14:25:09,11.27,0.01,20,22540,买盘
520,14:25:06,11.26,-0.01,7,7882,卖盘
521,14:25:03,11.27,0.01,44,49588,买盘
522,14:25:00,11.26,-0.01,29,32654,卖盘
523,14:24:51,11.27,0.01,22,24794,买盘
524,14:24:48,11.26,-0.01,24,27024,买盘
525,14:24:45,11.27,0.02,16,18032,买盘
526,14:24:42,11.25,-0.02,1,1125,卖盘
527,14:24:39,11.27,--,22,24794,买盘
528,14:24:36,11.27,--,5,5635,买盘
529,14:24:33,11.27,0.01,200,225400,买盘
530,14:24:30,11.26,0.01,23,25898,买盘
531,14:24:24,11.25,-0.01,3,3375,卖盘
532,14:24:21,11.26,--,16,18016,买盘
533,14:24:15,11.26,--,99,111474,买盘
534,14:24:12,11.26,0.01,23,25898,买盘
535,14:24:09,11.25,-0.01,41,46125,卖盘
536,14:24:06,11.26,--,57,64182,买盘
537,14:24:03,11.26,--,37,41662,买盘
538,14:23:57,11.26,--,35,39410,买盘
539,14:23:54,11.26,--,22,24772,买盘
540,14:23:51,11.26,--,9,10134,买盘
541,14:23:48,11.26,0.01,25,28150,买盘
542,14:23:39,11.25,--,14,15750,卖盘
543,14:23:36,11.25,--,22,24750,卖盘
544,14:23:33,11.25,--,8,9000,卖盘
545,14:23:30,11.25,--,3,3375,卖盘
546,14:23:27,11.25,-0.01,1,1125,卖盘
547,14:23:24,11.26,--,41,46166,买盘
548,14:23:21,11.26,--,1,1126,买盘
549,14:23:15,11.26,--,8,9008,买盘
550,14:23:12,11.26,-0.01,104,117104,卖盘
551,14:23:06,11.27,0.01,45,50715,买盘
552,14:23:03,11.26,-0.01,10,11260,卖盘
553,14:23:00,11.27,--,23,25921,买盘
554,14:22:54,11.27,--,47,52969,买盘
555,14:22:48,11.27,--,8,9016,买盘
556,14:22:45,11.27,--,35,39445,买盘
557,14:22:42,11.27,--,17,19159,买盘
558,14:22:39,11.27,--,18,20286,买盘
559,14:22:36,11.27,--,43,48461,买盘
560,14:22:27,11.27,0.01,19,21413,买盘
561,14:22:24,11.26,-0.01,50,56300,卖盘
562,14:22:21,11.27,--,78,87906,买盘
563,14:22:18,11.27,0.01,1215,1369305,买盘
564,14:22:15,11.26,--,254,286004,买盘
565,14:22:12,11.26,0.01,128,144128,买盘
566,14:22:09,11.25,--,478,538447,买盘
567,14:22:06,11.25,0.02,1327,1492875,买盘
568,14:22:03,11.23,--,100,112300,买盘
569,14:21:54,11.23,--,36,40428,买盘
570,14:21:48,11.23,--,36,40428,买盘
571,14:21:45,11.23,0.01,144,161712,买盘
572,14:21:42,11.22,--,466,522852,买盘
573,14:21:39,11.22,0.01,69,77418,买盘
574,14:21:33,11.21,-0.01,10,11210,卖盘
575,14:21:27,11.22,--,8,8976,买盘
576,14:21:24,11.22,--,38,42636,买盘
577,14:21:21,11.22,--,21,23562,买盘
578,14:21:18,11.22,--,68,76296,买盘
579,14:21:09,11.22,--,126,141372,买盘
580,14:21:06,11.22,0.01,178,199716,买盘
581,14:21:03,11.21,--,61,68381,卖盘
582,14:21:00,11.21,--,110,123310,卖盘
583,14:20:51,11.21,-0.01,21,23541,卖盘
584,14:20:48,11.22,--,48,53856,买盘
585,14:20:36,11.22,--,20,22440,买盘
586,14:20:30,11.22,--,23,25806,买盘
587,14:20:24,11.22,0.01,111,124542,买盘
588,14:20:21,11.21,--,5,5605,卖盘
589,14:20:15,11.21,-0.01,551,617671,卖盘
590,14:20:12,11.22,0.01,115,129030,买盘
591,14:20:09,11.21,-0.01,5,5605,卖盘
592,14:20:06,11.22,0.01,1,1122,买盘
593,14:19:57,11.21,-0.01,3,3363,卖盘
594,14:19:54,11.22,--,10,11220,买盘
595,14:19:45,11.22,--,20,22440,买盘
596,14:19:42,11.22,0.01,20,22440,买盘
597,14:19:39,11.21,--,65,72865,卖盘
598,14:19:33,11.21,-0.01,10,11210,卖盘
599,14:19:18,11.22,0.01,24,26928,买盘
600,14:19:15,11.21,--,93,104253,卖盘
601,14:19:03,11.21,-0.01,3,3363,卖盘
602,14:19:00,11.22,0.01,22,24684,买盘
603,14:18:57,11.21,-0.01,50,56050,卖盘
604,14:18:54,11.22,--,1,1122,买盘
605,14:18:51,11.22,0.01,63,70686,买盘
606,14:18:48,11.21,0.01,387,433827,买盘
607,14:18:45,11.2,--,8,8960,卖盘
608,14:18:42,11.2,-0.01,20,22400,卖盘
609,14:18:30,11.21,--,10,11210,买盘
610,14:18:27,11.21,--,23,25783,买盘
611,14:18:18,11.21,--,15,16815,买盘
612,14:18:15,11.21,0.01,12,13452,买盘
613,14:18:09,11.2,-0.01,3,3360,卖盘
614,14:18:06,11.21,--,5,5605,买盘
615,14:18:03,11.21,--,6,6726,买盘
616,14:18:00,11.21,0.01,2,2242,买盘
617,14:17:45,11.2,-0.01,1,1120,卖盘
618,14:17:36,11.21,-0.01,136,152456,卖盘
619,14:17:33,11.22,0.01,30,33660,买盘
620,14:17:21,11.21,-0.01,3,3363,卖盘
621,14:17:09,11.22,--,15,16830,买盘
622,14:16:48,11.22,0.01,38,42636,买盘
623,14:16:45,11.21,-0.01,20,22420,卖盘
624,14:16:42,11.22,--,30,33660,买盘
625,14:16:36,11.22,0.02,150,168300,买盘
626,14:16:33,11.2,-0.02,1091,1221920,卖盘
627,14:16:30,11.22,--,10,11220,买盘
628,14:16:24,11.22,0.01,6,6732,买盘
629,14:16:21,11.21,-0.01,22,24662,卖盘
630,14:16:18,11.22,0.01,27,30294,买盘
631,14:16:15,11.21,-0.01,39,43719,卖盘
632,14:16:12,11.22,0.01,77,86394,买盘
633,14:16:09,11.21,--,91,102011,卖盘
634,14:15:57,11.21,-0.01,362,405802,卖盘
635,14:15:36,11.22,0.01,2,2244,买盘
636,14:15:27,11.21,--,3,3363,卖盘
637,14:15:24,11.21,-0.01,1,1121,卖盘
638,14:15:21,11.22,--,23,25806,买盘
639,14:15:18,11.22,--,28,31416,买盘
640,14:15:15,11.22,--,68,76296,买盘
641,14:15:00,11.22,--,18,20196,买盘
642,14:14:54,11.22,--,5,5610,买盘
643,14:14:42,11.22,--,23,25806,买盘
644,14:14:36,11.22,0.01,26,29172,买盘
645,14:14:33,11.21,-0.01,53,59413,卖盘
646,14:14:30,11.22,--,10,11220,买盘
647,14:14:21,11.22,--,7,7854,买盘
648,14:14:18,11.22,--,38,42636,买盘
649,14:14:15,11.22,--,2,2244,买盘
650,14:14:12,11.22,--,2,2244,买盘
651,14:13:51,11.22,--,16,17952,买盘
652,14:13:48,11.22,0.01,35,39270,买盘
653,14:13:42,11.21,-0.01,40,44840,卖盘
654,14:13:39,11.22,--,49,54978,买盘
655,14:13:33,11.22,--,36,40392,买盘
656,14:13:24,11.22,--,63,70686,买盘
657,14:13:21,11.22,--,200,224400,买盘
658,14:13:15,11.22,--,24,26928,买盘
659,14:13:03,11.22,--,24,26928,买盘
660,14:13:00,11.22,0.01,31,34782,买盘
661,14:12:57,11.21,-0.01,1,1121,卖盘
662,14:12:51,11.22,--,26,29172,买盘
663,14:12:48,11.22,0.01,69,77418,买盘
664,14:12:36,11.21,-0.01,10,11210,卖盘
665,14:12:24,11.22,0.01,2,2244,买盘
666,14:12:15,11.21,-0.01,10,11210,卖盘
667,14:12:09,11.22,--,20,22440,买盘
668,14:12:06,11.22,0.01,38,42636,买盘
669,14:11:54,11.21,-0.01,3,3363,卖盘
670,14:11:51,11.22,--,5,5610,买盘
671,14:11:36,11.22,--,4,4488,买盘
672,14:11:18,11.22,--,38,42636,买盘
673,14:11:12,11.22,0.01,2,2244,买盘
674,14:11:03,11.21,-0.01,8,8968,卖盘
675,14:11:00,11.22,-0.01,49,54978,中性盘
676,14:10:57,11.23,--,40,44920,买盘
677,14:10:36,11.23,0.01,447,501981,买盘
678,14:10:30,11.22,--,9,10098,中性盘
679,14:10:24,11.22,0.01,38,42636,买盘
680,14:10:15,11.21,-0.01,9,10089,卖盘
681,14:10:12,11.22,0.01,1,1122,中性盘
682,14:10:03,11.21,--,2,2242,卖盘
683,14:10:00,11.21,--,9,10089,卖盘
684,14:09:51,11.21,-0.01,3,3363,卖盘
685,14:09:48,11.22,0.01,1,1122,中性盘
686,14:09:33,11.21,-0.01,52,58292,卖盘
687,14:09:27,11.22,--,2,2244,卖盘
688,14:09:21,11.22,-0.01,2,2244,卖盘
689,14:09:15,11.23,0.01,10,11230,买盘
690,14:09:06,11.22,--,4,4488,卖盘
691,14:08:48,11.22,--,10,11220,卖盘
692,14:08:39,11.22,--,8,8976,卖盘
693,14:08:36,11.22,-0.01,1,1122,卖盘
694,14:08:33,11.23,0.01,1,1123,买盘
695,14:08:24,11.22,0.01,5,5610,中性盘
696,14:08:15,11.21,-0.02,2,2242,卖盘
697,14:08:12,11.23,0.01,450,505350,买盘
698,14:08:09,11.22,0.01,161,180642,买盘
699,14:08:06,11.21,-0.01,2,2242,卖盘
700,14:07:57,11.22,--,64,71808,买盘
701,14:07:45,11.22,0.01,25,28050,中性盘
702,14:07:39,11.21,-0.01,10,11210,卖盘
703,14:07:30,11.22,--,296,332112,买盘
704,14:07:21,11.22,0.01,51,57222,买盘
705,14:07:09,11.21,-0.01,72,80712,卖盘
706,14:07:06,11.22,0.01,7,7854,买盘
707,14:06:57,11.21,-0.01,83,93043,卖盘
708,14:06:51,11.22,--,20,22440,买盘
709,14:06:48,11.22,--,5,5610,买盘
710,14:06:42,11.22,0.01,29,32538,买盘
711,14:06:39,11.21,-0.01,8,8968,卖盘
712,14:06:33,11.22,--,10,11220,买盘
713,14:06:30,11.22,--,1,1122,买盘
714,14:06:21,11.22,--,83,93126,卖盘
715,14:06:18,11.22,-0.01,3,3366,卖盘
716,14:06:15,11.23,--,6,6738,买盘
717,14:06:09,11.23,0.01,420,471660,买盘
718,14:06:03,11.22,--,60,67320,卖盘
719,14:06:00,11.22,--,201,225522,卖盘
720,14:05:54,11.22,-0.01,3,3366,卖盘
721,14:05:51,11.23,0.01,15,16845,买盘
722,14:05:42,11.22,--,8,8976,卖盘
723,14:05:39,11.22,--,3,3366,卖盘
724,14:05:36,11.22,0.01,10,11220,中性盘
725,14:05:30,11.21,--,15,16815,卖盘
726,14:05:27,11.21,-0.01,8,8968,卖盘
727,14:05:24,11.22,0.01,22,24684,买盘
728,14:05:21,11.21,-0.01,3,3363,卖盘
729,14:05:18,11.22,0.01,10,11220,买盘
730,14:05:12,11.21,--,50,56050,卖盘
731,14:04:54,11.21,-0.02,30,33630,卖盘
732,14:04:51,11.23,0.02,48,53904,买盘
733,14:04:48,11.21,--,3,3363,卖盘
734,14:04:45,11.21,-0.01,201,225321,卖盘
735,14:04:39,11.22,--,11,12342,卖盘
736,14:04:30,11.22,-0.01,26,29172,中性盘
737,14:04:27,11.23,0.01,999,1121877,买盘
738,14:04:21,11.22,--,17,19074,买盘
739,14:04:12,11.22,-0.01,1,1122,卖盘
740,14:03:54,11.23,--,1,1123,买盘
741,14:03:51,11.23,--,7,7861,买盘
742,14:03:48,11.23,0.01,23,25829,买盘
743,14:03:45,11.22,--,50,56100,卖盘
744,14:03:36,11.22,--,4,4488,卖盘
745,14:03:33,11.22,-0.01,60,67320,卖盘
746,14:03:24,11.23,--,23,25829,买盘
747,14:03:21,11.23,--,15,16845,买盘
748,14:03:03,11.23,--,4,4492,买盘
749,14:02:54,11.23,--,24,26952,买盘
750,14:02:51,11.23,--,22,24706,买盘
751,14:02:48,11.23,0.01,24,26952,买盘
752,14:02:39,11.22,-0.01,4,4488,卖盘
753,14:02:36,11.23,0.01,68,76364,买盘
754,14:02:30,11.22,-0.01,50,56100,卖盘
755,14:02:27,11.23,--,23,25829,买盘
756,14:02:15,11.23,--,13,14599,买盘
757,14:02:12,11.23,--,68,76364,买盘
758,14:02:03,11.23,--,23,25829,买盘
759,14:01:54,11.23,0.01,27,30321,买盘
760,14:01:48,11.22,-0.01,111,124542,卖盘
761,14:01:45,11.23,0.01,48,53904,买盘
762,14:01:42,11.22,-0.01,8,8976,卖盘
763,14:01:39,11.23,--,22,24706,买盘
764,14:01:33,11.23,--,86,96578,买盘
765,14:01:24,11.23,--,96,107808,买盘
766,14:01:21,11.23,--,13,14599,买盘
767,14:01:15,11.23,--,20,22460,买盘
768,14:01:09,11.23,--,14,15722,买盘
769,14:01:06,11.23,--,9,10107,买盘
770,14:01:00,11.23,0.01,68,76364,买盘
771,14:00:57,11.22,--,158,177276,买盘
772,14:00:54,11.22,--,67,75174,买盘
773,14:00:45,11.22,--,69,77418,买盘
774,14:00:39,11.22,0.02,31,34782,买盘
775,14:00:33,11.2,--,37,41888,卖盘
776,14:00:30,11.2,--,113,126559,卖盘
777,14:00:12,11.2,--,54,60479,买盘
778,14:00:06,11.2,--,19,21280,买盘
779,14:00:03,11.2,--,218,244159,买盘
780,14:00:00,11.2,--,14,15679,买盘
781,13:59:57,11.2,--,202,226240,买盘
782,13:59:54,11.2,-0.02,109,122079,卖盘
783,13:59:51,11.22,--,16,17952,卖盘
784,13:59:48,11.22,--,184,206448,买盘
785,13:59:42,11.22,--,3,3366,买盘
786,13:59:39,11.22,--,43,48246,买盘
787,13:59:33,11.22,0.03,7,7854,中性盘
788,13:59:18,11.19,-0.01,855,956946,卖盘
789,13:59:12,11.2,-0.03,172,193558,卖盘
790,13:59:09,11.23,0.03,69,77487,买盘
791,13:59:06,11.2,--,119,133481,买盘
792,13:59:03,11.2,--,207,231839,买盘
793,13:59:00,11.2,--,10,11200,买盘
794,13:58:45,11.2,--,17,19040,买盘
795,13:58:42,11.2,--,48,53760,买盘
796,13:58:39,11.2,--,713,799478,卖盘
797,13:58:30,11.2,--,180,201600,卖盘
798,13:58:27,11.2,-0.01,2181,2442921,卖盘
799,13:58:21,11.21,--,88,98648,买盘
800,13:58:18,11.21,-0.01,832,933591,卖盘
801,13:58:15,11.22,-0.01,11,12342,卖盘
802,13:58:12,11.23,--,16,17968,买盘
803,13:58:03,11.23,0.01,9,10107,买盘
804,13:57:42,11.22,-0.01,54,60588,卖盘
805,13:57:39,11.23,0.01,543,609789,买盘
806,13:57:33,11.22,-0.01,12,13464,卖盘
807,13:57:30,11.23,0.01,118,132514,买盘
808,13:57:27,11.22,--,10,11220,卖盘
809,13:57:21,11.22,-0.01,12,13464,卖盘
810,13:57:18,11.23,--,196,220108,买盘
811,13:57:15,11.23,0.01,901,1011823,买盘
812,13:57:09,11.22,--,28,31416,卖盘
813,13:57:06,11.22,-0.01,112,125664,卖盘
814,13:56:45,11.23,--,1,1123,买盘
815,13:56:39,11.23,0.01,30,33690,买盘
816,13:56:36,11.22,-0.01,30,33660,卖盘
817,13:56:33,11.23,0.01,209,234707,买盘
818,13:56:30,11.22,--,98,109956,卖盘
819,13:56:15,11.22,-0.01,6,6732,卖盘
820,13:56:09,11.23,0.01,49,55027,买盘
821,13:56:06,11.22,--,15,16830,卖盘
822,13:56:03,11.22,--,11,12342,卖盘
823,13:55:57,11.22,-0.01,76,85272,卖盘
824,13:55:51,11.23,--,3,3369,买盘
825,13:55:48,11.23,0.01,10,11230,买盘
826,13:55:42,11.22,-0.01,29,32538,卖盘
827,13:55:39,11.23,--,80,89840,买盘
828,13:55:36,11.23,--,48,53904,买盘
829,13:55:24,11.23,--,13,14599,买盘
830,13:55:12,11.23,--,25,28075,买盘
831,13:55:09,11.23,0.01,1,1123,买盘
832,13:55:06,11.22,--,6,6732,卖盘
833,13:55:03,11.22,-0.01,36,40392,卖盘
834,13:55:00,11.23,--,19,21337,买盘
835,13:54:57,11.23,0.01,5,5615,买盘
836,13:54:54,11.22,--,7,7854,卖盘
837,13:54:51,11.22,-0.01,9,10098,卖盘
838,13:54:48,11.23,0.01,8,8984,买盘
839,13:54:39,11.22,--,54,60588,卖盘
840,13:54:36,11.22,--,76,85272,卖盘
841,13:54:33,11.22,--,28,31416,卖盘
842,13:54:27,11.22,--,23,25806,卖盘
843,13:54:24,11.22,--,35,39270,卖盘
844,13:54:03,11.22,--,2,2244,卖盘
845,13:53:57,11.22,-0.01,25,28050,卖盘
846,13:53:48,11.23,--,11,12353,买盘
847,13:53:45,11.23,--,14,15722,买盘
848,13:53:39,11.23,--,32,35936,买盘
849,13:53:36,11.23,0.01,10,11230,买盘
850,13:53:33,11.22,-0.01,6,6732,卖盘
851,13:53:30,11.23,--,20,22460,买盘
852,13:53:24,11.23,--,15,16845,买盘
853,13:53:15,11.23,-0.01,75,84225,卖盘
854,13:53:06,11.24,0.02,10,11240,买盘
855,13:53:00,11.22,-0.01,15,17031,卖盘
856,13:52:57,11.23,--,3,4289,卖盘
857,13:52:54,11.23,--,106,119240,买盘
858,13:52:51,11.23,--,19,21337,买盘
859,13:52:48,11.23,0.01,10,11230,买盘
860,13:52:42,11.22,-0.01,33,37026,卖盘
861,13:52:39,11.23,--,29,32567,买盘
862,13:52:33,11.23,0.01,48,53904,买盘
863,13:52:30,11.22,-0.01,6,6732,卖盘
864,13:52:27,11.23,--,24,26952,买盘
865,13:52:24,11.23,--,52,58396,买盘
866,13:52:21,11.23,--,79,88717,买盘
867,13:52:18,11.23,0.01,23,25829,买盘
868,13:52:12,11.22,--,15,16830,卖盘
869,13:51:57,11.22,-0.01,6,6732,卖盘
870,13:51:54,11.23,--,373,418879,买盘
871,13:51:48,11.23,--,15,16845,买盘
872,13:51:45,11.23,--,2,2246,买盘
873,13:51:42,11.23,--,587,659201,买盘
874,13:51:39,11.23,0.01,32,35936,买盘
875,13:51:36,11.22,-0.01,2,2244,卖盘
876,13:51:30,11.23,0.01,24,26952,买盘
877,13:51:24,11.22,-0.01,8,8976,卖盘
878,13:51:21,11.23,--,68,76364,买盘
879,13:51:18,11.23,--,69,77487,买盘
880,13:51:09,11.23,--,13,14599,买盘
881,13:51:06,11.23,--,40,44920,买盘
882,13:51:03,11.23,--,155,174065,买盘
883,13:51:00,11.23,--,22,24706,买盘
884,13:50:54,11.23,--,89,99947,买盘
885,13:50:51,11.23,--,94,105562,买盘
886,13:50:48,11.23,--,44,49412,买盘
887,13:50:39,11.23,--,28,31444,买盘
888,13:50:36,11.23,--,91,102193,买盘
889,13:50:33,11.23,0.01,3,3369,买盘
890,13:50:30,11.22,-0.01,17,19074,卖盘
891,13:50:27,11.23,--,66,74118,买盘
892,13:50:24,11.23,0.01,2,2246,买盘
893,13:50:15,11.22,--,14,15708,卖盘
894,13:50:12,11.22,-0.01,69,77418,卖盘
895,13:50:09,11.23,--,22,24706,买盘
896,13:50:03,11.23,--,60,67380,买盘
897,13:50:00,11.23,0.01,67,75241,买盘
898,13:49:57,11.22,0.01,8,8976,中性盘
899,13:49:48,11.21,--,7,7847,卖盘
900,13:49:45,11.21,-0.01,37,41477,卖盘
901,13:49:39,11.22,--,33,37026,买盘
902,13:49:36,11.22,0.01,69,77418,买盘
903,13:49:24,11.21,-0.02,14,15694,卖盘
904,13:49:21,11.23,0.02,51,57273,买盘
905,13:49:18,11.21,-0.01,5,5605,卖盘
906,13:49:15,11.22,-0.01,48,53856,卖盘
907,13:49:12,11.23,--,10,11230,买盘
908,13:49:06,11.23,--,13,14599,买盘
909,13:48:54,11.23,0.01,68,76364,买盘
910,13:48:51,11.22,0.01,52,58344,买盘
911,13:48:48,11.21,-0.01,3,3363,卖盘
912,13:48:39,11.22,--,58,65076,买盘
913,13:48:36,11.22,--,189,212058,买盘
914,13:48:33,11.22,--,8,8976,买盘
915,13:48:30,11.22,0.01,70,78540,买盘
916,13:48:21,11.21,--,92,103132,买盘
917,13:48:18,11.21,--,9,10089,买盘
918,13:48:15,11.21,--,23,25783,买盘
919,13:48:09,11.21,--,11,12331,买盘
920,13:48:06,11.21,--,68,76228,买盘
921,13:47:57,11.21,--,72,80712,买盘
922,13:47:54,11.21,--,77,86317,买盘
923,13:47:51,11.21,--,24,26904,买盘
924,13:47:48,11.21,--,23,25783,买盘
925,13:47:45,11.21,--,47,52687,买盘
926,13:47:42,11.21,--,200,224200,买盘
927,13:47:39,11.21,--,50,56050,买盘
928,13:47:36,11.21,0.01,23,25783,买盘
929,13:47:33,11.2,-0.01,3,3360,卖盘
930,13:47:30,11.21,--,85,95285,买盘
931,13:47:24,11.21,--,23,25783,买盘
932,13:47:21,11.21,--,103,115463,买盘
933,13:47:15,11.21,--,1,1121,买盘
934,13:47:12,11.21,--,30,33630,买盘
935,13:47:09,11.21,--,6,6726,买盘
936,13:47:06,11.21,0.01,2,2242,买盘
937,13:47:03,11.2,-0.01,7,8063,卖盘
938,13:47:00,11.21,0.01,22,24662,买盘
939,13:46:57,11.2,-0.01,26,29119,卖盘
940,13:46:54,11.21,0.01,23,25783,买盘
941,13:46:51,11.2,--,358,400960,买盘
942,13:46:45,11.2,--,2,2240,买盘
943,13:46:39,11.2,0.01,78,87360,买盘
944,13:46:36,11.19,-0.01,6,6714,卖盘
945,13:46:33,11.2,--,4,4480,买盘
946,13:46:30,11.2,--,55,61599,买盘
947,13:46:27,11.2,--,122,136640,买盘
948,13:46:24,11.2,--,21,23520,买盘
949,13:46:21,11.2,--,20,22400,买盘
950,13:46:18,11.2,--,29,32479,买盘
951,13:46:15,11.2,--,88,98560,买盘
952,13:46:06,11.2,0.01,46,51520,买盘
953,13:46:03,11.19,-0.01,219,245061,卖盘
954,13:46:00,11.2,--,17,19040,买盘
955,13:45:57,11.2,--,3,3360,买盘
956,13:45:54,11.2,--,10,11200,买盘
957,13:45:51,11.2,--,74,82880,买盘
958,13:45:48,11.2,--,1,1120,买盘
959,13:45:45,11.2,--,74,82880,买盘
960,13:45:42,11.2,--,52,58239,买盘
961,13:45:39,11.2,--,31,34720,买盘
962,13:45:27,11.2,--,61,68320,买盘
963,13:45:24,11.2,--,20,22400,买盘
964,13:45:21,11.2,0.01,97,108640,买盘
965,13:45:18,11.19,-0.01,25,27975,卖盘
966,13:45:06,11.2,--,1,1120,买盘
967,13:45:00,11.2,--,10,11200,买盘
968,13:44:57,11.2,--,1,1120,买盘
969,13:44:54,11.2,-0.01,153,171360,卖盘
970,13:44:51,11.21,--,514,576194,买盘
971,13:44:48,11.21,--,30,33630,买盘
972,13:44:39,11.21,0.01,32,35872,买盘
973,13:44:33,11.2,--,10,11200,卖盘
974,13:44:30,11.2,-0.01,26,29119,卖盘
975,13:44:27,11.21,--,5,5605,买盘
976,13:44:24,11.21,0.01,60,67260,买盘
977,13:44:00,11.2,--,3,3360,卖盘
978,13:43:57,11.2,--,6,6720,卖盘
979,13:43:51,11.2,-0.01,10,11200,卖盘
980,13:43:39,11.21,0.01,30,33630,买盘
981,13:43:36,11.2,--,11,12320,卖盘
982,13:43:33,11.2,--,11,12320,卖盘
983,13:43:27,11.2,--,4,4480,卖盘
984,13:43:24,11.2,0.01,7,7839,买盘
985,13:43:18,11.19,-0.01,3,3357,卖盘
986,13:43:15,11.2,--,3,3360,买盘
987,13:43:06,11.2,--,44,49280,卖盘
988,13:42:48,11.2,--,4,4480,买盘
989,13:42:39,11.2,--,43,48160,卖盘
990,13:42:21,11.2,--,37,41440,买盘
991,13:42:18,11.2,--,4,4480,买盘
992,13:42:09,11.2,--,54,60479,买盘
993,13:42:06,11.2,--,35,39200,买盘
994,13:42:03,11.2,--,10,11200,买盘
995,13:42:00,11.2,-0.01,27,30239,卖盘
996,13:41:57,11.21,--,5,5605,买盘
997,13:41:48,11.21,0.01,1,1121,中性盘
998,13:41:45,11.2,--,83,92960,买盘
999,13:41:42,11.2,--,7,7839,买盘
1000,13:41:39,11.2,--,28,31359,买盘
1001,13:41:36,11.2,0.01,5,5600,买盘
1002,13:41:33,11.19,--,28,31332,卖盘
1003,13:41:30,11.19,-0.01,53,59307,卖盘
1004,13:41:21,11.2,--,5,5600,买盘
1005,13:41:18,11.2,0.01,205,229599,买盘
1006,13:41:15,11.19,-0.01,3,3357,卖盘
1007,13:41:12,11.2,--,33,36960,买盘
1008,13:41:09,11.2,--,47,52640,买盘
1009,13:41:03,11.2,--,20,22400,买盘
1010,13:41:00,11.2,--,10,11200,买盘
1011,13:40:54,11.2,--,6,6720,买盘
1012,13:40:51,11.2,--,9,10080,买盘
1013,13:40:48,11.2,-0.01,770,862400,卖盘
1014,13:40:39,11.21,-0.01,131,146851,卖盘
1015,13:40:33,11.22,0.01,8,8976,买盘
1016,13:40:27,11.21,-0.01,3,3363,卖盘
1017,13:40:24,11.22,--,2,2244,买盘
1018,13:40:12,11.22,--,8,8976,买盘
1019,13:40:09,11.22,--,55,61710,买盘
1020,13:39:51,11.22,--,1,1122,买盘
1021,13:39:48,11.22,--,100,112200,买盘
1022,13:39:39,11.22,--,34,38148,买盘
1023,13:39:33,11.22,0.01,63,70686,买盘
1024,13:39:30,11.21,-0.01,3,3363,卖盘
1025,13:39:27,11.22,--,14,15708,买盘
1026,13:39:21,11.22,--,5,5610,买盘
1027,13:39:18,11.22,--,8,8976,卖盘
1028,13:39:15,11.22,--,25,28050,卖盘
1029,13:39:06,11.22,-0.01,205,230010,卖盘
1030,13:38:57,11.23,0.01,2,2246,买盘
1031,13:38:54,11.22,--,9,10098,卖盘
1032,13:38:42,11.22,--,3,3366,卖盘
1033,13:38:39,11.22,--,34,38148,卖盘
1034,13:38:27,11.22,--,7,7854,卖盘
1035,13:38:18,11.22,-0.01,8,8976,卖盘
1036,13:38:15,11.23,0.01,50,56150,买盘
1037,13:38:03,11.22,--,199,223278,买盘
1038,13:37:57,11.22,--,3,3366,买盘
1039,13:37:54,11.22,--,4,4488,买盘
1040,13:37:45,11.22,--,124,139128,卖盘
1041,13:37:42,11.22,-0.01,5,5610,卖盘
1042,13:37:39,11.23,0.01,67,75241,买盘
1043,13:37:30,11.22,-0.01,141,158202,卖盘
1044,13:37:27,11.23,0.01,10,11230,买盘
1045,13:37:24,11.22,--,3,3366,卖盘
1046,13:37:12,11.22,-0.01,30,33660,卖盘
1047,13:37:09,11.23,0.01,25,28075,买盘
1048,13:36:57,11.22,-0.01,3,3366,卖盘
1049,13:36:54,11.23,0.01,1,1123,买盘
1050,13:36:48,11.22,-0.01,3,3366,卖盘
1051,13:36:45,11.23,--,24,26952,买盘
1052,13:36:39,11.23,0.01,30,33690,买盘
1053,13:36:33,11.22,-0.01,402,451044,卖盘
1054,13:36:27,11.23,--,1,1123,买盘
1055,13:36:24,11.23,--,16,17968,买盘
1056,13:36:21,11.23,0.01,29,32567,买盘
1057,13:36:15,11.22,--,20,22440,卖盘
1058,13:36:12,11.22,-0.01,1,1122,卖盘
1059,13:36:09,11.23,--,2,2246,买盘
1060,13:36:06,11.23,0.01,24,26952,买盘
1061,13:35:57,11.22,-0.01,3,3366,卖盘
1062,13:35:54,11.23,0.01,24,26952,买盘
1063,13:35:48,11.22,--,127,142494,买盘
1064,13:35:45,11.22,0.01,20,22440,买盘
1065,13:35:39,11.21,-0.01,32,35872,卖盘
1066,13:35:36,11.22,--,36,40392,买盘
1067,13:35:30,11.22,--,100,112200,买盘
1068,13:35:27,11.22,--,7,7854,买盘
1069,13:35:18,11.22,0.01,8,8976,买盘
1070,13:35:15,11.21,-0.01,110,123310,卖盘
1071,13:35:12,11.22,--,46,51612,买盘
1072,13:35:09,11.22,0.01,50,56100,买盘
1073,13:35:03,11.21,-0.01,31,34751,卖盘
1074,13:35:00,11.22,0.01,5,5610,买盘
1075,13:34:54,11.21,-0.01,10,11210,卖盘
1076,13:34:45,11.22,0.02,16,17952,买盘
1077,13:34:39,11.2,--,64,71680,卖盘
1078,13:34:27,11.2,--,18,20160,买盘
1079,13:34:21,11.2,0.01,2,2240,中性盘
1080,13:34:09,11.19,0.01,38,42522,买盘
1081,13:34:06,11.18,-0.01,74,82732,卖盘
1082,13:34:03,11.19,--,27,30213,买盘
1083,13:34:00,11.19,--,454,508026,买盘
1084,13:33:57,11.19,--,525,587475,卖盘
1085,13:33:54,11.19,--,78,87282,买盘
1086,13:33:51,11.19,--,460,514740,买盘
1087,13:33:45,11.19,--,10,11190,买盘
1088,13:33:42,11.19,--,100,111900,买盘
1089,13:33:39,11.19,--,584,653496,卖盘
1090,13:33:36,11.19,-0.01,578,646782,卖盘
1091,13:33:33,11.2,--,2,2240,买盘
1092,13:33:30,11.2,--,30,33600,买盘
1093,13:33:27,11.2,-0.03,39,44598,卖盘
1094,13:33:24,11.23,0.03,22,24706,买盘
1095,13:33:21,11.2,--,15,16800,卖盘
1096,13:33:18,11.2,--,1,1120,卖盘
1097,13:33:15,11.2,-0.03,200,224000,卖盘
1098,13:33:12,11.23,--,12,13476,买盘
1099,13:33:03,11.23,0.03,15,16845,买盘
1100,13:33:00,11.2,--,86,96521,买盘
1101,13:32:57,11.2,--,11,12320,买盘
1102,13:32:54,11.2,--,10,11200,买盘
1103,13:32:51,11.2,--,14,15679,买盘
1104,13:32:48,11.2,--,107,119839,买盘
1105,13:32:45,11.2,-0.02,575,644918,卖盘
1106,13:32:42,11.22,-0.01,12,13464,卖盘
1107,13:32:39,11.23,0.01,29,32567,买盘
1108,13:32:24,11.22,--,5,5610,卖盘
1109,13:32:21,11.22,0.02,3,3366,卖盘
1110,13:32:18,11.2,-0.02,1500,1680000,卖盘
1111,13:32:15,11.22,--,28,32313,买盘
1112,13:32:12,11.22,0.01,118,132396,买盘
1113,13:32:09,11.21,-0.01,900,1008900,卖盘
1114,13:32:03,11.22,--,4,4488,买盘
1115,13:32:00,11.22,--,72,81008,卖盘
1116,13:31:39,11.22,-0.01,298,334356,卖盘
1117,13:31:36,11.23,--,30,33690,卖盘
1118,13:31:27,11.23,--,3,3369,卖盘
1119,13:31:24,11.23,--,48,53904,买盘
1120,13:31:21,11.23,--,100,112300,买盘
1121,13:31:18,11.23,--,23,25829,买盘
1122,13:31:03,11.23,--,3,3369,买盘
1123,13:30:39,11.23,0.01,33,37059,买盘
1124,13:30:36,11.22,-0.01,3,3366,卖盘
1125,13:30:33,11.23,--,75,84225,卖盘
1126,13:30:21,11.23,-0.01,40,44920,卖盘
1127,13:30:18,11.24,--,20,22480,买盘
1128,13:30:15,11.24,--,9,10116,买盘
1129,13:30:12,11.24,0.02,10,11240,买盘
1130,13:30:09,11.22,-0.02,750,841500,卖盘
1131,13:30:03,11.24,0.02,33,37092,买盘
1132,13:30:00,11.22,-0.01,300,336600,卖盘
1133,13:29:57,11.23,-0.01,100,112300,卖盘
1134,13:29:45,11.24,0.01,15,16860,买盘
1135,13:29:39,11.23,--,33,37059,卖盘
1136,13:29:36,11.23,-0.01,1,1123,卖盘
1137,13:29:33,11.24,0.01,7,7868,买盘
1138,13:29:30,11.23,-0.01,39,43797,卖盘
1139,13:29:27,11.24,0.01,3,3372,买盘
1140,13:29:21,11.23,--,104,116792,卖盘
1141,13:29:12,11.23,-0.01,8,8984,卖盘
1142,13:29:09,11.24,--,20,22480,买盘
1143,13:29:06,11.24,0.01,228,256272,买盘
1144,13:29:03,11.23,-0.01,9,10107,卖盘
1145,13:28:54,11.24,0.01,15,16860,买盘
1146,13:28:48,11.23,--,3,3369,卖盘
1147,13:28:45,11.23,-0.02,837,939951,卖盘
1148,13:28:39,11.25,0.01,33,37125,买盘
1149,13:28:36,11.24,--,305,342820,买盘
1150,13:28:33,11.24,--,45,50580,买盘
1151,13:28:30,11.24,--,1,1124,买盘
1152,13:28:27,11.24,--,103,115772,买盘
1153,13:28:24,11.24,--,42,47208,买盘
1154,13:28:21,11.24,0.01,50,56200,买盘
1155,13:28:18,11.23,-0.01,30,33690,卖盘
1156,13:28:06,11.24,0.01,66,74184,买盘
1157,13:28:03,11.23,--,20,22460,卖盘
1158,13:27:51,11.23,-0.01,3,3369,卖盘
1159,13:27:45,11.24,--,68,76432,买盘
1160,13:27:42,11.24,--,8,8992,买盘
1161,13:27:39,11.24,0.01,36,40464,买盘
1162,13:27:30,11.23,-0.01,250,280750,卖盘
1163,13:27:24,11.24,--,57,64068,买盘
1164,13:27:21,11.24,--,239,268636,买盘
1165,13:27:15,11.24,0.01,44,49456,买盘
1166,13:27:12,11.23,--,4,4492,卖盘
1167,13:27:00,11.23,--,3,3369,中性盘
1168,13:26:57,11.23,--,135,151605,买盘
1169,13:26:51,11.23,--,30,33690,买盘
1170,13:26:42,11.23,--,7,7861,买盘
1171,13:26:39,11.23,--,32,35936,买盘
1172,13:26:36,11.23,--,5,5615,买盘
1173,13:26:33,11.23,--,2,2246,买盘
1174,13:26:30,11.23,0.01,10,11230,中性盘
1175,13:26:27,11.22,-0.02,68,76296,卖盘
1176,13:26:24,11.24,0.01,15,16860,买盘
1177,13:26:21,11.23,-0.01,3,3369,卖盘
1178,13:26:18,11.24,0.01,5,5620,买盘
1179,13:26:12,11.23,--,1,1123,买盘
1180,13:26:09,11.23,-0.01,10,11230,卖盘
1181,13:26:06,11.24,0.02,3,3372,买盘
1182,13:26:00,11.22,-0.01,251,282519,卖盘
1183,13:25:54,11.23,-0.01,11,12353,中性盘
1184,13:25:42,11.24,--,3,3372,买盘
1185,13:25:39,11.24,--,31,34844,买盘
1186,13:25:36,11.24,0.02,15,16860,买盘
1187,13:25:24,11.22,--,1406,1578452,卖盘
1188,13:25:21,11.22,--,15,16830,卖盘
1189,13:25:18,11.22,--,43,48246,买盘
1190,13:25:15,11.22,--,43,48246,买盘
1191,13:25:12,11.22,--,67,75174,买盘
1192,13:25:06,11.22,--,70,78540,买盘
1193,13:25:00,11.22,--,50,56100,买盘
1194,13:24:57,11.22,--,210,235620,卖盘
1195,13:24:54,11.22,-0.01,5,5610,卖盘
1196,13:24:51,11.23,0.01,4,4492,买盘
1197,13:24:48,11.22,-0.01,21,23562,卖盘
1198,13:24:45,11.23,0.01,237,266151,买盘
1199,13:24:42,11.22,-0.01,20,22440,卖盘
1200,13:24:39,11.23,--,31,34813,买盘
1201,13:24:36,11.23,--,1047,1175983,卖盘
1202,13:24:27,11.23,--,3,3369,卖盘
1203,13:24:24,11.23,-0.01,5,5615,卖盘
1204,13:24:09,11.24,0.01,106,119144,买盘
1205,13:24:06,11.23,-0.01,100,112300,卖盘
1206,13:24:03,11.24,--,10,11240,买盘
1207,13:23:57,11.24,--,16,17984,买盘
1208,13:23:54,11.24,0.01,80,89920,买盘
1209,13:23:42,11.23,-0.01,17,19091,卖盘
1210,13:23:39,11.24,--,35,39340,买盘
1211,13:23:36,11.24,0.01,13,14612,买盘
1212,13:23:30,11.23,--,3,3369,卖盘
1213,13:23:27,11.23,--,3,3369,卖盘
1214,13:23:24,11.23,-0.01,65,72995,卖盘
1215,13:23:06,11.24,--,15,16860,买盘
1216,13:23:03,11.24,--,1967,2211132,卖盘
1217,13:23:00,11.24,-0.01,23,25852,卖盘
1218,13:22:57,11.25,--,2,2250,买盘
1219,13:22:48,11.25,-0.01,387,435375,卖盘
1220,13:22:42,11.26,0.01,110,123860,买盘
1221,13:22:39,11.25,--,40,45000,卖盘
1222,13:22:33,11.25,--,115,129375,卖盘
1223,13:22:30,11.25,-0.01,20,22500,卖盘
1224,13:22:21,11.26,0.01,19,21394,买盘
1225,13:22:09,11.25,--,5,5625,卖盘
1226,13:22:00,11.25,--,32,36000,卖盘
1227,13:21:57,11.25,--,10,11250,卖盘
1228,13:21:48,11.25,--,10,11250,卖盘
1229,13:21:42,11.25,-0.01,122,137250,卖盘
1230,13:21:39,11.26,--,28,31528,买盘
1231,13:21:24,11.26,0.01,10,11260,买盘
1232,13:21:15,11.25,-0.01,1,1125,卖盘
1233,13:21:12,11.26,0.01,107,120482,买盘
1234,13:21:09,11.25,-0.01,20,22500,卖盘
1235,13:20:57,11.26,0.01,2,2252,买盘
1236,13:20:54,11.25,-0.01,3,3375,卖盘
1237,13:20:51,11.26,--,29,32654,买盘
1238,13:20:48,11.26,0.01,6,6756,买盘
1239,13:20:39,11.25,--,83,93375,卖盘
1240,13:20:24,11.25,-0.01,5,5625,卖盘
1241,13:20:09,11.26,--,14,15764,卖盘
1242,13:20:03,11.26,--,29,32654,卖盘
1243,13:20:00,11.26,--,8,9008,卖盘
1244,13:19:57,11.26,--,676,761176,买盘
1245,13:19:39,11.26,0.01,378,425628,买盘
1246,13:19:36,11.25,--,10,11250,卖盘
1247,13:19:24,11.25,-0.01,10,11250,卖盘
1248,13:19:09,11.26,0.01,6,6756,买盘
1249,13:19:00,11.25,--,32,36000,卖盘
1250,13:18:57,11.25,-0.01,3,3375,卖盘
1251,13:18:54,11.26,--,5,5630,卖盘
1252,13:18:48,11.26,-0.01,25,28150,中性盘
1253,13:18:39,11.27,0.02,35,39445,买盘
1254,13:18:36,11.25,-0.01,641,721125,卖盘
1255,13:18:33,11.26,--,25,28150,卖盘
1256,13:18:30,11.26,--,6,6756,卖盘
1257,13:18:24,11.26,--,30,33780,卖盘
1258,13:18:09,11.26,--,32,36032,卖盘
1259,13:18:03,11.26,-0.01,9,10134,卖盘
1260,13:18:00,11.27,--,1,1127,买盘
1261,13:17:51,11.27,--,7,7889,买盘
1262,13:17:48,11.27,0.01,4,4508,买盘
1263,13:17:42,11.26,--,23,25898,卖盘
1264,13:17:39,11.26,--,41,46166,卖盘
1265,13:17:33,11.26,-0.01,88,99088,卖盘
1266,13:17:30,11.27,0.01,6,6762,买盘
1267,13:17:18,11.26,-0.01,17,19142,卖盘
1268,13:17:15,11.27,0.01,10,11270,买盘
1269,13:17:12,11.26,-0.01,11,12386,卖盘
1270,13:17:09,11.27,--,23,25921,买盘
1271,13:17:00,11.27,-0.01,3,3381,卖盘
1272,13:16:48,11.28,--,20,22560,买盘
1273,13:16:45,11.28,--,23,25944,买盘
1274,13:16:39,11.28,0.01,55,62040,买盘
1275,13:16:36,11.27,--,30,33810,卖盘
1276,13:16:33,11.27,--,18,20286,卖盘
1277,13:16:21,11.27,--,50,56350,卖盘
1278,13:16:18,11.27,-0.01,93,104811,卖盘
1279,13:16:15,11.28,0.01,23,25944,买盘
1280,13:16:09,11.27,--,8,9016,卖盘
1281,13:16:00,11.27,--,25,28175,卖盘
1282,13:15:57,11.27,-0.01,2,2254,卖盘
1283,13:15:54,11.28,--,3,3384,买盘
1284,13:15:51,11.28,0.01,24,27072,买盘
1285,13:15:48,11.27,-0.01,5,5635,卖盘
1286,13:15:39,11.28,--,26,29328,买盘
1287,13:15:36,11.28,0.01,20,22560,买盘
1288,13:15:30,11.27,--,62,69874,卖盘
1289,13:15:24,11.27,--,3,3381,卖盘
1290,13:15:21,11.27,-0.01,80,90160,卖盘
1291,13:15:18,11.28,--,30,33840,买盘
1292,13:15:15,11.28,0.01,13,14664,买盘
1293,13:15:03,11.27,--,8,9016,卖盘
1294,13:14:57,11.27,-0.01,18,20286,卖盘
1295,13:14:51,11.28,0.01,20,22560,买盘
1296,13:14:45,11.27,-0.01,4,4508,卖盘
1297,13:14:39,11.28,0.01,76,85728,买盘
1298,13:14:33,11.27,--,7,7889,卖盘
1299,13:14:30,11.27,-0.01,3,3381,卖盘
1300,13:14:27,11.28,0.01,7,7896,买盘
1301,13:14:24,11.27,--,4,4508,卖盘
1302,13:14:21,11.27,--,25,28175,卖盘
1303,13:14:15,11.27,--,18,20286,卖盘
1304,13:14:12,11.27,--,4,4508,卖盘
1305,13:14:06,11.27,--,35,39445,卖盘
1306,13:14:03,11.27,--,10,11270,卖盘
1307,13:13:45,11.27,0.01,63,71001,买盘
1308,13:13:39,11.26,-0.01,84,94584,卖盘
1309,13:13:36,11.27,--,450,507150,买盘
1310,13:13:24,11.27,0.01,550,619850,买盘
1311,13:13:18,11.26,-0.01,179,201554,卖盘
1312,13:13:15,11.27,--,18,20286,买盘
1313,13:13:12,11.27,0.01,51,57477,买盘
1314,13:12:51,11.26,-0.01,8,9008,卖盘
1315,13:12:45,11.27,0.01,18,20286,买盘
1316,13:12:42,11.26,-0.01,13,14638,卖盘
1317,13:12:39,11.27,0.01,34,38318,买盘
1318,13:12:24,11.26,-0.01,80,90913,卖盘
1319,13:12:21,11.27,--,3,3381,买盘
1320,13:12:18,11.27,0.01,2,2254,买盘
1321,13:12:12,11.26,--,27,30402,卖盘
1322,13:12:03,11.26,--,100,112600,卖盘
1323,13:11:57,11.26,--,8,9008,卖盘
1324,13:11:51,11.26,-0.01,3,3378,卖盘
1325,13:11:48,11.27,--,18,20286,买盘
1326,13:11:42,11.27,--,101,113827,卖盘
1327,13:11:39,11.27,-0.01,64,72128,卖盘
1328,13:11:36,11.28,--,73,82344,买盘
1329,13:11:33,11.28,0.01,33,37224,买盘
1330,13:11:30,11.27,--,110,123970,卖盘
1331,13:11:24,11.27,--,10,11270,卖盘
1332,13:11:15,11.27,--,20,22540,卖盘
1333,13:11:12,11.27,--,10,11270,卖盘
1334,13:11:03,11.27,-0.01,37,41699,卖盘
1335,13:10:54,11.28,0.01,30,33840,买盘
1336,13:10:51,11.27,-0.01,29,32683,卖盘
1337,13:10:48,11.28,--,1,1128,买盘
1338,13:10:45,11.28,--,65,73320,买盘
1339,13:10:42,11.28,--,28,31584,买盘
1340,13:10:39,11.28,0.01,28,31584,买盘
1341,13:10:36,11.27,-0.01,37,41699,卖盘
1342,13:10:30,11.28,0.01,7,7896,买盘
1343,13:10:15,11.27,--,10,11270,卖盘
1344,13:10:12,11.27,--,37,41699,卖盘
1345,13:10:09,11.27,-0.01,39,43953,卖盘
1346,13:10:06,11.28,0.01,20,22560,买盘
1347,13:10:03,11.27,-0.01,28,31556,卖盘
1348,13:10:00,11.28,--,2,2256,买盘
1349,13:09:57,11.28,0.01,65,73320,买盘
1350,13:09:54,11.27,--,20,22540,卖盘
1351,13:09:48,11.27,-0.01,3,3381,卖盘
1352,13:09:45,11.28,--,31,34968,买盘
1353,13:09:42,11.28,0.01,5,5640,买盘
1354,13:09:39,11.27,-0.01,43,48461,卖盘
1355,13:09:33,11.28,--,5,5640,买盘
1356,13:09:30,11.28,--,47,53016,卖盘
1357,13:09:27,11.28,--,100,112800,卖盘
1358,13:09:21,11.28,--,1,1128,卖盘
1359,13:09:18,11.28,-0.01,3,3384,卖盘
1360,13:09:09,11.29,0.01,87,98222,买盘
1361,13:09:06,11.28,--,208,234624,卖盘
1362,13:09:00,11.28,-0.01,524,591072,卖盘
1363,13:08:57,11.29,0.01,7,7902,买盘
1364,13:08:54,11.28,--,20,22560,卖盘
1365,13:08:51,11.28,--,13,14664,卖盘
1366,13:08:48,11.28,-0.01,4,4512,卖盘
1367,13:08:45,11.29,0.01,73,82417,买盘
1368,13:08:42,11.28,-0.01,11,12408,卖盘
1369,13:08:39,11.29,0.01,33,37257,买盘
1370,13:08:36,11.28,--,10,11280,卖盘
1371,13:08:33,11.28,--,8,9024,卖盘
1372,13:08:30,11.28,--,8,9024,卖盘
1373,13:08:27,11.28,--,55,62040,卖盘
1374,13:08:24,11.28,--,5,5640,卖盘
1375,13:08:21,11.28,-0.01,14,15792,卖盘
1376,13:08:18,11.29,0.01,51,57578,买盘
1377,13:08:15,11.28,--,3,3384,卖盘
1378,13:08:12,11.28,--,15,16920,卖盘
1379,13:08:09,11.28,-0.01,6,6768,卖盘
1380,13:08:03,11.29,0.01,70,79030,买盘
1381,13:08:00,11.28,--,2,2256,卖盘
1382,13:07:57,11.28,--,16,18048,卖盘
1383,13:07:54,11.28,0.01,291,328248,买盘
1384,13:07:51,11.27,-0.01,1,1127,卖盘
1385,13:07:39,11.28,0.01,35,39480,买盘
1386,13:07:30,11.27,--,123,138621,卖盘
1387,13:07:24,11.27,--,3,3381,卖盘
1388,13:07:21,11.27,--,40,45080,卖盘
1389,13:07:15,11.27,--,85,95795,卖盘
1390,13:07:09,11.27,--,13,14651,卖盘
1391,13:07:03,11.27,-0.01,1,1127,卖盘
1392,13:06:57,11.28,--,22,24816,买盘
1393,13:06:54,11.28,--,20,22560,买盘
1394,13:06:51,11.28,0.01,93,104904,买盘
1395,13:06:42,11.27,-0.01,1,1127,卖盘
1396,13:06:39,11.28,--,27,30456,买盘
1397,13:06:36,11.28,--,350,394800,买盘
1398,13:06:27,11.28,--,19,21432,买盘
1399,13:06:24,11.28,--,145,163560,卖盘
1400,13:06:21,11.28,--,14,15792,卖盘
1401,13:06:18,11.28,--,15,16920,卖盘
1402,13:06:15,11.28,--,7,7896,卖盘
1403,13:06:12,11.28,--,20,22560,卖盘
1404,13:06:09,11.28,--,10,11280,卖盘
1405,13:06:06,11.28,--,30,33840,卖盘
1406,13:06:00,11.28,--,10,11280,卖盘
1407,13:05:57,11.28,--,3,3384,卖盘
1408,13:05:51,11.28,--,227,256056,买盘
1409,13:05:48,11.28,--,67,75576,买盘
1410,13:05:42,11.28,--,24,27072,买盘
1411,13:05:39,11.28,--,379,427512,买盘
1412,13:05:36,11.28,0.01,58,65423,买盘
1413,13:05:33,11.27,-0.01,3,3381,卖盘
1414,13:05:30,11.28,--,400,451200,买盘
1415,13:05:27,11.28,0.01,65,73320,买盘
1416,13:05:21,11.27,-0.01,1,1127,卖盘
1417,13:05:18,11.28,--,32,36096,买盘
1418,13:05:15,11.28,--,68,76704,买盘
1419,13:05:12,11.28,0.01,10,11280,买盘
1420,13:05:09,11.27,--,11,12397,卖盘
1421,13:05:06,11.27,--,5,5635,卖盘
1422,13:05:03,11.27,--,50,56350,卖盘
1423,13:04:54,11.27,--,10,11270,卖盘
1424,13:04:51,11.27,--,20,22540,卖盘
1425,13:04:45,11.27,--,10,11270,卖盘
1426,13:04:42,11.27,--,3,3381,卖盘
1427,13:04:39,11.27,-0.01,40,45080,卖盘
1428,13:04:33,11.28,0.01,65,73320,买盘
1429,13:04:21,11.27,--,8,9016,卖盘
1430,13:04:18,11.27,-0.01,10,11270,卖盘
1431,13:04:12,11.28,0.01,4,4512,买盘
1432,13:04:09,11.27,--,5,5635,卖盘
1433,13:04:00,11.27,--,30,33810,卖盘
1434,13:03:51,11.27,0.01,624,704025,买盘
1435,13:03:48,11.26,-0.01,3,3378,卖盘
1436,13:03:45,11.27,--,100,112700,买盘
1437,13:03:39,11.27,--,34,38318,买盘
1438,13:03:33,11.27,--,54,60858,买盘
1439,13:03:27,11.27,0.01,1,1127,买盘
1440,13:03:21,11.26,--,32,36032,卖盘
1441,13:03:09,11.26,--,15,16890,卖盘
1442,13:03:03,11.26,--,38,42788,卖盘
1443,13:02:57,11.26,--,43,48418,卖盘
1444,13:02:54,11.26,--,9,10134,卖盘
1445,13:02:42,11.26,-0.01,1,1126,卖盘
1446,13:02:39,11.27,0.01,30,33810,买盘
1447,13:02:30,11.26,--,5,5630,卖盘
1448,13:02:24,11.26,-0.01,8,9008,卖盘
1449,13:02:21,11.27,0.01,29,32683,买盘
1450,13:02:18,11.26,--,11,12386,卖盘
1451,13:02:12,11.26,--,19,21394,卖盘
1452,13:02:09,11.26,--,3,3378,卖盘
1453,13:02:06,11.26,--,30,33780,卖盘
1454,13:02:03,11.26,--,8,9008,卖盘
1455,13:02:00,11.26,-0.02,3,3378,卖盘
1456,13:01:57,11.28,0.01,7,7896,买盘
1457,13:01:54,11.27,--,40,45080,卖盘
1458,13:01:45,11.27,--,7,7889,卖盘
1459,13:01:42,11.27,--,22,24794,卖盘
1460,13:01:39,11.27,--,459,517293,卖盘
1461,13:01:36,11.27,-0.01,30,33810,卖盘
1462,13:01:30,11.28,0.01,38,42864,买盘
1463,13:01:18,11.27,--,178,200606,卖盘
1464,13:01:15,11.27,--,8,9016,卖盘
1465,13:01:12,11.27,--,17,19159,卖盘
1466,13:01:00,11.27,--,15,16905,卖盘
1467,13:00:57,11.27,-0.01,10,11270,卖盘
1468,13:00:21,11.28,--,10,11280,买盘
1469,13:00:15,11.28,--,10,11280,买盘
1470,13:00:12,11.28,--,26,29328,买盘
1471,13:00:09,11.28,--,1,1128,买盘
1472,13:00:06,11.28,--,74,83472,买盘
1473,13:00:03,11.28,--,1482,1671696,卖盘
1474,13:00:00,11.28,--,0,0,卖盘
1475,11:30:00,11.28,--,0,0,卖盘
1476,11:29:54,11.28,--,40,45120,卖盘
1477,11:29:51,11.28,--,5,5640,卖盘
1478,11:29:45,11.28,--,5,5640,卖盘
1479,11:29:39,11.28,--,41,46248,卖盘
1480,11:29:36,11.28,--,10,11280,卖盘
1481,11:29:30,11.28,--,1,1128,卖盘
1482,11:29:27,11.28,--,11,12408,卖盘
1483,11:29:15,11.28,--,178,200784,买盘
1484,11:29:12,11.28,--,50,56400,买盘
1485,11:29:09,11.28,--,61,68808,买盘
1486,11:29:06,11.28,--,40,45120,买盘
1487,11:29:03,11.28,--,14,15792,买盘
1488,11:29:00,11.28,0.01,1,1128,买盘
1489,11:28:54,11.27,--,25,28175,卖盘
1490,11:28:48,11.27,-0.01,16,18032,卖盘
1491,11:28:45,11.28,0.01,1,1128,买盘
1492,11:28:39,11.27,--,58,65366,卖盘
1493,11:28:36,11.27,-0.01,128,144256,卖盘
1494,11:28:33,11.28,--,27,30456,买盘
1495,11:28:12,11.28,--,68,76704,买盘
1496,11:28:06,11.28,0.01,109,122952,买盘
1497,11:28:00,11.27,--,4,4508,卖盘
1498,11:27:45,11.27,-0.01,5,5635,卖盘
1499,11:27:39,11.28,0.01,33,37224,买盘
1500,11:27:36,11.27,0.01,297,334719,买盘
1501,11:27:24,11.26,-0.01,1,1126,卖盘
1502,11:27:21,11.27,0.01,6,6762,买盘
1503,11:27:18,11.26,--,40,45040,卖盘
1504,11:27:15,11.26,-0.02,50,56300,卖盘
1505,11:27:03,11.28,--,18,20304,买盘
1506,11:27:00,11.28,--,9,10152,买盘
1507,11:26:54,11.28,--,16,18048,买盘
1508,11:26:51,11.28,--,41,46248,买盘
1509,11:26:42,11.28,--,12,13536,买盘
1510,11:26:39,11.28,--,34,38352,买盘
1511,11:26:33,11.28,0.02,53,59784,买盘
1512,11:26:30,11.26,-0.03,1068,1202568,卖盘
1513,11:26:27,11.29,--,36,40644,买盘
1514,11:26:21,11.29,0.01,23,25966,买盘
1515,11:26:15,11.28,-0.01,73,82344,卖盘
1516,11:26:03,11.29,0.01,200,225799,买盘
1517,11:25:54,11.28,-0.01,81,91368,卖盘
1518,11:25:48,11.29,0.01,4,4516,中性盘
1519,11:25:45,11.28,-0.02,28,31584,卖盘
1520,11:25:39,11.3,0.02,336,379680,买盘
1521,11:25:33,11.28,--,114,128591,卖盘
1522,11:25:27,11.28,--,51,57528,卖盘
1523,11:25:24,11.28,--,1,1128,卖盘
1524,11:25:21,11.28,-0.01,14,15792,卖盘
1525,11:25:18,11.29,-0.01,14,15805,买盘
1526,11:25:15,11.3,0.01,29,32770,买盘
1527,11:25:12,11.29,-0.01,5,5645,卖盘
1528,11:25:09,11.3,0.01,505,570650,买盘
1529,11:25:06,11.29,-0.01,1,1129,中性盘
1530,11:25:03,11.3,0.01,317,358210,买盘
1531,11:25:00,11.29,--,118,133222,卖盘
1532,11:24:57,11.29,-0.01,10,11290,卖盘
1533,11:24:54,11.3,--,112,126560,买盘
1534,11:24:51,11.3,0.01,37,41810,买盘
1535,11:24:48,11.29,--,71,80159,卖盘
1536,11:24:45,11.29,--,15,16935,卖盘
1537,11:24:42,11.29,--,19,21451,卖盘
1538,11:24:39,11.29,-0.01,88,99351,卖盘
1539,11:24:36,11.3,0.01,38,42940,买盘
1540,11:24:33,11.29,-0.01,142,160318,卖盘
1541,11:24:30,11.3,0.01,20,22600,买盘
1542,11:24:27,11.29,--,20,22580,卖盘
1543,11:24:24,11.29,--,18,20322,卖盘
1544,11:24:21,11.29,--,41,46289,卖盘
1545,11:24:18,11.29,-0.01,86,97093,卖盘
1546,11:24:15,11.3,0.01,9,10170,买盘
1547,11:24:12,11.29,--,23,25966,卖盘
1548,11:24:09,11.29,--,11,12418,卖盘
1549,11:24:06,11.29,--,112,126447,卖盘
1550,11:24:03,11.29,--,72,81288,卖盘
1551,11:24:00,11.29,--,71,80159,买盘
1552,11:23:57,11.29,--,200,225799,买盘
1553,11:23:42,11.29,--,3,3386,买盘
1554,11:23:39,11.29,--,34,38386,卖盘
1555,11:23:36,11.29,0.01,9,10161,买盘
1556,11:23:33,11.28,-0.02,17,19176,卖盘
1557,11:23:30,11.3,0.02,72,81360,买盘
1558,11:23:27,11.28,-0.02,22,24816,卖盘
1559,11:23:21,11.3,0.02,1024,1157120,买盘
1560,11:23:12,11.28,--,74,83472,卖盘
1561,11:23:09,11.28,--,24,27072,卖盘
1562,11:23:06,11.28,0.01,143,161304,买盘
1563,11:23:03,11.27,-0.02,11,12397,卖盘
1564,11:23:00,11.29,0.01,900,1016099,买盘
1565,11:22:57,11.28,0.01,200,225600,买盘
1566,11:22:54,11.27,-0.01,22,24794,卖盘
1567,11:22:51,11.28,--,200,225600,买盘
1568,11:22:48,11.28,--,5,5640,买盘
1569,11:22:45,11.28,--,11,12408,买盘
1570,11:22:42,11.28,0.01,10,11280,买盘
1571,11:22:39,11.27,-0.01,53,59731,卖盘
1572,11:22:33,11.28,0.01,6,6768,买盘
1573,11:22:27,11.27,-0.01,33,37191,卖盘
1574,11:22:24,11.28,0.01,252,284256,买盘
1575,11:22:21,11.27,-0.01,205,231035,卖盘
1576,11:22:15,11.28,--,48,54144,买盘
1577,11:22:12,11.28,0.01,40,45120,买盘
1578,11:22:09,11.27,-0.01,47,52969,卖盘
1579,11:22:06,11.28,0.01,246,277488,买盘
1580,11:22:00,11.27,-0.01,8,9016,卖盘
1581,11:21:57,11.28,0.01,163,184089,买盘
1582,11:21:54,11.27,--,13,14651,买盘
1583,11:21:51,11.27,--,272,306544,买盘
1584,11:21:48,11.27,--,76,85652,买盘
1585,11:21:45,11.27,--,16,18032,买盘
1586,11:21:39,11.27,--,30,33810,买盘
1587,11:21:36,11.27,0.01,10,11270,买盘
1588,11:21:33,11.26,--,115,129490,卖盘
1589,11:21:27,11.26,-0.01,86,96836,卖盘
1590,11:21:21,11.27,--,79,89438,买盘
1591,11:21:18,11.27,0.01,28,31556,买盘
1592,11:21:15,11.26,-0.01,37,41662,卖盘
1593,11:21:06,11.27,--,173,194971,买盘
1594,11:21:03,11.27,--,30,33810,买盘
1595,11:21:00,11.27,0.01,75,84525,买盘
1596,11:20:57,11.26,--,143,161018,买盘
1597,11:20:54,11.26,--,32,36032,买盘
1598,11:20:51,11.26,--,24,27024,买盘
1599,11:20:48,11.26,--,100,112600,买盘
1600,11:20:45,11.26,0.01,64,72064,买盘
1601,11:20:42,11.25,-0.01,8,9000,卖盘
1602,11:20:39,11.26,--,86,96836,买盘
1603,11:20:36,11.26,--,247,278122,买盘
1604,11:20:33,11.26,--,66,74316,买盘
1605,11:20:27,11.26,0.01,13,14638,买盘
1606,11:20:21,11.25,-0.01,111,124875,卖盘
1607,11:20:18,11.26,--,3,3378,买盘
1608,11:20:12,11.26,--,30,33780,买盘
1609,11:20:09,11.26,0.01,68,76568,买盘
1610,11:20:06,11.25,--,382,429750,买盘
1611,11:20:03,11.25,--,5,5625,买盘
1612,11:20:00,11.25,--,5,5625,买盘
1613,11:19:54,11.25,0.01,500,562500,买盘
1614,11:19:42,11.24,--,375,422399,买盘
1615,11:19:39,11.24,--,44,49456,买盘
1616,11:19:36,11.24,--,6,6744,买盘
1617,11:19:18,11.24,--,11,12364,买盘
1618,11:19:06,11.24,--,5,5620,买盘
1619,11:19:03,11.24,--,78,87672,买盘
1620,11:18:51,11.24,--,7,7868,买盘
1621,11:18:45,11.24,--,28,31472,买盘
1622,11:18:39,11.24,--,32,35968,买盘
1623,11:18:36,11.24,--,120,135104,卖盘
1624,11:18:33,11.24,--,90,101160,卖盘
1625,11:18:30,11.24,--,1,1124,卖盘
1626,11:18:27,11.24,--,50,56200,卖盘
1627,11:18:21,11.24,--,135,151740,卖盘
1628,11:18:12,11.24,--,78,87672,卖盘
1629,11:18:06,11.24,--,60,67440,卖盘
1630,11:17:51,11.24,-0.01,10,11240,卖盘
1631,11:17:48,11.25,--,67,75375,买盘
1632,11:17:39,11.25,0.01,29,32625,买盘
1633,11:17:36,11.24,0.01,777,874247,买盘
1634,11:17:24,11.23,--,20,22460,卖盘
1635,11:17:18,11.23,--,3,3369,卖盘
1636,11:17:15,11.23,-0.01,22,24706,卖盘
1637,11:17:12,11.24,--,10,11240,买盘
1638,11:16:54,11.24,0.01,67,75308,买盘
1639,11:16:51,11.23,--,50,56150,卖盘
1640,11:16:42,11.23,-0.01,20,22460,卖盘
1641,11:16:39,11.24,--,36,40464,买盘
1642,11:16:36,11.24,--,27,30348,买盘
1643,11:16:33,11.24,--,1,1124,买盘
1644,11:16:30,11.24,--,68,76432,买盘
1645,11:16:27,11.24,0.01,194,218056,买盘
1646,11:16:15,11.23,-0.01,18,20214,卖盘
1647,11:16:06,11.24,0.01,76,85424,买盘
1648,11:16:03,11.23,-0.01,200,224600,卖盘
1649,11:15:54,11.24,--,80,89920,买盘
1650,11:15:42,11.24,--,68,76432,买盘
1651,11:15:39,11.24,0.01,82,92168,买盘
1652,11:15:36,11.23,--,4,4492,卖盘
1653,11:15:27,11.23,-0.02,140,157220,卖盘
1654,11:15:18,11.25,0.01,104,117000,买盘
1655,11:15:15,11.24,--,40,44960,卖盘
1656,11:15:12,11.24,-0.01,100,112400,卖盘
1657,11:15:06,11.25,--,60,67500,买盘
1658,11:15:03,11.25,0.01,33,37125,买盘
1659,11:15:00,11.24,-0.01,5,5620,卖盘
1660,11:14:54,11.25,0.01,67,75375,买盘
1661,11:14:51,11.24,--,20,22480,卖盘
1662,11:14:45,11.24,--,10,11240,卖盘
1663,11:14:42,11.24,--,35,39340,卖盘
1664,11:14:39,11.24,--,60,67440,卖盘
1665,11:14:36,11.24,-0.01,10,11240,卖盘
1666,11:14:30,11.25,--,8,9000,买盘
1667,11:14:27,11.25,--,18,20250,买盘
1668,11:14:24,11.25,0.01,1,1125,买盘
1669,11:14:21,11.24,-0.01,20,22480,卖盘
1670,11:14:18,11.25,0.01,4,4500,买盘
1671,11:14:06,11.24,-0.01,10,11240,卖盘
1672,11:14:03,11.25,0.01,104,117000,买盘
1673,11:14:00,11.24,-0.01,2,2248,卖盘
1674,11:13:57,11.25,0.01,68,76500,买盘
1675,11:13:54,11.24,--,373,419252,买盘
1676,11:13:48,11.24,--,6,6744,买盘
1677,11:13:45,11.24,0.01,5,5620,买盘
1678,11:13:42,11.23,-0.01,23,25829,卖盘
1679,11:13:39,11.24,0.01,55,61820,买盘
1680,11:13:33,11.23,-0.01,3,3369,卖盘
1681,11:13:30,11.24,0.01,20,22480,买盘
1682,11:13:27,11.23,0.01,70,79530,买盘
1683,11:13:24,11.22,--,10,11220,卖盘
1684,11:13:21,11.22,-0.01,0,448,卖盘
1685,11:13:15,11.23,--,10,11230,买盘
1686,11:13:12,11.23,--,25,28075,买盘
1687,11:13:09,11.23,0.01,153,171819,买盘
1688,11:13:06,11.22,-0.01,158,177276,卖盘
1689,11:13:03,11.23,0.01,44,49412,买盘
1690,11:13:00,11.22,-0.01,226,253572,卖盘
1691,11:12:57,11.23,--,116,130268,买盘
1692,11:12:54,11.23,--,15,16845,买盘
1693,11:12:51,11.23,--,115,129145,买盘
1694,11:12:48,11.23,--,213,239199,买盘
1695,11:12:45,11.23,--,94,105562,买盘
1696,11:12:42,11.23,--,433,486259,买盘
1697,11:12:39,11.23,--,35,39305,买盘
1698,11:12:36,11.23,0.01,29,32567,买盘
1699,11:12:33,11.22,--,107,120054,卖盘
1700,11:12:27,11.22,-0.01,21,23562,卖盘
1701,11:12:24,11.23,--,1,1123,买盘
1702,11:12:18,11.23,0.01,15,16845,买盘
1703,11:12:15,11.22,--,52,58344,卖盘
1704,11:12:09,11.22,-0.01,16,17952,卖盘
1705,11:12:03,11.23,0.01,26,29198,买盘
1706,11:12:00,11.22,--,98,109956,卖盘
1707,11:11:45,11.22,-0.01,20,22440,卖盘
1708,11:11:42,11.23,--,7,7861,买盘
1709,11:11:39,11.23,0.01,42,47166,买盘
1710,11:11:36,11.22,-0.01,40,44880,卖盘
1711,11:11:33,11.23,--,12,13476,买盘
1712,11:11:27,11.23,0.01,74,83102,买盘
1713,11:11:24,11.22,--,120,134640,卖盘
1714,11:11:21,11.22,--,2,2244,卖盘
1715,11:11:15,11.22,-0.01,10,11220,卖盘
1716,11:11:09,11.23,--,8,8984,买盘
1717,11:11:06,11.23,0.01,20,22460,买盘
1718,11:11:03,11.22,-0.01,8,8976,卖盘
1719,11:11:00,11.23,--,12,13476,买盘
1720,11:10:51,11.23,--,8,8984,买盘
1721,11:10:48,11.23,--,77,86471,买盘
1722,11:10:45,11.23,--,194,217862,买盘
1723,11:10:42,11.23,--,41,46043,买盘
1724,11:10:39,11.23,--,34,38182,买盘
1725,11:10:36,11.23,--,28,31444,买盘
1726,11:10:33,11.23,--,3,3369,买盘
1727,11:10:15,11.23,--,14,15722,买盘
1728,11:10:12,11.23,--,9,10107,买盘
1729,11:10:06,11.23,--,24,26952,买盘
1730,11:10:03,11.23,--,33,37059,买盘
1731,11:09:42,11.23,--,5,5615,买盘
1732,11:09:39,11.23,--,32,35936,买盘
1733,11:09:36,11.23,0.01,15,16845,买盘
1734,11:09:33,11.22,--,2,2244,卖盘
1735,11:09:30,11.22,--,5,5610,卖盘
1736,11:09:27,11.22,--,5,5632,卖盘
1737,11:09:18,11.22,--,13,14586,卖盘
1738,11:09:12,11.22,--,45,50490,卖盘
1739,11:09:09,11.22,--,200,224400,卖盘
1740,11:09:06,11.22,--,20,22440,卖盘
1741,11:09:03,11.22,--,50,56100,卖盘
1742,11:08:57,11.22,--,4,4488,卖盘
1743,11:08:54,11.22,-0.01,10,11220,卖盘
1744,11:08:48,11.23,0.01,10,11230,买盘
1745,11:08:45,11.22,--,13,14586,卖盘
1746,11:08:42,11.22,-0.01,13,14586,卖盘
1747,11:08:39,11.23,0.01,78,87594,买盘
1748,11:08:36,11.22,-0.01,35,39270,卖盘
1749,11:08:33,11.23,--,2,2246,买盘
1750,11:08:24,11.23,--,4,4492,买盘
1751,11:08:21,11.23,--,15,16845,买盘
1752,11:08:15,11.23,--,30,33690,买盘
1753,11:08:00,11.23,--,6,6738,买盘
1754,11:07:57,11.23,-0.01,19,21539,卖盘
1755,11:07:51,11.24,--,37,41588,买盘
1756,11:07:48,11.24,--,38,42712,买盘
1757,11:07:39,11.24,0.01,70,78680,买盘
1758,11:07:36,11.23,--,53,59519,卖盘
1759,11:07:33,11.23,--,17,19091,卖盘
1760,11:07:27,11.23,-0.01,55,61765,卖盘
1761,11:07:18,11.24,0.01,134,151537,买盘
1762,11:07:15,11.23,--,279,313519,卖盘
1763,11:07:06,11.23,-0.01,20,23380,卖盘
1764,11:07:03,11.24,0.01,61,68564,买盘
1765,11:06:54,11.23,--,72,80856,卖盘
1766,11:06:48,11.23,--,40,44920,卖盘
1767,11:06:45,11.23,-0.01,85,95455,卖盘
1768,11:06:42,11.24,0.01,23,25852,买盘
1769,11:06:39,11.23,--,44,49412,卖盘
1770,11:06:33,11.23,--,20,22460,卖盘
1771,11:06:24,11.23,--,48,53904,买盘
1772,11:06:21,11.23,0.02,90,101070,买盘
1773,11:06:18,11.21,-0.01,534,598614,卖盘
1774,11:06:15,11.22,0.01,149,167178,买盘
1775,11:06:12,11.21,-0.01,23,25783,卖盘
1776,11:06:09,11.22,--,20,22440,买盘
1777,11:06:00,11.22,--,157,176154,卖盘
1778,11:05:57,11.22,--,3,3366,卖盘
1779,11:05:54,11.22,--,218,244596,卖盘
1780,11:05:51,11.22,--,25,28050,卖盘
1781,11:05:48,11.22,-0.01,2,2244,卖盘
1782,11:05:45,11.23,0.01,80,89840,买盘
1783,11:05:39,11.22,--,240,269280,卖盘
1784,11:05:33,11.22,-0.01,55,61710,卖盘
1785,11:05:30,11.23,--,5,5615,买盘
1786,11:05:18,11.23,--,74,83102,买盘
1787,11:05:15,11.23,--,6,6738,买盘
1788,11:05:12,11.23,0.01,7,7861,买盘
1789,11:05:09,11.22,--,30,33660,卖盘
1790,11:05:06,11.22,--,34,38148,卖盘
1791,11:05:03,11.22,-0.01,40,44880,卖盘
1792,11:05:00,11.23,--,414,464922,卖盘
1793,11:04:57,11.23,--,10,11230,卖盘
1794,11:04:54,11.23,-0.01,69,77487,卖盘
1795,11:04:48,11.24,--,28,31472,买盘
1796,11:04:42,11.24,--,47,52828,买盘
1797,11:04:39,11.24,--,34,38216,买盘
1798,11:04:36,11.24,--,1,1124,买盘
1799,11:04:33,11.24,--,60,67440,买盘
1800,11:04:30,11.24,0.01,42,47208,买盘
1801,11:04:27,11.23,--,10,11230,卖盘
1802,11:04:24,11.23,-0.01,8,8984,卖盘
1803,11:04:21,11.24,0.01,2,2248,买盘
1804,11:04:15,11.23,-0.01,25,28075,卖盘
1805,11:04:06,11.24,-0.01,85,95540,中性盘
1806,11:03:57,11.25,0.01,69,77625,买盘
1807,11:03:51,11.24,-0.01,204,229296,卖盘
1808,11:03:42,11.25,--,30,33750,卖盘
1809,11:03:39,11.25,--,42,47250,买盘
1810,11:03:36,11.25,--,100,112500,买盘
1811,11:03:30,11.25,-0.01,4,4500,中性盘
1812,11:03:24,11.26,--,101,113726,买盘
1813,11:03:21,11.26,--,88,99088,买盘
1814,11:03:18,11.26,--,67,75442,买盘
1815,11:03:12,11.26,0.01,11,12386,买盘
1816,11:03:09,11.25,--,8,9000,卖盘
1817,11:03:06,11.25,--,21,23625,卖盘
1818,11:03:03,11.25,--,21,23625,卖盘
1819,11:03:00,11.25,--,54,60750,卖盘
1820,11:02:57,11.25,-0.01,14,15750,卖盘
1821,11:02:54,11.26,--,76,85576,买盘
1822,11:02:45,11.26,--,303,341178,买盘
1823,11:02:42,11.26,--,40,45040,买盘
1824,11:02:39,11.26,--,32,36032,买盘
1825,11:02:36,11.26,-0.01,156,175656,中性盘
1826,11:02:30,11.27,0.01,73,82271,买盘
1827,11:02:27,11.26,--,4,4504,买盘
1828,11:02:24,11.26,0.01,10,11260,中性盘
1829,11:02:21,11.25,--,26,29250,卖盘
1830,11:02:18,11.25,-0.02,118,132750,卖盘
1831,11:02:12,11.27,--,26,29302,买盘
1832,11:02:09,11.27,--,51,57477,买盘
1833,11:02:06,11.27,--,68,76636,买盘
1834,11:02:03,11.27,0.01,170,191590,买盘
1835,11:02:00,11.26,-0.01,22,24772,卖盘
1836,11:01:57,11.27,-0.01,16,18032,卖盘
1837,11:01:54,11.28,0.01,10,11280,买盘
1838,11:01:51,11.27,--,51,57477,卖盘
1839,11:01:48,11.27,--,21,23667,买盘
1840,11:01:45,11.27,--,102,114954,买盘
1841,11:01:42,11.27,-0.01,211,237797,卖盘
1842,11:01:39,11.28,0.01,108,121824,买盘
1843,11:01:36,11.27,--,69,77763,买盘
1844,11:01:33,11.27,0.01,80,90160,买盘
1845,11:01:30,11.26,-0.02,101,113726,卖盘
1846,11:01:27,11.28,0.01,103,116184,买盘
1847,11:01:24,11.27,--,317,357259,买盘
1848,11:01:21,11.27,--,11,12397,买盘
1849,11:01:18,11.27,--,59,66493,买盘
1850,11:01:12,11.27,--,26,29302,买盘
1851,11:01:09,11.27,--,2,2254,买盘
1852,11:01:06,11.27,0.01,363,409101,买盘
1853,11:01:03,11.26,-0.01,70,78820,卖盘
1854,11:01:00,11.27,--,91,102557,买盘
1855,11:00:57,11.27,--,20,22540,买盘
1856,11:00:51,11.27,--,22,24794,买盘
1857,11:00:48,11.27,--,79,89033,买盘
1858,11:00:45,11.27,--,31,34937,买盘
1859,11:00:42,11.27,--,32,36064,买盘
1860,11:00:39,11.27,--,41,46207,买盘
1861,11:00:36,11.27,--,90,101430,买盘
1862,11:00:33,11.27,0.01,153,172431,买盘
1863,11:00:30,11.26,-0.01,9,10134,卖盘
1864,11:00:27,11.27,0.01,24,27048,买盘
1865,11:00:24,11.26,--,36,40536,卖盘
1866,11:00:21,11.26,-0.01,16,18016,卖盘
1867,11:00:18,11.27,0.01,17,19159,买盘
1868,11:00:15,11.26,--,10,11260,卖盘
1869,11:00:12,11.26,--,17,19142,买盘
1870,11:00:09,11.26,--,123,138498,买盘
1871,11:00:06,11.26,--,1,1126,买盘
1872,11:00:03,11.26,--,155,174530,买盘
1873,11:00:00,11.26,--,36,40536,买盘
1874,10:59:57,11.26,--,2,2252,买盘
1875,10:59:54,11.26,0.01,37,41662,买盘
1876,10:59:45,11.25,--,5,5625,卖盘
1877,10:59:42,11.25,-0.01,10,11250,卖盘
1878,10:59:39,11.26,--,135,152010,买盘
1879,10:59:36,11.26,--,50,56300,买盘
1880,10:59:33,11.26,--,102,114852,买盘
1881,10:59:30,11.26,-0.01,44,49544,中性盘
1882,10:59:27,11.27,0.02,37,41699,买盘
1883,10:59:24,11.25,-0.03,1173,1319625,卖盘
1884,10:59:21,11.28,--,125,141000,买盘
1885,10:59:18,11.28,--,100,112800,买盘
1886,10:59:06,11.28,--,73,82344,买盘
1887,10:59:03,11.28,--,55,62040,买盘
1888,10:59:00,11.28,--,40,45120,买盘
1889,10:58:57,11.28,--,54,60912,卖盘
1890,10:58:54,11.28,-0.01,22,24816,卖盘
1891,10:58:48,11.29,-0.01,20,22580,中性盘
1892,10:58:42,11.3,--,29,32770,买盘
1893,10:58:39,11.3,--,31,35030,买盘
1894,10:58:36,11.3,--,31,35030,买盘
1895,10:58:33,11.3,--,79,89270,卖盘
1896,10:58:30,11.3,--,1,1130,卖盘
1897,10:58:27,11.3,--,71,80230,卖盘
1898,10:58:24,11.3,0.08,5587,6314055,买盘
1899,10:58:21,11.22,-0.01,39,43758,卖盘
1900,10:58:18,11.23,--,22,24706,买盘
1901,10:58:15,11.23,0.02,29,32567,中性盘
1902,10:58:00,11.21,-0.03,2,2242,卖盘
1903,10:57:57,11.24,--,2,2248,买盘
1904,10:57:54,11.24,--,3,3372,买盘
1905,10:57:51,11.24,--,9,10116,买盘
1906,10:57:48,11.24,--,25,28100,买盘
1907,10:57:45,11.24,--,50,56200,卖盘
1908,10:57:42,11.24,-0.01,43,48332,买盘
1909,10:57:39,11.25,0.01,572,643500,买盘
1910,10:57:33,11.24,0.04,66,74184,买盘
1911,10:57:30,11.2,--,72,80640,卖盘
1912,10:57:27,11.2,-0.05,7,7839,卖盘
1913,10:57:24,11.25,0.04,4080,4590000,买盘
1914,10:57:21,11.21,0.01,170,190570,买盘
1915,10:57:18,11.2,--,258,288960,卖盘
1916,10:57:15,11.2,--,175,196627,卖盘
1917,10:57:12,11.2,-0.01,65,72800,卖盘
1918,10:57:06,11.21,--,67,75107,买盘
1919,10:57:00,11.21,--,10,11210,买盘
1920,10:56:57,11.21,0.01,53,59413,买盘
1921,10:56:51,11.2,--,23,25760,卖盘
1922,10:56:48,11.2,-0.01,100,112000,卖盘
1923,10:56:45,11.21,0.01,119,133399,买盘
1924,10:56:42,11.2,-0.02,78,87360,卖盘
1925,10:56:39,11.22,0.01,53,59466,买盘
1926,10:56:36,11.21,-0.01,120,134520,卖盘
1927,10:56:33,11.22,--,23,25806,买盘
1928,10:56:30,11.22,0.01,54,60588,买盘
1929,10:56:27,11.21,--,18,20178,卖盘
1930,10:56:24,11.21,-0.01,19,21299,卖盘
1931,10:56:21,11.22,0.01,23,25806,买盘
1932,10:56:18,11.21,--,142,159182,卖盘
1933,10:56:15,11.21,--,25,28025,卖盘
1934,10:56:12,11.21,-0.01,10,11210,卖盘
1935,10:56:09,11.22,0.01,29,32538,买盘
1936,10:56:06,11.21,--,83,93043,买盘
1937,10:56:03,11.21,--,159,178239,买盘
1938,10:56:00,11.21,--,170,190570,卖盘
1939,10:55:57,11.21,--,45,50445,买盘
1940,10:55:48,11.21,--,20,22420,卖盘
1941,10:55:45,11.21,--,147,164787,卖盘
1942,10:55:39,11.21,0.01,76,85196,买盘
1943,10:55:36,11.2,--,63,70560,卖盘
1944,10:55:33,11.2,-0.01,48,53760,卖盘
1945,10:55:27,11.21,0.01,10,11210,买盘
1946,10:55:24,11.2,--,8,8960,卖盘
1947,10:55:18,11.2,--,571,639520,卖盘
1948,10:55:15,11.2,--,324,362880,买盘
1949,10:55:12,11.2,0.01,2,2240,买盘
1950,10:55:09,11.19,-0.01,20,22380,中性盘
1951,10:55:06,11.2,0.02,1395,1562400,买盘
1952,10:55:03,11.18,--,261,291798,卖盘
1953,10:55:00,11.18,-0.01,44,49192,卖盘
1954,10:54:57,11.19,0.01,466,521454,买盘
1955,10:54:54,11.18,--,20,22360,卖盘
1956,10:54:48,11.18,--,311,347698,卖盘
1957,10:54:45,11.18,--,89,99502,卖盘
1958,10:54:42,11.18,--,59,65962,买盘
1959,10:54:39,11.18,--,231,258258,买盘
1960,10:54:36,11.18,0.01,4,4472,中性盘
1961,10:54:33,11.17,-0.01,28,31276,卖盘
1962,10:54:30,11.18,0.01,422,471796,买盘
1963,10:54:27,11.17,--,99,110583,卖盘
1964,10:54:24,11.17,-0.01,41,45797,卖盘
1965,10:54:21,11.18,--,179,200122,买盘
1966,10:54:18,11.18,--,92,102856,买盘
1967,10:54:15,11.18,--,48,53664,买盘
1968,10:54:09,11.18,--,35,39130,买盘
1969,10:54:06,11.18,--,94,105092,买盘
1970,10:54:03,11.18,--,119,133042,买盘
1971,10:54:00,11.18,--,12,13416,买盘
1972,10:53:57,11.18,0.01,208,232544,买盘
1973,10:53:54,11.17,--,110,122870,买盘
1974,10:53:51,11.17,--,68,75956,买盘
1975,10:53:48,11.17,--,45,50265,买盘
1976,10:53:45,11.17,0.01,210,234570,买盘
1977,10:53:42,11.16,--,19,21204,买盘
1978,10:53:39,11.16,--,496,553536,买盘
1979,10:53:36,11.16,--,92,102672,买盘
1980,10:53:33,11.16,--,1,1116,买盘
1981,10:53:30,11.16,--,22,24552,买盘
1982,10:53:27,11.16,--,26,29016,买盘
1983,10:53:24,11.16,0.01,68,75888,买盘
1984,10:53:21,11.15,--,50,55750,卖盘
1985,10:53:15,11.15,0.01,301,336061,买盘
1986,10:53:12,11.14,-0.01,68,75752,卖盘
1987,10:53:03,11.15,0.01,514,573110,买盘
1988,10:53:00,11.14,--,2,2228,买盘
1989,10:52:57,11.14,--,2,2228,买盘
1990,10:52:54,11.14,-0.01,39,44047,卖盘
1991,10:52:51,11.15,0.01,20,22300,买盘
1992,10:52:48,11.14,-0.01,19,21678,卖盘
1993,10:52:42,11.15,0.02,87,97005,买盘
1994,10:52:39,11.13,-0.02,86,95718,卖盘
1995,10:52:36,11.15,--,23,25645,买盘
1996,10:52:24,11.15,0.03,24,26760,买盘
1997,10:52:21,11.12,-0.03,53,58935,中性盘
1998,10:52:18,11.15,0.03,117,130455,买盘
1999,10:52:15,11.12,--,51,56711,买盘
2000,10:52:12,11.12,-0.03,43,47816,卖盘
2001,10:52:09,11.15,--,11,12265,买盘
2002,10:52:03,11.15,0.03,2300,2564500,买盘
2003,10:52:00,11.12,--,7,7783,买盘
2004,10:51:57,11.12,0.01,149,165688,买盘
2005,10:51:54,11.11,--,68,75548,买盘
2006,10:51:51,11.11,0.01,10,11110,买盘
2007,10:51:42,11.1,-0.01,10,11100,卖盘
2008,10:51:39,11.11,--,27,29997,买盘
2009,10:51:24,11.11,0.01,20,22220,买盘
2010,10:51:21,11.1,-0.02,2,2220,卖盘
2011,10:51:12,11.12,0.02,8,8896,买盘
2012,10:51:06,11.1,--,36,39960,卖盘
2013,10:51:03,11.1,-0.01,22,24420,卖盘
2014,10:51:00,11.11,0.01,221,245531,买盘
2015,10:50:42,11.1,--,22,24420,卖盘
2016,10:50:39,11.1,-0.01,90,99900,卖盘
2017,10:50:36,11.11,--,39,43329,买盘
2018,10:50:33,11.11,0.01,76,84436,买盘
2019,10:50:27,11.1,--,10,11100,卖盘
2020,10:50:24,11.1,--,5,5550,卖盘
2021,10:50:21,11.1,-0.01,14,15540,卖盘
2022,10:50:18,11.11,--,5,5555,买盘
2023,10:50:06,11.11,--,50,55550,买盘
2024,10:50:03,11.11,--,30,33330,买盘
2025,10:49:54,11.11,--,5,5555,买盘
2026,10:49:39,11.11,--,20,22220,买盘
2027,10:49:36,11.11,--,52,57772,买盘
2028,10:49:30,11.11,0.01,10,11110,买盘
2029,10:49:27,11.1,--,36,39960,卖盘
2030,10:49:24,11.1,-0.01,8,8880,卖盘
2031,10:49:21,11.11,0.01,125,138875,买盘
2032,10:49:15,11.1,--,3,3330,买盘
2033,10:49:00,11.1,--,57,63270,卖盘
2034,10:48:54,11.1,--,25,27750,卖盘
2035,10:48:48,11.1,-0.01,100,111000,卖盘
2036,10:48:42,11.11,0.01,3,3333,买盘
2037,10:48:39,11.1,-0.01,61,67710,卖盘
2038,10:48:33,11.11,--,15,16665,买盘
2039,10:48:27,11.11,0.01,8,8888,买盘
2040,10:48:12,11.1,-0.01,12,13320,卖盘
2041,10:48:03,11.11,--,78,86658,买盘
2042,10:47:57,11.11,0.01,430,477730,买盘
2043,10:47:54,11.1,--,5,5550,卖盘
2044,10:47:48,11.1,-0.01,10,11100,卖盘
2045,10:47:45,11.11,0.01,277,307747,买盘
2046,10:47:42,11.1,--,4,4440,买盘
2047,10:47:39,11.1,--,1,1110,买盘
2048,10:47:36,11.1,--,158,175380,买盘
2049,10:47:33,11.1,--,15,16650,买盘
2050,10:47:30,11.1,--,9,9990,买盘
2051,10:47:27,11.1,--,2,2220,买盘
2052,10:47:24,11.1,0.01,6,6660,买盘
2053,10:47:21,11.09,-0.01,8,8872,卖盘
2054,10:47:18,11.1,--,125,138750,买盘
2055,10:47:06,11.1,--,100,111000,买盘
2056,10:47:00,11.1,--,453,502830,买盘
2057,10:46:48,11.1,--,125,138750,买盘
2058,10:46:39,11.1,--,70,77700,买盘
2059,10:46:36,11.1,0.01,409,453990,买盘
2060,10:46:33,11.09,--,1,1109,卖盘
2061,10:46:30,11.09,--,112,124208,卖盘
2062,10:46:15,11.09,--,10,11090,卖盘
2063,10:46:12,11.09,-0.01,13,14417,卖盘
2064,10:46:03,11.1,--,68,75480,买盘
2065,10:45:57,11.1,0.01,12,13320,买盘
2066,10:45:54,11.09,--,10,11090,卖盘
2067,10:45:51,11.09,-0.01,29,32161,卖盘
2068,10:45:48,11.1,0.01,10,11100,买盘
2069,10:45:45,11.09,-0.01,42,46578,卖盘
2070,10:45:39,11.1,--,20,22200,买盘
2071,10:45:36,11.1,--,107,118770,买盘
2072,10:45:33,11.1,0.01,22,24420,买盘
2073,10:45:27,11.09,--,10,11090,卖盘
2074,10:45:24,11.09,-0.01,1,1109,卖盘
2075,10:45:21,11.1,0.01,51,56610,买盘
2076,10:45:15,11.09,-0.01,14,15526,卖盘
2077,10:45:09,11.1,0.01,46,51060,买盘
2078,10:45:03,11.09,-0.01,8,8872,卖盘
2079,10:45:00,11.1,0.01,69,76590,买盘
2080,10:44:45,11.09,-0.01,200,221800,卖盘
2081,10:44:39,11.1,--,15,16650,买盘
2082,10:44:36,11.1,--,102,113220,买盘
2083,10:44:30,11.1,0.01,10,11100,买盘
2084,10:44:24,11.09,--,5,5545,卖盘
2085,10:44:21,11.09,-0.01,203,225127,卖盘
2086,10:44:18,11.1,0.01,4,4440,买盘
2087,10:44:15,11.09,--,15,16635,卖盘
2088,10:44:12,11.09,--,12,13308,卖盘
2089,10:44:03,11.09,-0.01,112,124208,卖盘
2090,10:44:00,11.1,--,95,105450,买盘
2091,10:43:57,11.1,0.01,51,56610,买盘
2092,10:43:45,11.09,-0.01,16,17744,卖盘
2093,10:43:36,11.1,0.01,100,111000,买盘
2094,10:43:33,11.09,-0.01,112,124208,卖盘
2095,10:43:30,11.1,0.01,200,222000,买盘
2096,10:43:21,11.09,-0.01,10,11090,卖盘
2097,10:43:12,11.1,0.01,69,76590,买盘
2098,10:43:09,11.09,0.01,145,160805,买盘
2099,10:43:03,11.08,-0.02,15,16620,卖盘
2100,10:43:00,11.1,0.02,143,158730,买盘
2101,10:42:57,11.08,-0.01,16,17728,卖盘
2102,10:42:54,11.09,--,37,41033,买盘
2103,10:42:45,11.09,--,69,76521,买盘
2104,10:42:36,11.09,--,36,39924,买盘
2105,10:42:30,11.09,--,7,7763,买盘
2106,10:42:27,11.09,0.01,20,22180,买盘
2107,10:42:21,11.08,-0.01,7,7756,卖盘
2108,10:42:15,11.09,--,3,3327,买盘
2109,10:42:12,11.09,--,60,66540,买盘
2110,10:42:09,11.09,--,13,14417,卖盘
2111,10:42:06,11.09,-0.01,12,13308,卖盘
2112,10:42:03,11.1,0.01,60,66600,买盘
2113,10:42:00,11.09,-0.01,113,125317,卖盘
2114,10:41:36,11.1,0.01,339,376290,买盘
2115,10:41:30,11.09,-0.01,2,2218,卖盘
2116,10:41:27,11.1,--,18,19980,买盘
2117,10:41:24,11.1,0.01,9,9990,买盘
2118,10:41:15,11.09,-0.01,14,15526,卖盘
2119,10:41:12,11.1,--,1,1110,买盘
2120,10:41:03,11.1,--,50,55500,买盘
2121,10:40:54,11.1,0.01,19,21090,买盘
2122,10:40:51,11.09,--,12,13308,买盘
2123,10:40:48,11.09,--,40,44360,买盘
2124,10:40:36,11.09,0.01,33,36597,买盘
2125,10:40:33,11.08,--,197,218276,买盘
2126,10:40:30,11.08,--,10,11080,买盘
2127,10:40:27,11.08,--,5,5540,买盘
2128,10:40:24,11.08,--,5,5540,买盘
2129,10:40:21,11.08,--,50,55400,买盘
2130,10:40:18,11.08,-0.01,472,522976,卖盘
2131,10:40:09,11.09,--,50,55450,买盘
2132,10:40:06,11.09,0.01,82,90938,买盘
2133,10:40:00,11.08,-0.01,79,87532,卖盘
2134,10:39:57,11.09,-0.01,163,180767,卖盘
2135,10:39:51,11.1,--,10,11100,买盘
2136,10:39:42,11.1,0.01,181,200910,买盘
2137,10:39:39,11.09,-0.01,20,22180,卖盘
2138,10:39:36,11.1,--,34,37740,买盘
2139,10:39:33,11.1,--,86,95460,买盘
2140,10:39:27,11.1,--,2,2220,买盘
2141,10:39:21,11.1,--,331,367410,卖盘
2142,10:39:12,11.1,-0.01,58,64380,卖盘
2143,10:39:06,11.11,--,10,11110,买盘
2144,10:39:03,11.11,0.01,10,11110,买盘
2145,10:38:54,11.1,--,1,1110,卖盘
2146,10:38:39,11.1,-0.01,56,62160,卖盘
2147,10:38:36,11.11,0.01,27,29997,买盘
2148,10:38:33,11.1,--,8,8880,卖盘
2149,10:38:24,11.1,--,25,27750,卖盘
2150,10:38:18,11.1,--,20,22200,卖盘
2151,10:38:15,11.1,--,83,92130,卖盘
2152,10:38:09,11.1,--,234,259740,卖盘
2153,10:38:06,11.1,--,2,2220,卖盘
2154,10:38:03,11.1,--,8,8880,卖盘
2155,10:38:00,11.1,--,17,18870,卖盘
2156,10:37:54,11.1,-0.01,146,162060,卖盘
2157,10:37:48,11.11,--,42,46662,买盘
2158,10:37:39,11.11,--,48,53328,买盘
2159,10:37:36,11.11,0.01,49,54439,买盘
2160,10:37:33,11.1,--,9,9990,卖盘
2161,10:37:30,11.1,--,56,62160,卖盘
2162,10:37:27,11.1,--,68,75480,卖盘
2163,10:37:21,11.1,--,23,25530,卖盘
2164,10:37:06,11.1,-0.01,34,37740,卖盘
2165,10:37:03,11.11,--,80,88880,买盘
2166,10:36:57,11.11,0.01,20,22220,买盘
2167,10:36:54,11.1,-0.01,27,29970,卖盘
2168,10:36:51,11.11,-0.01,395,438845,卖盘
2169,10:36:48,11.12,0.01,13,14455,买盘
2170,10:36:45,11.11,--,11,12221,卖盘
2171,10:36:42,11.11,--,14,15554,卖盘
2172,10:36:39,11.11,-0.01,10,11110,卖盘
2173,10:36:36,11.12,0.01,33,36696,买盘
2174,10:36:33,11.11,--,54,59994,卖盘
2175,10:36:30,11.11,-0.01,20,22220,卖盘
2176,10:36:24,11.12,--,10,11120,买盘
2177,10:36:18,11.12,0.01,10,11120,买盘
2178,10:36:12,11.11,--,30,33330,卖盘
2179,10:36:09,11.11,--,19,21109,卖盘
2180,10:36:03,11.11,--,47,52217,卖盘
2181,10:35:57,11.11,--,20,22220,卖盘
2182,10:35:51,11.11,--,36,39996,卖盘
2183,10:35:45,11.11,--,18,19998,卖盘
2184,10:35:42,11.11,-0.01,44,48884,卖盘
2185,10:35:36,11.12,0.01,28,31135,买盘
2186,10:35:33,11.11,-0.01,37,41107,卖盘
2187,10:35:30,11.12,0.01,140,155680,买盘
2188,10:35:27,11.11,-0.01,5,5555,卖盘
2189,10:35:24,11.12,0.01,5,5560,买盘
2190,10:35:21,11.11,--,6,6666,卖盘
2191,10:35:15,11.11,--,57,63327,卖盘
2192,10:35:12,11.11,-0.01,7,7777,卖盘
2193,10:35:09,11.12,0.01,26,28911,买盘
2194,10:35:06,11.11,-0.01,9,9999,卖盘
2195,10:35:03,11.12,--,36,40032,买盘
2196,10:35:00,11.12,--,27,30023,买盘
2197,10:34:57,11.12,0.01,21,23352,买盘
2198,10:34:51,11.11,-0.01,15,16665,卖盘
2199,10:34:45,11.12,0.01,36,40032,买盘
2200,10:34:42,11.11,--,49,54439,卖盘
2201,10:34:39,11.11,-0.01,21,23331,卖盘
2202,10:34:36,11.12,0.01,148,164576,买盘
2203,10:34:27,11.11,--,12,13332,卖盘
2204,10:34:24,11.11,--,17,18887,卖盘
2205,10:34:21,11.11,--,18,19998,卖盘
2206,10:34:18,11.11,--,26,28886,卖盘
2207,10:34:15,11.11,--,56,62216,卖盘
2208,10:34:12,11.11,--,10,11110,卖盘
2209,10:34:03,11.11,-0.01,10,11110,卖盘
2210,10:34:00,11.12,0.01,22,24464,买盘
2211,10:33:54,11.11,--,22,24442,卖盘
2212,10:33:51,11.11,--,38,42218,卖盘
2213,10:33:48,11.11,-0.01,61,67771,卖盘
2214,10:33:45,11.12,0.01,3,3335,买盘
2215,10:33:42,11.11,--,17,18887,卖盘
2216,10:33:39,11.11,-0.01,96,106656,卖盘
2217,10:33:36,11.12,--,332,369184,买盘
2218,10:33:33,11.12,0.01,207,230183,买盘
2219,10:33:30,11.11,--,5,5555,卖盘
2220,10:33:27,11.11,-0.01,30,33330,卖盘
2221,10:33:21,11.12,0.01,1,1112,买盘
2222,10:33:09,11.11,-0.01,36,39996,卖盘
2223,10:33:06,11.12,0.01,71,78952,买盘
2224,10:33:03,11.11,-0.01,144,159984,卖盘
2225,10:33:00,11.12,0.01,16,17792,买盘
2226,10:32:57,11.11,--,24,26664,卖盘
2227,10:32:51,11.11,-0.01,9,9999,卖盘
2228,10:32:48,11.12,0.01,50,55599,买盘
2229,10:32:39,11.11,-0.01,12,13332,卖盘
2230,10:32:36,11.12,0.01,109,121207,买盘
2231,10:32:33,11.11,--,33,36663,卖盘
2232,10:32:30,11.11,--,10,11110,卖盘
2233,10:32:27,11.11,0.01,90,99990,买盘
2234,10:32:24,11.1,--,55,61050,卖盘
2235,10:32:21,11.1,-0.01,6,6660,卖盘
2236,10:32:18,11.11,--,28,31108,买盘
2237,10:32:15,11.11,--,37,41107,买盘
2238,10:32:12,11.11,--,123,136653,买盘
2239,10:32:09,11.11,--,121,134431,买盘
2240,10:32:06,11.11,--,91,101101,买盘
2241,10:32:00,11.11,0.01,18,19998,买盘
2242,10:31:57,11.1,-0.01,11,12210,卖盘
2243,10:31:54,11.11,--,40,44440,买盘
2244,10:31:51,11.11,--,23,25553,买盘
2245,10:31:48,11.11,--,23,25553,买盘
2246,10:31:45,11.11,--,18,19998,买盘
2247,10:31:42,11.11,0.01,69,76659,买盘
2248,10:31:39,11.1,-0.01,18,19980,卖盘
2249,10:31:36,11.11,--,90,99990,买盘
2250,10:31:30,11.11,--,30,33330,买盘
2251,10:31:27,11.11,0.01,20,22220,买盘
2252,10:31:21,11.1,-0.01,10,11100,卖盘
2253,10:31:18,11.11,0.01,69,76659,买盘
2254,10:31:15,11.1,--,24,26640,卖盘
2255,10:31:12,11.1,-0.01,65,72150,卖盘
2256,10:31:09,11.11,0.01,62,68882,买盘
2257,10:31:03,11.1,--,3,3330,卖盘
2258,10:31:00,11.1,--,8,8880,买盘
2259,10:30:57,11.1,--,20,22200,买盘
2260,10:30:54,11.1,--,19,21090,买盘
2261,10:30:51,11.1,--,71,78810,买盘
2262,10:30:48,11.1,--,17,18870,买盘
2263,10:30:45,11.1,0.01,44,48840,买盘
2264,10:30:42,11.09,--,8,8872,卖盘
2265,10:30:39,11.09,-0.01,112,124208,卖盘
2266,10:30:36,11.1,0.01,384,426240,买盘
2267,10:30:33,11.09,-0.01,18,19962,卖盘
2268,10:30:27,11.1,--,20,22200,买盘
2269,10:30:18,11.1,--,38,42180,买盘
2270,10:30:15,11.1,--,69,76590,买盘
2271,10:30:09,11.1,0.01,23,25530,买盘
2272,10:30:03,11.09,-0.01,68,75412,卖盘
2273,10:30:00,11.1,--,394,437340,买盘
2274,10:29:57,11.1,--,50,55500,买盘
2275,10:29:54,11.1,--,45,49950,买盘
2276,10:29:51,11.1,--,10,11100,买盘
2277,10:29:48,11.1,--,7,7770,买盘
2278,10:29:45,11.1,--,10,11100,买盘
2279,10:29:42,11.1,0.01,12,13320,买盘
2280,10:29:39,11.09,-0.01,7,7763,卖盘
2281,10:29:36,11.1,--,32,35520,买盘
2282,10:29:30,11.1,--,30,33300,买盘
2283,10:29:24,11.1,0.01,4,4440,买盘
2284,10:29:21,11.09,--,6,6654,卖盘
2285,10:29:18,11.09,--,35,38815,卖盘
2286,10:29:12,11.09,-0.01,1,1109,卖盘
2287,10:29:06,11.1,--,12,13320,买盘
2288,10:29:00,11.1,0.01,1,1110,买盘
2289,10:28:54,11.09,--,27,29943,卖盘
2290,10:28:51,11.09,--,64,70976,卖盘
2291,10:28:39,11.09,-0.01,53,58777,卖盘
2292,10:28:36,11.1,--,49,54390,买盘
2293,10:28:33,11.1,0.01,10,11100,买盘
2294,10:28:21,11.09,--,6,6654,卖盘
2295,10:28:15,11.09,-0.01,8,8872,卖盘
2296,10:28:12,11.1,0.01,10,11100,买盘
2297,10:28:06,11.09,--,40,44360,卖盘
2298,10:28:03,11.09,-0.01,14,15526,卖盘
2299,10:28:00,11.1,--,50,55500,买盘
2300,10:27:57,11.1,--,55,61050,买盘
2301,10:27:54,11.1,--,21,23310,买盘
2302,10:27:51,11.1,--,20,22200,买盘
2303,10:27:48,11.1,0.01,30,33300,买盘
2304,10:27:39,11.09,-0.01,1,1109,卖盘
2305,10:27:36,11.1,0.01,39,43290,买盘
2306,10:27:33,11.09,--,54,59886,卖盘
2307,10:27:30,11.09,-0.01,5,5545,卖盘
2308,10:27:27,11.1,--,3,3330,买盘
2309,10:27:21,11.1,0.01,11,12210,买盘
2310,10:27:18,11.09,-0.01,7,7763,卖盘
2311,10:27:15,11.1,--,2,2220,买盘
2312,10:27:12,11.1,--,61,67710,买盘
2313,10:27:06,11.1,--,3,3330,买盘
2314,10:27:00,11.1,--,8,8880,买盘
2315,10:26:48,11.1,--,1,1110,买盘
2316,10:26:39,11.1,--,4,4440,买盘
2317,10:26:36,11.1,--,66,73260,买盘
2318,10:26:33,11.1,--,112,124320,买盘
2319,10:26:30,11.1,--,8,8880,买盘
2320,10:26:27,11.1,--,19,21090,买盘
2321,10:26:24,11.1,--,60,66600,买盘
2322,10:26:21,11.1,--,32,35520,买盘
2323,10:26:18,11.1,--,29,32190,买盘
2324,10:26:15,11.1,--,62,68820,买盘
2325,10:26:12,11.1,--,127,140970,买盘
2326,10:26:06,11.1,0.01,57,63270,买盘
2327,10:26:03,11.09,-0.01,15,16635,卖盘
2328,10:26:00,11.1,0.01,121,134310,买盘
2329,10:25:54,11.09,-0.01,41,45469,卖盘
2330,10:25:36,11.1,0.01,36,39960,买盘
2331,10:25:30,11.09,--,50,55450,卖盘
2332,10:25:15,11.09,--,9,9981,卖盘
2333,10:25:12,11.09,--,6,6654,卖盘
2334,10:25:09,11.09,--,166,184094,买盘
2335,10:25:03,11.09,--,2,2218,买盘
2336,10:24:57,11.09,--,70,77630,买盘
2337,10:24:51,11.09,--,10,11090,买盘
2338,10:24:48,11.09,--,120,133080,买盘
2339,10:24:45,11.09,--,60,66540,买盘
2340,10:24:39,11.09,--,159,176331,买盘
2341,10:24:36,11.09,0.01,39,43251,买盘
2342,10:24:33,11.08,-0.01,8,8864,卖盘
2343,10:24:30,11.09,--,110,121990,买盘
2344,10:24:27,11.09,--,30,33270,买盘
2345,10:24:12,11.09,--,50,55450,买盘
2346,10:24:03,11.09,--,13,14417,买盘
2347,10:24:00,11.09,0.01,10,11090,买盘
2348,10:23:54,11.08,-0.01,40,44320,卖盘
2349,10:23:51,11.09,--,14,15526,买盘
2350,10:23:48,11.09,0.01,2,2218,买盘
2351,10:23:45,11.08,-0.01,76,84208,卖盘
2352,10:23:39,11.09,--,1,1109,买盘
2353,10:23:33,11.09,--,64,70976,买盘
2354,10:23:24,11.09,0.01,10,11090,买盘
2355,10:23:21,11.08,-0.01,30,33240,卖盘
2356,10:23:15,11.09,--,11,12199,买盘
2357,10:23:12,11.09,--,10,11090,买盘
2358,10:23:00,11.09,--,20,22180,买盘
2359,10:22:57,11.09,--,10,11090,买盘
2360,10:22:54,11.09,--,1,1109,买盘
2361,10:22:51,11.09,--,10,11090,买盘
2362,10:22:48,11.09,0.02,10,11090,买盘
2363,10:22:39,11.07,-0.02,55,60885,卖盘
2364,10:22:30,11.09,--,10,11090,买盘
2365,10:22:24,11.09,0.02,43,47687,买盘
2366,10:22:21,11.07,-0.02,7,7749,卖盘
2367,10:22:18,11.09,0.01,38,42142,买盘
2368,10:22:15,11.08,--,23,25484,卖盘
2369,10:22:12,11.08,--,100,110800,卖盘
2370,10:22:06,11.08,--,2,2216,卖盘
2371,10:21:54,11.08,--,17,18836,卖盘
2372,10:21:51,11.08,--,94,104152,买盘
2373,10:21:48,11.08,--,20,22160,买盘
2374,10:21:45,11.08,--,33,36564,买盘
2375,10:21:42,11.08,--,5,5540,买盘
2376,10:21:39,11.08,--,50,55400,买盘
2377,10:21:36,11.08,--,30,33240,买盘
2378,10:21:30,11.08,0.01,20,22160,买盘
2379,10:21:27,11.07,-0.01,44,48708,卖盘
2380,10:21:24,11.08,--,27,29916,买盘
2381,10:21:18,11.08,0.01,84,93072,买盘
2382,10:21:15,11.07,-0.01,2,2214,卖盘
2383,10:21:12,11.08,--,16,17728,买盘
2384,10:21:06,11.08,0.01,20,22160,买盘
2385,10:21:03,11.07,--,9,9963,卖盘
2386,10:21:00,11.07,-0.01,1,1107,卖盘
2387,10:20:57,11.08,--,16,17728,买盘
2388,10:20:54,11.08,--,124,137392,买盘
2389,10:20:51,11.08,--,49,54292,买盘
2390,10:20:42,11.08,0.01,42,46536,买盘
2391,10:20:39,11.07,-0.01,14,15498,卖盘
2392,10:20:30,11.08,0.01,9,9972,买盘
2393,10:20:27,11.07,-0.01,2,2214,卖盘
2394,10:20:24,11.08,0.01,37,40996,买盘
2395,10:20:21,11.07,--,24,26568,卖盘
2396,10:20:18,11.07,-0.01,193,213651,卖盘
2397,10:20:15,11.08,0.01,13,14404,买盘
2398,10:20:09,11.07,0.01,129,142803,买盘
2399,10:20:06,11.06,-0.01,391,432446,卖盘
2400,10:20:00,11.07,--,3,3321,买盘
2401,10:19:57,11.07,--,5,5535,买盘
2402,10:19:54,11.07,--,10,11070,买盘
2403,10:19:51,11.07,--,7,7749,买盘
2404,10:19:48,11.07,0.01,27,29889,买盘
2405,10:19:45,11.06,--,16,17696,卖盘
2406,10:19:42,11.06,-0.01,5,5530,卖盘
2407,10:19:39,11.07,--,30,33210,买盘
2408,10:19:36,11.07,0.01,30,33210,买盘
2409,10:19:33,11.06,--,8,8848,卖盘
2410,10:19:24,11.06,--,5,5530,卖盘
2411,10:19:18,11.06,-0.01,20,22120,卖盘
2412,10:19:15,11.07,--,25,27675,买盘
2413,10:19:09,11.07,--,10,11070,买盘
2414,10:19:06,11.07,--,46,50922,买盘
2415,10:19:00,11.07,--,116,128412,买盘
2416,10:18:57,11.07,--,90,99630,买盘
2417,10:18:54,11.07,--,81,89667,买盘
2418,10:18:51,11.07,--,64,70848,买盘
2419,10:18:45,11.07,0.01,54,59778,买盘
2420,10:18:42,11.06,--,163,180278,卖盘
2421,10:18:39,11.06,--,30,33180,卖盘
2422,10:18:36,11.06,--,15,16590,卖盘
2423,10:18:33,11.06,--,33,36498,卖盘
2424,10:18:21,11.06,-0.01,94,103964,卖盘
2425,10:18:18,11.07,0.01,1,1107,买盘
2426,10:18:15,11.06,-0.01,10,11060,卖盘
2427,10:18:09,11.07,0.01,4,4428,买盘
2428,10:18:06,11.06,--,16,17696,卖盘
2429,10:18:03,11.06,--,18,19908,卖盘
2430,10:17:57,11.06,-0.01,13,14378,卖盘
2431,10:17:54,11.07,0.01,10,11070,买盘
2432,10:17:45,11.06,--,70,77420,卖盘
2433,10:17:42,11.06,--,41,45346,卖盘
2434,10:17:39,11.06,-0.01,33,36498,卖盘
2435,10:17:36,11.07,0.01,1,1107,买盘
2436,10:17:33,11.06,--,28,30968,卖盘
2437,10:17:24,11.06,-0.01,64,70784,卖盘
2438,10:17:18,11.07,--,10,11070,买盘
2439,10:17:09,11.07,0.01,10,11070,买盘
2440,10:17:03,11.06,--,15,16590,卖盘
2441,10:17:00,11.06,0.01,92,102194,买盘
2442,10:16:57,11.05,--,24,26520,卖盘
2443,10:16:51,11.05,--,12,13260,卖盘
2444,10:16:48,11.05,-0.01,8,8840,卖盘
2445,10:16:45,11.06,-0.01,185,205273,卖盘
2446,10:16:42,11.07,--,10,11070,买盘
2447,10:16:39,11.07,0.01,16,17712,买盘
2448,10:16:24,11.06,-0.01,14,15484,卖盘
2449,10:16:21,11.07,--,31,34317,买盘
2450,10:16:18,11.07,--,66,73062,买盘
2451,10:16:12,11.07,--,273,302211,买盘
2452,10:15:57,11.07,0.01,48,53136,买盘
2453,10:15:51,11.06,--,62,68572,卖盘
2454,10:15:48,11.06,-0.01,156,172536,卖盘
2455,10:15:45,11.07,0.01,425,470475,买盘
2456,10:15:39,11.06,--,6,6636,卖盘
2457,10:15:33,11.06,--,59,65254,卖盘
2458,10:15:30,11.06,--,14,15484,卖盘
2459,10:15:27,11.06,-0.01,6,6636,卖盘
2460,10:15:24,11.07,--,21,23247,买盘
2461,10:15:21,11.07,--,66,73062,买盘
2462,10:15:18,11.07,--,30,33210,买盘
2463,10:15:12,11.07,0.01,30,33210,买盘
2464,10:15:03,11.06,--,426,471156,卖盘
2465,10:15:00,11.06,--,107,118342,卖盘
2466,10:14:54,11.06,--,8,8848,卖盘
2467,10:14:51,11.06,--,18,19908,卖盘
2468,10:14:48,11.06,-0.01,8,8848,卖盘
2469,10:14:45,11.07,0.01,27,29889,买盘
2470,10:14:42,11.06,--,46,50876,卖盘
2471,10:14:21,11.06,--,50,55300,卖盘
2472,10:14:15,11.06,--,15,16590,卖盘
2473,10:14:12,11.06,-0.01,2,2654,卖盘
2474,10:14:06,11.07,0.01,15,16605,买盘
2475,10:13:57,11.06,--,10,11060,卖盘
2476,10:13:54,11.06,-0.01,57,63042,卖盘
2477,10:13:51,11.07,0.01,15,16605,买盘
2478,10:13:48,11.06,--,8,8848,卖盘
2479,10:13:42,11.06,-0.01,41,45346,卖盘
2480,10:13:39,11.07,--,25,27675,买盘
2481,10:13:36,11.07,0.01,64,70848,买盘
2482,10:13:33,11.06,--,15,16590,卖盘
2483,10:13:30,11.06,--,97,107282,卖盘
2484,10:13:27,11.06,-0.01,19,21014,卖盘
2485,10:13:24,11.07,--,28,30996,买盘
2486,10:13:18,11.07,--,4,4428,买盘
2487,10:13:15,11.07,--,9,9963,买盘
2488,10:13:09,11.07,--,6,6642,买盘
2489,10:13:03,11.07,0.01,7,7749,买盘
2490,10:12:51,11.06,-0.01,99,109494,卖盘
2491,10:12:45,11.07,--,10,11070,买盘
2492,10:12:42,11.07,--,100,110700,买盘
2493,10:12:39,11.07,--,5,5535,买盘
2494,10:12:27,11.07,--,23,25461,买盘
2495,10:12:21,11.07,--,21,23247,买盘
2496,10:12:18,11.07,--,10,11070,买盘
2497,10:12:12,11.07,0.01,8,8856,买盘
2498,10:12:09,11.06,--,33,36498,卖盘
2499,10:12:03,11.06,-0.01,8,8848,卖盘
2500,10:11:54,11.07,--,73,80811,买盘
2501,10:11:51,11.07,--,20,22140,买盘
2502,10:11:48,11.07,--,123,136161,买盘
2503,10:11:45,11.07,0.01,16,17712,买盘
2504,10:11:36,11.06,-0.01,111,122766,卖盘
2505,10:11:33,11.07,--,33,36531,买盘
2506,10:11:27,11.07,--,3,3321,买盘
2507,10:11:24,11.07,--,22,24354,买盘
2508,10:11:21,11.07,0.01,100,110700,买盘
2509,10:11:15,11.06,-0.01,16,17696,卖盘
2510,10:11:12,11.07,--,24,26568,买盘
2511,10:11:00,11.07,--,12,13284,买盘
2512,10:10:57,11.07,--,11,12177,买盘
2513,10:10:54,11.07,0.01,13,14391,买盘
2514,10:10:51,11.06,-0.01,135,149310,卖盘
2515,10:10:48,11.07,0.01,44,48708,买盘
2516,10:10:45,11.06,-0.01,15,16590,卖盘
2517,10:10:42,11.07,--,30,33210,买盘
2518,10:10:39,11.07,--,50,55350,买盘
2519,10:10:36,11.07,--,9,9963,买盘
2520,10:10:33,11.07,--,67,74169,买盘
2521,10:10:27,11.07,--,30,33210,买盘
2522,10:10:24,11.07,0.01,14,15498,买盘
2523,10:10:21,11.06,--,15,16590,卖盘
2524,10:10:12,11.06,-0.01,43,47558,卖盘
2525,10:10:03,11.07,0.01,57,63099,买盘
2526,10:10:00,11.06,--,15,16590,中性盘
2527,10:09:54,11.06,--,148,163688,买盘
2528,10:09:51,11.06,0.01,98,108388,买盘
2529,10:09:48,11.05,--,26,28730,卖盘
2530,10:09:42,11.05,-0.01,74,81770,卖盘
2531,10:09:39,11.06,--,25,27650,买盘
2532,10:09:36,11.06,-0.02,3,3318,中性盘
2533,10:09:33,11.08,0.03,138,152904,买盘
2534,10:09:27,11.05,--,1,1105,卖盘
2535,10:09:24,11.05,-0.03,13,14365,卖盘
2536,10:09:18,11.08,0.03,7,7756,买盘
2537,10:09:03,11.05,--,223,246823,买盘
2538,10:09:00,11.05,--,77,85085,买盘
2539,10:08:57,11.05,--,23,25415,买盘
2540,10:08:54,11.05,--,202,223210,买盘
2541,10:08:51,11.05,--,149,164645,买盘
2542,10:08:48,11.05,0.01,853,942565,买盘
2543,10:08:45,11.04,-0.01,8,8832,卖盘
2544,10:08:42,11.05,--,40,44200,买盘
2545,10:08:39,11.05,--,4,4420,买盘
2546,10:08:36,11.05,--,8,8840,买盘
2547,10:08:33,11.05,-0.04,1623,1793415,卖盘
2548,10:08:30,11.09,0.01,33,36597,买盘
2549,10:08:27,11.08,--,30,33240,卖盘
2550,10:08:24,11.08,-0.01,58,64264,卖盘
2551,10:08:21,11.09,0.01,116,128644,买盘
2552,10:08:18,11.08,-0.01,12,13296,卖盘
2553,10:08:12,11.09,--,22,24398,买盘
2554,10:08:09,11.09,--,5,5545,买盘
2555,10:08:06,11.09,--,28,31052,买盘
2556,10:08:03,11.09,--,153,169677,买盘
2557,10:07:57,11.09,--,10,11090,买盘
2558,10:07:54,11.09,--,24,26616,买盘
2559,10:07:42,11.09,0.01,2,2218,买盘
2560,10:07:39,11.08,--,120,132960,买盘
2561,10:07:33,11.08,--,38,42104,买盘
2562,10:07:30,11.08,--,43,47644,卖盘
2563,10:07:27,11.08,-0.01,15,16620,卖盘
2564,10:07:18,11.09,--,1,1109,买盘
2565,10:07:15,11.09,--,10,11090,买盘
2566,10:07:12,11.09,--,37,41033,买盘
2567,10:07:09,11.09,--,3,3327,买盘
2568,10:07:03,11.09,0.01,135,149715,买盘
2569,10:06:51,11.08,--,40,44320,卖盘
2570,10:06:48,11.08,-0.01,9,9972,卖盘
2571,10:06:42,11.09,--,20,22180,买盘
2572,10:06:39,11.09,--,209,231781,买盘
2573,10:06:33,11.09,0.01,50,55450,买盘
2574,10:06:30,11.08,-0.01,205,227140,卖盘
2575,10:06:24,11.09,--,10,11090,买盘
2576,10:06:21,11.09,0.01,10,11090,买盘
2577,10:06:18,11.08,--,13,14404,卖盘
2578,10:06:09,11.08,--,46,50968,卖盘
2579,10:06:03,11.08,--,65,72020,卖盘
2580,10:05:57,11.08,-0.01,30,33240,卖盘
2581,10:05:51,11.09,0.01,105,116445,买盘
2582,10:05:48,11.08,--,91,100828,买盘
2583,10:05:45,11.08,--,83,91964,买盘
2584,10:05:42,11.08,-0.01,33,36564,中性盘
2585,10:05:33,11.09,--,87,96483,买盘
2586,10:05:30,11.09,0.03,10,11090,买盘
2587,10:05:27,11.06,-0.03,34,37604,卖盘
2588,10:05:24,11.09,--,10,11090,买盘
2589,10:05:21,11.09,0.03,4,4436,买盘
2590,10:05:18,11.06,-0.01,71,78526,卖盘
2591,10:05:09,11.07,-0.01,66,73062,卖盘
2592,10:05:06,11.08,-0.01,18,19944,中性盘
2593,10:05:03,11.09,0.01,66,73194,买盘
2594,10:05:00,11.08,0.01,100,110800,买盘
2595,10:04:54,11.07,0.01,105,116235,买盘
2596,10:04:51,11.06,--,115,127190,买盘
2597,10:04:48,11.06,--,33,36498,买盘
2598,10:04:45,11.06,--,403,445718,买盘
2599,10:04:42,11.06,0.01,50,55300,买盘
2600,10:04:36,11.05,-0.01,1,1105,卖盘
2601,10:04:33,11.06,0.01,174,192444,买盘
2602,10:04:27,11.05,-0.01,55,60775,卖盘
2603,10:04:24,11.06,0.01,4,4424,买盘
2604,10:04:12,11.05,--,21,23205,买盘
2605,10:04:09,11.05,--,200,221000,买盘
2606,10:04:06,11.05,--,163,180115,买盘
2607,10:04:03,11.05,--,37,40885,买盘
2608,10:04:00,11.05,--,62,68510,买盘
2609,10:03:57,11.05,--,5,5525,买盘
2610,10:03:54,11.05,--,13,14365,买盘
2611,10:03:48,11.05,--,699,772395,买盘
2612,10:03:42,11.05,0.01,15,16575,买盘
2613,10:03:39,11.04,-0.01,20,22080,卖盘
2614,10:03:36,11.05,0.01,3,3315,买盘
2615,10:03:30,11.04,--,20,22080,卖盘
2616,10:03:21,11.04,--,10,11040,买盘
2617,10:03:18,11.04,--,55,60719,买盘
2618,10:03:12,11.04,--,4,4416,买盘
2619,10:03:06,11.04,--,47,51887,买盘
2620,10:03:03,11.04,--,147,162288,买盘
2621,10:03:00,11.04,0.01,10,11040,买盘
2622,10:02:57,11.03,-0.01,1,1103,卖盘
2623,10:02:54,11.04,--,9,9936,买盘
2624,10:02:51,11.04,--,26,28703,买盘
2625,10:02:48,11.04,--,13,14351,买盘
2626,10:02:45,11.04,--,57,62927,买盘
2627,10:02:39,11.04,--,20,22080,买盘
2628,10:02:36,11.04,--,183,202031,买盘
2629,10:02:33,11.04,--,17,18768,买盘
2630,10:02:27,11.04,--,180,198719,买盘
2631,10:02:24,11.04,0.01,48,52991,买盘
2632,10:02:21,11.03,--,2,2206,卖盘
2633,10:02:18,11.03,-0.01,66,73779,卖盘
2634,10:02:15,11.04,0.01,23,25391,买盘
2635,10:02:12,11.03,--,20,22060,卖盘
2636,10:02:09,11.03,--,2,2206,卖盘
2637,10:02:06,11.03,--,34,37502,卖盘
2638,10:02:00,11.03,-0.01,20,22060,卖盘
2639,10:01:57,11.04,--,5,5520,买盘
2640,10:01:54,11.04,0.01,80,88320,买盘
2641,10:01:48,11.03,-0.01,8,8824,卖盘
2642,10:01:45,11.04,0.01,54,59615,买盘
2643,10:01:39,11.03,--,50,55150,卖盘
2644,10:01:30,11.03,--,207,228321,卖盘
2645,10:01:27,11.03,-0.01,12,13236,卖盘
2646,10:01:24,11.04,--,33,36432,买盘
2647,10:01:21,11.04,--,1,1104,买盘
2648,10:01:18,11.04,0.01,10,11040,买盘
2649,10:01:15,11.03,-0.01,251,276853,卖盘
2650,10:01:09,11.04,--,3,3311,买盘
2651,10:01:06,11.04,--,51,56303,买盘
2652,10:01:03,11.04,0.01,4,4416,买盘
2653,10:01:00,11.03,--,9,9927,卖盘
2654,10:00:57,11.03,--,14,15442,卖盘
2655,10:00:48,11.03,-0.01,38,41914,卖盘
2656,10:00:45,11.04,--,50,55199,买盘
2657,10:00:42,11.04,0.01,59,65135,买盘
2658,10:00:39,11.03,--,31,34193,卖盘
2659,10:00:36,11.03,-0.01,41,45223,卖盘
2660,10:00:30,11.04,0.01,19,20976,买盘
2661,10:00:24,11.03,--,8,8824,卖盘
2662,10:00:21,11.03,-0.01,33,36399,卖盘
2663,10:00:18,11.04,0.01,16,17664,买盘
2664,10:00:15,11.03,--,22,24266,卖盘
2665,10:00:09,11.03,-0.01,25,27575,卖盘
2666,10:00:06,11.04,0.01,21,23184,买盘
2667,10:00:03,11.03,-0.01,38,41914,卖盘
2668,09:59:51,11.04,--,10,11040,买盘
2669,09:59:48,11.04,0.01,50,55199,买盘
2670,09:59:39,11.03,--,7,7721,卖盘
2671,09:59:27,11.03,--,86,94858,卖盘
2672,09:59:24,11.03,--,447,493041,卖盘
2673,09:59:21,11.03,--,9,9927,卖盘
2674,09:59:18,11.03,--,229,252586,卖盘
2675,09:59:15,11.03,-0.01,22,24266,卖盘
2676,09:59:06,11.04,--,21,23184,卖盘
2677,09:59:03,11.04,-0.01,120,132480,卖盘
2678,09:59:00,11.05,0.01,7,7735,买盘
2679,09:58:54,11.04,-0.01,160,176640,卖盘
2680,09:58:51,11.05,0.01,4,4420,买盘
2681,09:58:48,11.04,-0.01,11,12143,卖盘
2682,09:58:45,11.05,0.01,27,29835,买盘
2683,09:58:39,11.04,--,9,9936,卖盘
2684,09:58:36,11.04,--,3,3311,卖盘
2685,09:58:33,11.04,-0.01,8,8832,卖盘
2686,09:58:27,11.05,0.01,86,95030,买盘
2687,09:58:21,11.04,--,60,66240,卖盘
2688,09:58:15,11.04,-0.01,10,11040,卖盘
2689,09:58:09,11.05,--,2,2210,买盘
2690,09:58:03,11.05,0.01,6,6630,买盘
2691,09:58:00,11.04,--,89,98255,卖盘
2692,09:57:57,11.04,-0.01,17,18768,卖盘
2693,09:57:54,11.05,0.01,114,125970,买盘
2694,09:57:48,11.04,--,33,36432,卖盘
2695,09:57:45,11.04,--,198,218591,卖盘
2696,09:57:36,11.04,-0.01,189,208655,卖盘
2697,09:57:33,11.05,0.01,20,22100,买盘
2698,09:57:30,11.04,-0.01,20,22080,卖盘
2699,09:57:24,11.05,--,156,172380,买盘
2700,09:57:21,11.05,0.01,12,13260,买盘
2701,09:57:18,11.04,--,45,49679,卖盘
2702,09:57:15,11.04,--,3,3311,卖盘
2703,09:57:12,11.04,--,12,13247,卖盘
2704,09:57:06,11.04,--,16,17664,卖盘
2705,09:57:03,11.04,-0.01,112,123647,卖盘
2706,09:56:57,11.05,0.01,4,4420,买盘
2707,09:56:54,11.04,--,73,80592,买盘
2708,09:56:51,11.04,0.01,13,14351,买盘
2709,09:56:48,11.03,--,8,8824,卖盘
2710,09:56:39,11.03,-0.01,12,13236,卖盘
2711,09:56:33,11.04,--,81,89424,卖盘
2712,09:56:30,11.04,-0.01,63,69552,卖盘
2713,09:56:27,11.05,0.01,6,6630,买盘
2714,09:56:24,11.04,--,412,454847,卖盘
2715,09:56:03,11.04,-0.01,112,123647,卖盘
2716,09:56:00,11.05,0.01,9,9945,买盘
2717,09:55:57,11.04,-0.01,2,2208,卖盘
2718,09:55:54,11.05,--,5,5525,买盘
2719,09:55:51,11.05,--,59,65195,买盘
2720,09:55:48,11.05,--,4,4420,买盘
2721,09:55:45,11.05,0.01,2,2210,买盘
2722,09:55:42,11.04,--,13,14351,卖盘
2723,09:55:39,11.04,--,7,7727,卖盘
2724,09:55:36,11.04,--,63,69552,卖盘
2725,09:55:33,11.04,--,311,343344,卖盘
2726,09:55:30,11.04,--,206,227423,卖盘
2727,09:55:27,11.04,-0.01,55,60719,卖盘
2728,09:55:21,11.05,0.01,6,6630,买盘
2729,09:55:18,11.04,-0.01,19,20976,卖盘
2730,09:55:15,11.05,--,50,55250,买盘
2731,09:55:12,11.05,--,4,4420,买盘
2732,09:55:06,11.05,--,66,72930,卖盘
2733,09:55:03,11.05,--,4,4420,卖盘
2734,09:55:00,11.05,--,11,12155,卖盘
2735,09:54:57,11.05,--,1,1105,卖盘
2736,09:54:54,11.05,--,9,9945,买盘
2737,09:54:51,11.05,--,2,2210,买盘
2738,09:54:48,11.05,-0.01,7,7735,中性盘
2739,09:54:45,11.06,0.02,10,11060,买盘
2740,09:54:39,11.04,-0.02,36,39744,卖盘
2741,09:54:30,11.06,0.01,102,112812,买盘
2742,09:54:27,11.05,0.01,5,5525,中性盘
2743,09:54:21,11.04,-0.01,50,55199,卖盘
2744,09:54:18,11.05,--,106,117130,卖盘
2745,09:54:12,11.05,-0.01,12,13260,卖盘
2746,09:54:09,11.06,--,117,129402,买盘
2747,09:54:06,11.06,-0.01,69,76314,买盘
2748,09:54:00,11.07,0.01,10,11070,买盘
2749,09:53:57,11.06,0.01,3,3318,卖盘
2750,09:53:48,11.05,--,8,8840,卖盘
2751,09:53:42,11.05,-0.02,21,23205,卖盘
2752,09:53:39,11.07,--,5,5535,买盘
2753,09:53:36,11.07,--,62,68634,买盘
2754,09:53:33,11.07,--,32,35424,卖盘
2755,09:53:24,11.07,0.01,90,99630,买盘
2756,09:53:21,11.06,0.01,245,270970,买盘
2757,09:53:18,11.05,0.01,38,41990,买盘
2758,09:53:15,11.04,-0.01,43,47471,卖盘
2759,09:53:12,11.05,--,65,71825,买盘
2760,09:53:09,11.05,0.01,18,19890,买盘
2761,09:53:06,11.04,--,43,47471,卖盘
2762,09:53:03,11.04,-0.01,1,1104,卖盘
2763,09:53:00,11.05,--,34,37570,买盘
2764,09:52:57,11.05,--,2,2210,买盘
2765,09:52:54,11.05,--,61,67405,买盘
2766,09:52:51,11.05,--,118,130390,买盘
2767,09:52:48,11.05,--,17,18785,买盘
2768,09:52:45,11.05,0.01,70,77350,买盘
2769,09:52:42,11.04,--,56,61823,卖盘
2770,09:52:33,11.04,-0.01,5,5520,卖盘
2771,09:52:30,11.05,--,25,27625,买盘
2772,09:52:27,11.05,--,168,185640,买盘
2773,09:52:24,11.05,--,8,8840,买盘
2774,09:52:21,11.05,0.01,36,39780,买盘
2775,09:52:18,11.04,--,50,55199,卖盘
2776,09:52:09,11.04,--,16,17664,卖盘
2777,09:52:06,11.04,--,40,44160,卖盘
2778,09:52:00,11.04,-0.01,8,8832,卖盘
2779,09:51:57,11.05,0.01,500,552500,买盘
2780,09:51:51,11.04,--,31,34224,买盘
2781,09:51:48,11.04,--,68,75072,买盘
2782,09:51:39,11.04,0.01,10,11040,买盘
2783,09:51:36,11.03,--,636,701508,卖盘
2784,09:51:33,11.03,--,42,46326,卖盘
2785,09:51:27,11.03,--,47,51841,卖盘
2786,09:51:24,11.03,--,47,51841,卖盘
2787,09:51:15,11.03,-0.01,35,38605,卖盘
2788,09:51:12,11.04,--,6,6623,买盘
2789,09:51:09,11.04,--,41,45264,买盘
2790,09:51:06,11.04,--,51,56303,买盘
2791,09:51:03,11.04,--,13,14351,买盘
2792,09:50:54,11.04,0.01,23,25391,买盘
2793,09:50:51,11.03,-0.01,48,52944,卖盘
2794,09:50:48,11.04,--,3,3311,买盘
2795,09:50:45,11.04,--,5,5520,买盘
2796,09:50:39,11.04,0.01,26,28703,买盘
2797,09:50:33,11.03,-0.01,33,36399,卖盘
2798,09:50:30,11.04,--,6,6623,卖盘
2799,09:50:27,11.04,--,42,46368,卖盘
2800,09:50:24,11.04,--,21,23184,卖盘
2801,09:50:21,11.04,--,143,157872,卖盘
2802,09:50:09,11.04,--,41,45264,卖盘
2803,09:50:03,11.04,--,5,5520,卖盘
2804,09:49:57,11.04,--,10,11040,卖盘
2805,09:49:39,11.04,--,49,54095,卖盘
2806,09:49:36,11.04,-0.01,45,49679,卖盘
2807,09:49:33,11.05,0.01,11,12155,买盘
2808,09:49:27,11.04,--,28,30911,买盘
2809,09:49:24,11.04,--,27,29807,买盘
