,time,price,change,volume,amount,type
0,15:00:03,11.67,--,2001,2335750,买盘
1,14:57:00,11.67,0.01,599,699079,买盘
2,14:56:57,11.66,-0.01,217,253022,卖盘
3,14:56:54,11.67,0.01,40,46680,买盘
4,14:56:51,11.66,-0.01,29,34152,卖盘
5,14:56:48,11.67,--,318,371106,买盘
6,14:56:42,11.67,--,18,21006,买盘
7,14:56:39,11.67,--,198,231066,买盘
8,14:56:36,11.67,0.01,20,23340,买盘
9,14:56:33,11.66,--,1,1166,卖盘
10,14:56:27,11.66,--,12,13992,卖盘
11,14:56:24,11.66,-0.01,2,2332,卖盘
12,14:56:21,11.67,--,20,23340,买盘
13,14:56:18,11.67,0.02,222,259074,买盘
14,14:56:15,11.65,-0.01,60,69900,卖盘
15,14:56:12,11.66,--,28,32648,买盘
16,14:56:09,11.66,0.01,171,199386,卖盘
17,14:56:06,11.65,-0.02,30,34950,卖盘
18,14:55:54,11.67,0.01,217,253239,买盘
19,14:55:51,11.66,--,10,11660,买盘
20,14:55:48,11.66,0.01,90,104940,买盘
21,14:55:45,11.65,-0.01,14,16310,卖盘
22,14:55:42,11.66,0.01,24,27984,买盘
23,14:55:39,11.65,--,5,5825,卖盘
24,14:55:33,11.65,0.01,1132,1319548,买盘
25,14:55:30,11.64,--,23,27051,买盘
26,14:55:27,11.64,0.01,357,415548,买盘
27,14:55:24,11.63,-0.01,95,110485,卖盘
28,14:55:21,11.64,--,87,101268,买盘
29,14:55:18,11.64,--,42,48888,买盘
30,14:55:06,11.64,0.01,189,219996,买盘
31,14:55:03,11.63,0.01,62,72106,买盘
32,14:55:00,11.62,-0.01,10,11620,卖盘
33,14:54:57,11.63,0.01,10,11630,买盘
34,14:54:54,11.62,-0.01,68,79016,卖盘
35,14:54:45,11.63,0.01,20,23260,买盘
36,14:54:30,11.62,-0.01,1,1162,卖盘
37,14:54:27,11.63,--,4,4652,买盘
38,14:54:21,11.63,--,267,310521,卖盘
39,14:54:18,11.63,-0.01,10,11630,卖盘
40,14:54:15,11.64,0.01,1,1164,买盘
41,14:54:09,11.63,--,9,10467,卖盘
42,14:54:06,11.63,--,24,27912,卖盘
43,14:54:03,11.63,-0.01,50,58150,卖盘
44,14:54:00,11.64,0.01,50,58200,买盘
45,14:53:57,11.63,--,150,174450,卖盘
46,14:53:48,11.63,--,12,13956,卖盘
47,14:53:45,11.63,-0.01,10,11630,卖盘
48,14:53:39,11.64,0.01,10,11640,买盘
49,14:53:30,11.63,--,29,33727,卖盘
50,14:53:21,11.63,--,5,5815,卖盘
51,14:53:18,11.63,--,10,11630,卖盘
52,14:53:12,11.63,0.01,166,193058,买盘
53,14:53:09,11.62,-0.01,109,126657,卖盘
54,14:53:06,11.63,-0.01,8,9304,中性盘
55,14:53:00,11.64,0.02,2,2328,买盘
56,14:52:54,11.62,--,5,5810,卖盘
57,14:52:51,11.62,-0.02,10,11620,卖盘
58,14:52:48,11.64,--,30,34920,买盘
59,14:52:42,11.64,0.02,12,13968,买盘
60,14:52:36,11.62,--,9,10458,卖盘
61,14:52:33,11.62,--,59,68558,卖盘
62,14:52:30,11.62,--,10,11620,卖盘
63,14:52:21,11.62,-0.02,70,81340,卖盘
64,14:52:18,11.64,0.02,10,11640,买盘
65,14:52:09,11.62,-0.01,9,10458,卖盘
66,14:52:06,11.63,--,15,17445,买盘
67,14:52:03,11.63,0.01,1,1163,买盘
68,14:51:57,11.62,--,28,33465,卖盘
69,14:51:54,11.62,-0.01,14,16267,卖盘
70,14:51:51,11.63,--,142,165146,买盘
71,14:51:45,11.63,0.01,19,22097,买盘
72,14:51:36,11.62,-0.01,57,66234,卖盘
73,14:51:24,11.63,0.01,10,11630,买盘
74,14:51:21,11.62,--,10,11620,卖盘
75,14:51:15,11.62,-0.02,28,32535,卖盘
76,14:51:12,11.64,0.02,115,133860,买盘
77,14:51:09,11.62,-0.01,89,103418,卖盘
78,14:51:06,11.63,0.01,23,27679,买盘
79,14:51:03,11.62,-0.01,10,11620,卖盘
80,14:50:57,11.63,0.01,28,32564,买盘
81,14:50:54,11.62,--,199,232365,买盘
82,14:50:45,11.62,--,10,11620,买盘
83,14:50:42,11.62,0.01,1,1162,买盘
84,14:50:39,11.61,-0.01,15,17415,卖盘
85,14:50:36,11.62,0.01,3,3485,买盘
86,14:50:33,11.61,--,17,19737,卖盘
87,14:50:30,11.61,--,50,58050,卖盘
88,14:50:24,11.61,-0.01,37,42957,卖盘
89,14:50:21,11.62,0.01,254,295148,买盘
90,14:50:18,11.61,--,9,10449,卖盘
91,14:50:15,11.61,--,13,15789,买盘
92,14:50:12,11.61,--,230,267030,买盘
93,14:50:09,11.61,--,10,11610,买盘
94,14:50:00,11.61,--,45,52245,买盘
95,14:49:57,11.61,--,5,6269,卖盘
96,14:49:54,11.61,-0.01,10,11610,卖盘
97,14:49:51,11.62,0.01,200,232399,买盘
98,14:49:42,11.61,0.01,14,16950,买盘
99,14:49:36,11.6,--,111,128760,卖盘
100,14:49:33,11.6,-0.01,10,11600,卖盘
101,14:49:30,11.61,--,40,46440,买盘
102,14:49:27,11.61,--,10,11610,买盘
103,14:49:21,11.61,0.01,1,1161,买盘
104,14:49:18,11.6,--,18,20880,卖盘
105,14:49:15,11.6,-0.01,50,58000,卖盘
106,14:49:12,11.61,0.01,5,5805,买盘
107,14:49:06,11.6,--,129,149640,卖盘
108,14:49:03,11.6,--,311,360760,卖盘
109,14:49:00,11.6,-0.01,264,306240,卖盘
110,14:48:57,11.61,--,25,29025,买盘
111,14:48:51,11.61,--,7,8127,买盘
112,14:48:48,11.61,0.01,1,1161,买盘
113,14:48:45,11.6,-0.01,40,46400,卖盘
114,14:48:39,11.61,--,9,10449,买盘
115,14:48:30,11.61,--,25,29025,卖盘
116,14:48:24,11.61,0.01,331,384291,买盘
117,14:48:21,11.6,-0.01,119,138040,卖盘
118,14:48:18,11.61,0.01,10,11610,买盘
119,14:48:15,11.6,-0.01,711,824760,卖盘
120,14:48:12,11.61,--,28,32508,买盘
121,14:48:09,11.61,-0.01,49,56889,卖盘
122,14:48:06,11.62,0.01,186,216132,买盘
123,14:48:03,11.61,--,10,11610,卖盘
124,14:47:57,11.61,--,48,55728,卖盘
125,14:47:48,11.61,--,271,314631,卖盘
126,14:47:45,11.61,--,182,211302,买盘
127,14:47:42,11.61,0.01,6,6966,买盘
128,14:47:39,11.6,--,34,39440,卖盘
129,14:47:36,11.6,--,64,74240,卖盘
130,14:47:33,11.6,--,34,39440,卖盘
131,14:47:30,11.6,-0.01,10,11600,卖盘
132,14:47:27,11.61,--,35,40635,买盘
133,14:47:21,11.61,0.01,5,5805,买盘
134,14:47:18,11.6,--,39,45240,卖盘
135,14:47:15,11.6,--,10,11600,卖盘
136,14:47:09,11.6,-0.01,9,10440,卖盘
137,14:47:06,11.61,--,98,113778,买盘
138,14:47:00,11.61,0.01,35,40635,买盘
139,14:46:57,11.6,-0.01,1098,1274468,卖盘
140,14:46:54,11.61,--,20,23220,买盘
141,14:46:51,11.61,--,83,96363,买盘
142,14:46:48,11.61,0.01,2,2322,买盘
143,14:46:42,11.6,-0.01,10,11600,卖盘
144,14:46:39,11.61,0.01,27,31347,买盘
145,14:46:36,11.6,-0.01,31,35960,卖盘
146,14:46:33,11.61,0.01,31,35991,买盘
147,14:46:27,11.6,--,95,110200,卖盘
148,14:46:24,11.6,--,10,11600,卖盘
149,14:46:18,11.6,--,1,1160,卖盘
150,14:46:15,11.6,-0.01,205,237800,卖盘
151,14:46:12,11.61,--,3,3483,买盘
152,14:46:09,11.61,0.01,460,534060,买盘
153,14:46:06,11.6,-0.01,39,45240,卖盘
154,14:46:03,11.61,0.01,153,177633,买盘
155,14:46:00,11.6,--,10,11600,卖盘
156,14:45:57,11.6,-0.01,72,83520,卖盘
157,14:45:54,11.61,0.01,33,38313,买盘
158,14:45:51,11.6,--,8,10080,卖盘
159,14:45:48,11.6,--,10,11600,卖盘
160,14:45:45,11.6,-0.01,40,46400,卖盘
161,14:45:42,11.61,0.01,53,61533,买盘
162,14:45:36,11.6,--,10,11600,卖盘
163,14:45:33,11.6,--,10,11600,卖盘
164,14:45:27,11.6,--,7,8120,卖盘
165,14:45:18,11.6,--,9,10440,卖盘
166,14:45:09,11.6,--,186,215760,卖盘
167,14:44:57,11.6,--,92,107532,卖盘
168,14:44:54,11.6,--,133,154280,买盘
169,14:44:51,11.6,--,50,58000,买盘
170,14:44:48,11.6,--,70,81200,买盘
171,14:44:45,11.6,--,17,19720,买盘
172,14:44:42,11.6,0.01,49,56840,买盘
173,14:44:36,11.59,--,14,16226,卖盘
174,14:44:33,11.59,--,32,37088,卖盘
175,14:44:30,11.59,--,45,52155,卖盘
176,14:44:27,11.59,-0.01,25,28975,卖盘
177,14:44:18,11.6,--,48,55680,买盘
178,14:44:15,11.6,0.01,68,78880,买盘
179,14:44:12,11.59,--,10,11590,卖盘
180,14:44:06,11.59,--,231,267729,卖盘
181,14:44:00,11.59,-0.01,18,20862,卖盘
182,14:43:57,11.6,0.01,99,115640,买盘
183,14:43:54,11.59,--,5,5795,卖盘
184,14:43:51,11.59,--,49,56791,卖盘
185,14:43:48,11.59,--,5,5795,卖盘
186,14:43:45,11.59,-0.01,58,67222,卖盘
187,14:43:42,11.6,0.01,100,116000,买盘
188,14:43:39,11.59,--,10,11590,卖盘
189,14:43:36,11.59,--,6,6954,卖盘
190,14:43:33,11.59,--,9,10431,卖盘
191,14:43:27,11.59,-0.01,27,31293,卖盘
192,14:43:24,11.6,--,35,40600,买盘
193,14:43:21,11.6,--,2,2320,买盘
194,14:43:18,11.6,-0.01,98,113680,卖盘
195,14:43:12,11.61,0.01,21,24381,买盘
196,14:43:09,11.6,-0.01,600,696000,卖盘
197,14:43:06,11.61,--,67,77787,卖盘
198,14:43:03,11.61,--,254,294894,买盘
199,14:43:00,11.61,--,58,67338,买盘
200,14:42:57,11.61,0.01,177,205497,买盘
201,14:42:54,11.6,--,50,58000,卖盘
202,14:42:51,11.6,-0.01,8,10080,卖盘
203,14:42:48,11.61,0.01,68,78948,买盘
204,14:42:45,11.6,-0.01,10,11600,卖盘
205,14:42:42,11.61,--,84,97524,买盘
206,14:42:39,11.61,0.01,5,5805,买盘
207,14:42:36,11.6,--,9,10440,卖盘
208,14:42:30,11.6,--,11,12760,卖盘
209,14:42:27,11.6,--,22,25520,卖盘
210,14:42:24,11.6,--,10,11600,卖盘
211,14:42:21,11.6,--,6,6960,卖盘
212,14:42:18,11.6,--,94,109040,买盘
213,14:42:15,11.6,0.01,11,12760,买盘
214,14:42:12,11.59,-0.01,10,11590,卖盘
215,14:42:06,11.6,0.01,197,228520,买盘
216,14:42:03,11.59,-0.01,1,1159,卖盘
217,14:42:00,11.6,--,5,5800,买盘
218,14:41:57,11.6,0.01,171,198360,买盘
219,14:41:54,11.59,-0.01,18,21661,卖盘
220,14:41:51,11.6,--,10,11600,买盘
221,14:41:48,11.6,--,91,105560,买盘
222,14:41:45,11.6,--,29,33640,买盘
223,14:41:42,11.6,0.01,76,88160,买盘
224,14:41:36,11.59,-0.01,96,111264,卖盘
225,14:41:33,11.6,--,9,10440,买盘
226,14:41:30,11.6,0.01,15,17400,买盘
227,14:41:27,11.59,--,8,9272,卖盘
228,14:41:24,11.59,--,9,10431,卖盘
229,14:41:18,11.59,--,39,45201,卖盘
230,14:41:12,11.59,-0.01,50,57950,卖盘
231,14:41:09,11.6,0.01,13,15080,买盘
232,14:41:06,11.59,-0.01,31,35929,卖盘
233,14:41:03,11.6,0.01,99,114840,买盘
234,14:41:00,11.59,--,5,5795,卖盘
235,14:40:57,11.59,-0.01,38,44042,卖盘
236,14:40:54,11.6,0.01,19,22040,买盘
237,14:40:51,11.59,--,28,33263,卖盘
238,14:40:48,11.59,-0.01,58,67222,卖盘
239,14:40:45,11.6,0.01,105,121800,买盘
240,14:40:36,11.59,-0.01,28,32452,卖盘
241,14:40:33,11.6,--,52,60320,买盘
242,14:40:30,11.6,--,26,30160,买盘
243,14:40:27,11.6,0.01,21,24360,买盘
244,14:40:24,11.59,-0.01,9,10431,卖盘
245,14:40:21,11.6,0.01,31,35960,买盘
246,14:40:15,11.59,-0.01,17,19703,卖盘
247,14:40:12,11.6,--,48,55680,卖盘
248,14:40:06,11.6,--,56,64960,中性盘
249,14:39:57,11.6,--,255,295800,买盘
250,14:39:54,11.6,0.01,24,27840,买盘
251,14:39:51,11.59,-0.01,8,10083,卖盘
252,14:39:48,11.6,--,124,143840,买盘
253,14:39:45,11.6,--,200,232000,买盘
254,14:39:42,11.6,--,12,13920,买盘
255,14:39:39,11.6,0.01,2,2320,买盘
256,14:39:36,11.59,--,156,180804,卖盘
257,14:39:33,11.59,-0.01,102,118218,卖盘
258,14:39:30,11.6,0.01,5,5800,买盘
259,14:39:27,11.59,--,17,19703,卖盘
260,14:39:24,11.59,--,12,13908,卖盘
261,14:39:21,11.59,--,50,57950,卖盘
262,14:39:18,11.59,-0.01,10,11590,卖盘
263,14:39:15,11.6,0.01,24,27840,卖盘
264,14:39:09,11.59,--,537,622383,卖盘
265,14:39:06,11.59,--,32,37088,卖盘
266,14:39:03,11.59,--,2,2318,卖盘
267,14:38:57,11.59,-0.01,52,60268,卖盘
268,14:38:54,11.6,0.01,47,54520,买盘
269,14:38:51,11.59,-0.01,8,10071,卖盘
270,14:38:48,11.6,0.01,29,33640,买盘
271,14:38:45,11.59,--,223,258457,卖盘
272,14:38:42,11.59,--,9,10431,卖盘
273,14:38:39,11.59,--,1,1159,卖盘
274,14:38:36,11.59,--,872,1011111,买盘
275,14:38:33,11.59,--,5,5795,买盘
276,14:38:27,11.59,0.01,249,288591,买盘
277,14:38:24,11.58,-0.01,97,112326,卖盘
278,14:38:21,11.59,-0.02,1128,1308047,卖盘
279,14:38:18,11.61,0.01,65,75465,买盘
280,14:38:15,11.6,--,34,39440,卖盘
281,14:38:09,11.6,--,57,66120,卖盘
282,14:38:06,11.6,--,82,95120,卖盘
283,14:38:03,11.6,-0.01,35,40600,卖盘
284,14:38:00,11.61,0.01,113,131193,买盘
285,14:37:57,11.6,-0.02,5,5800,卖盘
286,14:37:54,11.62,0.03,2,2324,买盘
287,14:37:51,11.59,--,79,92372,卖盘
288,14:37:48,11.59,-0.01,27,31327,卖盘
289,14:37:45,11.6,--,33,38280,卖盘
290,14:37:36,11.6,-0.01,112,129920,卖盘
291,14:37:33,11.61,0.01,47,54567,买盘
292,14:37:27,11.6,--,506,586960,卖盘
293,14:37:21,11.6,--,1,1160,卖盘
294,14:37:18,11.6,--,10,11600,卖盘
295,14:37:15,11.6,--,14,16240,卖盘
296,14:37:12,11.6,-0.01,10,11600,卖盘
297,14:37:09,11.61,0.01,5,5805,买盘
298,14:37:06,11.6,-0.01,18,20880,卖盘
299,14:37:03,11.61,--,5,5805,卖盘
300,14:37:00,11.61,--,40,46440,卖盘
301,14:36:57,11.61,0.01,147,170667,买盘
302,14:36:54,11.6,-0.01,8,10068,卖盘
303,14:36:51,11.61,0.01,225,261225,买盘
304,14:36:45,11.6,--,10,11600,卖盘
305,14:36:39,11.6,--,1,1160,卖盘
306,14:36:36,11.6,--,50,58000,卖盘
307,14:36:27,11.6,-0.01,64,74240,卖盘
308,14:36:24,11.61,0.01,84,97524,买盘
309,14:36:21,11.6,--,10,11600,卖盘
310,14:36:18,11.6,0.01,257,298456,买盘
311,14:36:15,11.59,-0.01,54,62586,卖盘
312,14:36:12,11.6,--,3,3480,买盘
313,14:36:09,11.6,--,69,80863,卖盘
314,14:36:06,11.6,--,184,213440,卖盘
315,14:36:03,11.6,-0.01,9,10440,卖盘
316,14:35:57,11.61,0.01,105,121905,买盘
317,14:35:54,11.6,--,699,811176,买盘
318,14:35:51,11.6,0.01,113,131080,买盘
319,14:35:48,11.59,--,8,10083,卖盘
320,14:35:45,11.59,-0.01,36,41724,卖盘
321,14:35:42,11.6,--,6,6960,买盘
322,14:35:39,11.6,0.01,128,148480,买盘
323,14:35:36,11.59,--,53,61427,卖盘
324,14:35:27,11.59,-0.01,36,41724,卖盘
325,14:35:24,11.6,-0.01,217,252543,卖盘
326,14:35:18,11.61,0.01,190,220590,买盘
327,14:35:15,11.6,-0.01,12,13920,卖盘
328,14:35:09,11.61,0.01,3,3483,买盘
329,14:35:06,11.6,--,56,64960,卖盘
330,14:35:00,11.6,--,23,26680,卖盘
331,14:34:57,11.6,--,255,295800,卖盘
332,14:34:48,11.6,--,9,11240,卖盘
333,14:34:45,11.6,--,892,1034720,卖盘
334,14:34:36,11.6,-0.02,8,9280,卖盘
335,14:34:30,11.62,--,2,2324,买盘
336,14:34:24,11.62,0.01,16,19324,卖盘
337,14:34:18,11.61,-0.01,1509,1751949,卖盘
338,14:34:15,11.62,--,104,120847,卖盘
339,14:34:12,11.62,--,1,1162,卖盘
340,14:34:06,11.62,-0.01,17,19754,卖盘
341,14:34:03,11.63,0.01,2,2326,买盘
342,14:34:00,11.62,--,12,13943,卖盘
343,14:33:57,11.62,-0.01,18,20916,卖盘
344,14:33:54,11.63,0.01,30,34890,买盘
345,14:33:48,11.62,-0.01,8,10074,卖盘
346,14:33:45,11.63,0.01,17,19771,买盘
347,14:33:42,11.62,--,13,15105,卖盘
348,14:33:36,11.62,-0.01,3,3485,卖盘
349,14:33:33,11.63,0.01,11,12793,买盘
350,14:33:27,11.62,-0.01,9,10458,卖盘
351,14:33:24,11.63,0.01,3,3489,中性盘
352,14:33:15,11.62,--,32,37184,卖盘
353,14:33:12,11.62,--,15,17430,卖盘
354,14:33:06,11.62,--,9,10458,卖盘
355,14:32:51,11.62,--,8,10074,卖盘
356,14:32:45,11.62,--,10,11620,卖盘
357,14:32:42,11.62,--,3,3485,卖盘
358,14:32:33,11.62,--,1200,1394400,卖盘
359,14:32:27,11.62,-0.01,9,10458,卖盘
360,14:32:24,11.63,--,13,15119,卖盘
361,14:32:21,11.63,--,8,9304,卖盘
362,14:32:15,11.63,-0.01,20,23260,卖盘
363,14:32:12,11.64,-0.01,9,10476,卖盘
364,14:32:09,11.65,0.03,3,3495,买盘
365,14:31:54,11.62,-0.03,8,10086,卖盘
366,14:31:51,11.65,0.02,90,104850,买盘
367,14:31:48,11.63,--,5,5815,买盘
368,14:31:45,11.63,-0.01,394,458617,卖盘
369,14:31:39,11.64,-0.01,10,11640,卖盘
370,14:31:36,11.65,--,2,2330,买盘
371,14:31:30,11.65,--,22,25630,买盘
372,14:31:24,11.65,0.01,290,337850,买盘
373,14:31:21,11.64,-0.02,19,22116,卖盘
374,14:31:15,11.66,0.02,201,234366,买盘
375,14:31:12,11.64,--,100,116400,卖盘
376,14:31:09,11.64,--,9,10476,卖盘
377,14:31:06,11.64,--,16,18624,卖盘
378,14:30:57,11.64,--,8,10080,买盘
379,14:30:51,11.64,--,91,105924,买盘
380,14:30:48,11.64,--,17,19788,卖盘
381,14:30:45,11.64,--,12,13968,卖盘
382,14:30:42,11.64,-0.01,28,32592,卖盘
383,14:30:39,11.65,0.01,35,40775,买盘
384,14:30:33,11.64,--,58,67512,卖盘
385,14:30:24,11.64,--,10,11640,买盘
386,14:30:21,11.64,--,18,20952,买盘
387,14:30:12,11.64,--,76,88464,买盘
388,14:30:06,11.64,--,20,23280,买盘
389,14:30:03,11.64,--,85,99347,卖盘
390,14:30:00,11.64,--,49,57036,卖盘
391,14:29:57,11.64,--,9,10476,卖盘
392,14:29:54,11.64,--,8,10068,卖盘
393,14:29:51,11.64,--,23,26772,卖盘
394,14:29:48,11.64,-0.01,6,6984,卖盘
395,14:29:45,11.65,--,1,1165,买盘
396,14:29:15,11.65,0.02,91,106015,买盘
397,14:29:12,11.63,--,19,22097,卖盘
398,14:29:03,11.63,-0.01,110,127930,卖盘
399,14:29:00,11.64,0.01,266,309624,买盘
400,14:28:57,11.63,--,74,86062,卖盘
401,14:28:54,11.63,0.01,129,150027,买盘
402,14:28:48,11.62,--,14,17058,卖盘
403,14:28:42,11.62,--,20,23240,卖盘
404,14:28:36,11.62,--,5,5810,卖盘
405,14:28:21,11.62,--,272,316842,买盘
406,14:28:15,11.62,0.01,80,92960,买盘
407,14:28:12,11.61,-0.01,111,128871,卖盘
408,14:28:06,11.62,--,40,46480,买盘
409,14:28:03,11.62,--,10,11620,买盘
410,14:27:54,11.62,--,240,279263,卖盘
411,14:27:51,11.62,-0.01,8,10074,卖盘
412,14:27:48,11.63,0.01,10,11630,买盘
413,14:27:45,11.62,--,245,284690,卖盘
414,14:27:42,11.62,-0.01,23,26726,卖盘
415,14:27:39,11.63,0.01,248,288424,买盘
416,14:27:36,11.62,--,300,348600,卖盘
417,14:27:30,11.62,-0.01,2,2324,卖盘
418,14:27:12,11.63,0.01,9,10467,买盘
419,14:27:09,11.62,-0.01,100,116199,卖盘
420,14:27:06,11.63,0.01,74,86062,买盘
421,14:27:03,11.62,-0.01,2,2324,卖盘
422,14:26:54,11.63,--,10,11630,买盘
423,14:26:51,11.63,0.01,12,13956,买盘
424,14:26:45,11.62,-0.01,101,117361,卖盘
425,14:26:42,11.63,--,93,108159,买盘
426,14:26:39,11.63,--,22,25586,买盘
427,14:26:33,11.63,0.01,10,11630,买盘
428,14:26:30,11.62,--,30,34860,买盘
429,14:26:27,11.62,-0.01,70,81340,卖盘
430,14:26:18,11.63,0.01,42,48846,买盘
431,14:26:12,11.62,-0.01,33,38346,买盘
432,14:26:09,11.63,0.01,519,603597,买盘
433,14:26:06,11.62,--,51,59261,买盘
434,14:26:03,11.62,--,45,52290,买盘
435,14:26:00,11.62,--,30,34860,买盘
436,14:25:57,11.62,-0.01,73,84826,卖盘
437,14:25:45,11.63,0.01,70,81410,买盘
438,14:25:42,11.62,-0.01,105,122009,卖盘
439,14:25:39,11.63,0.01,3,3489,买盘
440,14:25:36,11.62,--,100,116199,卖盘
441,14:25:33,11.62,--,2,2324,卖盘
442,14:25:30,11.62,--,64,74368,卖盘
443,14:25:15,11.62,0.01,1,1162,中性盘
444,14:24:54,11.61,--,3,3483,卖盘
445,14:24:36,11.61,0.01,485,563085,买盘
446,14:24:30,11.6,--,343,397880,卖盘
447,14:24:27,11.6,-0.01,9,10440,卖盘
448,14:24:24,11.61,--,10,11610,买盘
449,14:24:21,11.61,--,101,117261,买盘
450,14:24:18,11.61,0.01,3,3483,买盘
451,14:24:15,11.6,-0.01,0,696,卖盘
452,14:24:09,11.61,0.01,1,1161,买盘
453,14:24:00,11.6,-0.01,27,31320,卖盘
454,14:23:54,11.61,0.01,84,97524,买盘
455,14:23:51,11.6,--,1,1160,卖盘
456,14:23:48,11.6,-0.01,3,3480,卖盘
457,14:23:39,11.61,0.01,6,6966,买盘
458,14:23:36,11.6,--,300,348000,卖盘
459,14:23:27,11.6,--,6,6960,卖盘
460,14:23:21,11.6,--,20,23200,卖盘
461,14:23:18,11.6,-0.01,131,151960,卖盘
462,14:23:15,11.61,0.01,1,1161,买盘
463,14:23:12,11.6,--,250,290000,卖盘
464,14:23:06,11.6,--,2,2320,卖盘
465,14:23:00,11.6,-0.01,20,23200,卖盘
466,14:22:39,11.61,--,13,15093,买盘
467,14:22:36,11.61,--,8,9288,买盘
468,14:22:33,11.61,--,1,1161,买盘
469,14:22:30,11.61,0.01,2,2322,买盘
470,14:22:27,11.6,-0.01,30,34800,卖盘
471,14:22:24,11.61,--,383,444663,卖盘
472,14:22:21,11.61,-0.01,600,696600,卖盘
473,14:22:15,11.62,--,20,23240,买盘
474,14:22:12,11.62,0.01,55,63909,中性盘
475,14:22:03,11.61,-0.03,10,11610,卖盘
476,14:21:54,11.64,--,1,1164,买盘
477,14:21:51,11.64,0.01,129,150156,买盘
478,14:21:48,11.63,0.01,160,186080,买盘
479,14:21:45,11.62,0.01,279,324198,买盘
480,14:21:42,11.61,-0.01,500,580500,卖盘
481,14:21:36,11.62,0.01,4,4648,买盘
482,14:21:33,11.61,--,3,3483,卖盘
483,14:21:30,11.61,--,302,350622,卖盘
484,14:21:21,11.61,--,115,133515,卖盘
485,14:21:15,11.61,--,200,232200,卖盘
486,14:21:09,11.61,-0.01,5,5805,卖盘
487,14:21:06,11.62,--,3,3485,买盘
488,14:21:03,11.62,--,9,10458,买盘
489,14:20:57,11.62,--,10,11620,买盘
490,14:20:54,11.62,--,18,20916,买盘
491,14:20:51,11.62,--,100,116199,买盘
492,14:20:39,11.62,0.01,20,23240,买盘
493,14:20:27,11.61,--,3,3483,卖盘
494,14:20:24,11.61,--,2,2322,卖盘
495,14:20:12,11.61,-0.01,92,106812,卖盘
496,14:20:09,11.62,--,5,5810,买盘
497,14:20:06,11.62,--,6,6971,买盘
498,14:20:03,11.62,-0.01,71,82502,卖盘
499,14:19:54,11.63,0.01,4,4652,买盘
500,14:19:51,11.62,-0.01,45,52290,卖盘
501,14:19:48,11.63,0.01,50,58150,买盘
502,14:19:36,11.62,-0.01,174,202188,卖盘
503,14:19:30,11.63,--,5,5815,买盘
504,14:19:27,11.63,0.01,4,4652,中性盘
505,14:19:21,11.62,-0.01,205,238209,卖盘
506,14:19:18,11.63,-0.01,200,232600,卖盘
507,14:19:15,11.64,--,65,75660,买盘
508,14:19:00,11.64,-0.01,220,256080,卖盘
509,14:18:57,11.65,--,5,5825,买盘
510,14:18:45,11.65,0.01,2,2330,买盘
511,14:18:30,11.64,--,11,12804,卖盘
512,14:18:27,11.64,--,73,84972,买盘
513,14:18:21,11.64,--,55,64020,卖盘
514,14:18:18,11.64,--,6,6984,卖盘
515,14:18:12,11.64,--,3,3492,卖盘
516,14:18:00,11.64,--,10,11640,卖盘
517,14:17:54,11.64,--,20,23280,卖盘
518,14:17:48,11.64,--,37,43068,卖盘
519,14:17:45,11.64,--,6,6984,买盘
520,14:17:42,11.64,-0.01,4,4656,中性盘
521,14:17:33,11.65,--,9,10485,买盘
522,14:17:30,11.65,--,84,97860,买盘
523,14:17:24,11.65,--,2,2330,买盘
524,14:17:12,11.65,0.02,41,47765,买盘
525,14:17:03,11.63,-0.02,3,3489,卖盘
526,14:17:00,11.65,0.02,190,221350,买盘
527,14:16:54,11.63,--,18,20934,卖盘
528,14:16:48,11.63,--,12,13956,卖盘
529,14:16:45,11.63,-0.01,12,13956,卖盘
530,14:16:42,11.64,--,93,108252,买盘
531,14:16:30,11.64,0.01,62,72168,买盘
532,14:16:27,11.63,--,77,89551,买盘
533,14:16:21,11.63,--,8,9304,买盘
534,14:16:15,11.63,--,1,1163,买盘
535,14:16:06,11.63,0.01,106,123278,买盘
536,14:15:54,11.62,--,37,42994,卖盘
537,14:15:48,11.62,--,76,88312,买盘
538,14:15:42,11.62,--,2,2324,买盘
539,14:15:39,11.62,--,90,104580,买盘
540,14:15:33,11.62,0.01,52,60423,买盘
541,14:15:24,11.61,-0.01,384,445824,卖盘
542,14:15:18,11.62,--,6,6971,买盘
543,14:15:12,11.62,0.01,30,34860,买盘
544,14:15:06,11.61,-0.01,4,4644,卖盘
545,14:15:00,11.62,--,51,59261,买盘
546,14:14:57,11.62,--,1,1162,买盘
547,14:14:54,11.62,--,2,2324,买盘
548,14:14:51,11.62,0.01,4,4648,买盘
549,14:14:48,11.61,-0.01,3,3483,卖盘
550,14:14:45,11.62,--,58,67396,买盘
551,14:14:42,11.62,--,11,12782,买盘
552,14:14:39,11.62,--,5,5810,买盘
553,14:14:36,11.62,0.01,4,4648,买盘
554,14:14:30,11.61,--,81,94041,卖盘
555,14:14:27,11.61,--,20,23220,卖盘
556,14:14:15,11.61,--,5,5805,卖盘
557,14:13:51,11.61,-0.01,47,54567,卖盘
558,14:13:48,11.62,0.01,310,360220,买盘
559,14:13:45,11.61,--,20,23220,卖盘
560,14:13:42,11.61,-0.01,10,11610,卖盘
561,14:13:39,11.62,0.01,15,17430,买盘
562,14:13:36,11.61,--,23,26703,卖盘
563,14:13:30,11.61,--,13,15093,卖盘
564,14:13:27,11.61,--,30,34830,卖盘
565,14:13:21,11.61,--,110,127710,卖盘
566,14:13:18,11.61,-0.01,122,141642,卖盘
567,14:13:12,11.62,0.01,5,5810,买盘
568,14:13:09,11.61,--,42,48762,卖盘
569,14:13:03,11.61,--,100,116100,卖盘
570,14:13:00,11.61,--,62,71982,卖盘
571,14:12:57,11.61,-0.01,1,1161,卖盘
572,14:12:54,11.62,0.01,60,69720,买盘
573,14:12:42,11.61,--,4,4644,卖盘
574,14:12:39,11.61,-0.01,5,5805,卖盘
575,14:12:36,11.62,0.01,10,11620,买盘
576,14:12:33,11.61,-0.01,23,26703,卖盘
577,14:12:21,11.62,0.01,45,52290,买盘
578,14:12:15,11.61,-0.01,3,3483,卖盘
579,14:12:09,11.62,--,100,116199,买盘
580,14:12:03,11.62,--,2,2324,买盘
581,14:12:00,11.62,-0.01,49,56937,卖盘
582,14:11:54,11.63,0.01,80,93040,买盘
583,14:11:48,11.62,-0.01,4,4648,卖盘
584,14:11:45,11.63,0.01,81,94203,买盘
585,14:11:42,11.62,--,57,66234,卖盘
586,14:11:39,11.62,--,50,58099,卖盘
587,14:11:36,11.62,--,54,62747,卖盘
588,14:11:30,11.62,--,136,158032,卖盘
589,14:11:27,11.62,--,95,110389,卖盘
590,14:11:24,11.62,--,8,9296,卖盘
591,14:11:21,11.62,-0.01,2,2324,卖盘
592,14:11:06,11.63,--,5,5815,买盘
593,14:11:03,11.63,--,177,206653,卖盘
594,14:11:00,11.63,-0.01,79,91877,卖盘
595,14:10:39,11.64,--,30,34920,卖盘
596,14:10:36,11.64,--,17,20148,买盘
597,14:10:27,11.64,--,38,45314,卖盘
598,14:10:21,11.64,-0.01,3,3492,卖盘
599,14:10:09,11.65,--,45,52425,买盘
600,14:10:03,11.65,0.01,5,5825,买盘
601,14:10:00,11.64,-0.01,213,247932,卖盘
602,14:09:57,11.65,--,10,11650,卖盘
603,14:09:54,11.65,--,182,212030,卖盘
604,14:09:48,11.65,--,81,94365,卖盘
605,14:09:45,11.65,--,206,239990,卖盘
606,14:09:42,11.65,-0.01,50,58250,卖盘
607,14:09:39,11.66,0.01,50,58300,买盘
608,14:09:24,11.65,--,3,3495,卖盘
609,14:09:18,11.65,-0.01,1,1165,卖盘
610,14:09:15,11.66,0.01,6,6996,买盘
611,14:09:12,11.65,--,3,3495,卖盘
612,14:09:06,11.65,--,1,1165,卖盘
613,14:09:03,11.65,--,20,23300,卖盘
614,14:09:00,11.65,-0.01,81,94365,卖盘
615,14:08:57,11.66,--,10,11660,买盘
616,14:08:54,11.66,--,2,2332,买盘
617,14:08:45,11.66,--,10,11660,买盘
618,14:08:27,11.66,--,10,11660,买盘
619,14:08:15,11.66,--,212,247192,买盘
620,14:08:06,11.66,0.01,4,4664,买盘
621,14:08:03,11.65,--,3,3495,卖盘
622,14:08:00,11.65,-0.01,29,33785,卖盘
623,14:07:57,11.66,--,656,764896,卖盘
624,14:07:48,11.66,--,5,5830,卖盘
625,14:07:45,11.66,--,5,5830,卖盘
626,14:07:39,11.66,--,42,48972,卖盘
627,14:07:33,11.66,--,4,4664,卖盘
628,14:07:15,11.66,--,7,8162,卖盘
629,14:07:09,11.66,--,4,4664,卖盘
630,14:06:57,11.66,--,20,23320,卖盘
631,14:06:51,11.66,--,32,37312,卖盘
632,14:06:48,11.66,--,40,46640,卖盘
633,14:06:45,11.66,-0.01,33,38478,卖盘
634,14:06:39,11.67,--,4,4668,买盘
635,14:06:33,11.67,--,13,15171,买盘
636,14:06:30,11.67,--,8,9336,买盘
637,14:06:15,11.67,--,23,26841,买盘
638,14:06:09,11.67,0.01,5,5835,买盘
639,14:06:00,11.66,-0.01,18,20988,卖盘
640,14:05:54,11.67,0.01,6,7002,买盘
641,14:05:45,11.66,--,3,3498,卖盘
642,14:05:36,11.66,-0.01,16,18656,卖盘
643,14:05:30,11.67,--,10,11670,买盘
644,14:05:27,11.67,--,57,66519,买盘
645,14:05:21,11.67,--,10,11670,买盘
646,14:05:18,11.67,--,21,24507,买盘
647,14:05:15,11.67,--,3,3501,买盘
648,14:05:12,11.67,--,100,116700,买盘
649,14:05:06,11.67,--,47,54849,买盘
650,14:04:54,11.67,--,5,5835,买盘
651,14:04:51,11.67,--,3,3501,买盘
652,14:04:39,11.67,0.01,20,23340,买盘
653,14:04:36,11.66,-0.01,3,3498,卖盘
654,14:04:33,11.67,0.01,7,8169,买盘
655,14:04:30,11.66,-0.01,54,62964,卖盘
656,14:04:27,11.67,--,10,11670,买盘
657,14:04:21,11.67,0.01,5,5835,买盘
658,14:04:03,11.66,--,23,26818,卖盘
659,14:03:54,11.66,--,26,30316,卖盘
660,14:03:30,11.66,--,3,3498,卖盘
661,14:03:27,11.66,-0.01,100,116600,卖盘
662,14:03:24,11.67,--,30,35010,买盘
663,14:03:15,11.67,--,136,158712,买盘
664,14:03:12,11.67,0.01,57,66519,买盘
665,14:03:09,11.66,--,316,368456,卖盘
666,14:03:00,11.66,--,100,116600,卖盘
667,14:02:48,11.66,-0.01,654,762564,卖盘
668,14:02:45,11.67,-0.01,7,8169,卖盘
669,14:02:36,11.68,--,20,23360,买盘
670,14:02:33,11.68,0.01,38,44384,买盘
671,14:02:30,11.67,--,30,35010,卖盘
672,14:02:27,11.67,--,3,3501,卖盘
673,14:02:21,11.67,--,10,11670,卖盘
674,14:02:18,11.67,--,5,5835,卖盘
675,14:02:15,11.67,--,4,4668,卖盘
676,14:02:12,11.67,--,40,46680,卖盘
677,14:02:09,11.67,--,257,299919,买盘
678,14:02:06,11.67,--,43,50181,买盘
679,14:02:00,11.67,0.01,10,11670,买盘
680,14:01:57,11.66,-0.01,7,8162,卖盘
681,14:01:54,11.67,--,5,5835,买盘
682,14:01:48,11.67,--,50,58350,买盘
683,14:01:39,11.67,--,10,11670,买盘
684,14:01:36,11.67,0.01,10,11670,买盘
685,14:01:24,11.66,--,80,93280,卖盘
686,14:01:21,11.66,--,80,93280,卖盘
687,14:01:12,11.66,-0.01,3,3498,卖盘
688,14:01:09,11.67,--,10,11670,买盘
689,14:01:06,11.67,--,20,23340,卖盘
690,14:01:00,11.67,--,41,47847,卖盘
691,14:00:57,11.67,--,120,140040,卖盘
692,14:00:54,11.67,-0.01,10,11670,卖盘
693,14:00:51,11.68,0.01,2,2336,买盘
694,14:00:48,11.67,--,51,59517,卖盘
695,14:00:42,11.67,--,1,1167,卖盘
696,14:00:36,11.67,--,18,21006,卖盘
697,14:00:33,11.67,--,50,58350,卖盘
698,14:00:27,11.67,--,25,29175,卖盘
699,14:00:21,11.67,--,5,5835,卖盘
700,14:00:12,11.67,-0.01,33,38511,卖盘
701,14:00:09,11.68,0.01,9,10512,买盘
702,14:00:06,11.67,-0.01,1,1167,卖盘
703,14:00:03,11.68,0.01,10,11680,买盘
704,14:00:00,11.67,-0.01,45,52515,卖盘
705,13:59:48,11.68,--,300,350400,买盘
706,13:59:42,11.68,0.01,59,68912,买盘
707,13:59:36,11.67,--,414,483138,卖盘
708,13:59:30,11.67,-0.01,200,233400,卖盘
709,13:59:27,11.68,--,2,2336,买盘
710,13:59:24,11.68,--,30,35040,买盘
711,13:59:15,11.68,--,10,11680,买盘
712,13:59:12,11.68,--,15,17520,买盘
713,13:59:09,11.68,--,30,35040,买盘
714,13:59:06,11.68,--,26,30368,买盘
715,13:59:03,11.68,0.01,26,30368,买盘
716,13:59:00,11.67,-0.01,50,58350,卖盘
717,13:58:57,11.68,--,8,9344,买盘
718,13:58:51,11.68,--,327,382823,卖盘
719,13:58:45,11.68,-0.01,25,29200,卖盘
720,13:58:42,11.69,--,14,16366,买盘
721,13:58:39,11.69,0.01,36,42084,买盘
722,13:58:27,11.68,-0.01,8,9344,卖盘
723,13:58:15,11.69,0.01,2,2338,买盘
724,13:58:12,11.68,--,3,3504,卖盘
725,13:58:09,11.68,-0.01,100,116800,卖盘
726,13:58:03,11.69,0.01,15,17535,买盘
727,13:58:00,11.68,--,81,94608,卖盘
728,13:57:51,11.68,--,5,5840,卖盘
729,13:57:48,11.68,--,40,46720,卖盘
730,13:57:45,11.68,-0.01,1,1168,卖盘
731,13:57:39,11.69,0.01,2,2338,买盘
732,13:57:30,11.68,--,8,9344,卖盘
733,13:57:27,11.68,--,1,1168,卖盘
734,13:57:00,11.68,--,20,23827,卖盘
735,13:56:48,11.68,--,99,116613,买盘
736,13:56:45,11.68,0.01,2,2336,买盘
737,13:56:42,11.67,-0.01,3,3501,卖盘
738,13:56:39,11.68,--,22,25696,买盘
739,13:56:36,11.68,--,25,29200,买盘
740,13:56:30,11.68,--,201,235749,卖盘
741,13:56:15,11.68,-0.02,130,151840,卖盘
742,13:56:03,11.7,0.02,22,25740,买盘
743,13:56:00,11.68,-0.01,80,93440,卖盘
744,13:55:54,11.69,--,1,1356,中性盘
745,13:55:42,11.69,0.01,1,1169,买盘
746,13:55:39,11.68,-0.01,3,3504,卖盘
747,13:55:36,11.69,-0.01,8,9352,中性盘
748,13:55:24,11.7,0.01,22,25740,买盘
749,13:55:21,11.69,--,6,7014,买盘
750,13:55:15,11.69,--,10,11690,买盘
751,13:55:12,11.69,-0.01,5,5845,卖盘
752,13:55:09,11.7,0.01,12,14040,买盘
753,13:55:03,11.69,0.02,8,9352,买盘
754,13:55:00,11.67,-0.01,79,92193,卖盘
755,13:54:54,11.68,-0.01,1740,2032320,卖盘
756,13:54:42,11.69,--,22,25718,卖盘
757,13:54:36,11.69,--,25,29225,卖盘
758,13:54:30,11.69,-0.01,125,146125,卖盘
759,13:54:21,11.7,0.01,1,1170,买盘
760,13:54:18,11.69,--,12,14028,卖盘
761,13:54:00,11.69,--,80,93520,卖盘
762,13:53:54,11.69,--,45,52605,卖盘
763,13:53:39,11.69,--,42,49098,卖盘
764,13:53:36,11.69,--,60,70140,卖盘
765,13:53:33,11.69,--,7,8183,卖盘
766,13:53:24,11.69,--,15,17535,卖盘
767,13:53:21,11.69,-0.01,7,8183,卖盘
768,13:53:18,11.7,--,10,11700,买盘
769,13:53:15,11.7,0.01,21,24570,买盘
770,13:53:09,11.69,--,10,11690,卖盘
771,13:53:00,11.69,--,45,52605,卖盘
772,13:52:54,11.69,--,20,23380,卖盘
773,13:52:51,11.69,-0.01,3,3507,卖盘
774,13:52:39,11.7,--,11,12870,买盘
775,13:52:36,11.7,--,3,3510,买盘
776,13:52:33,11.7,--,18,21060,买盘
777,13:52:30,11.7,--,31,36270,买盘
778,13:52:18,11.7,--,46,53820,卖盘
779,13:52:12,11.7,--,3,3510,卖盘
780,13:52:09,11.7,--,26,30419,卖盘
781,13:52:06,11.7,--,22,25740,卖盘
782,13:51:57,11.7,--,32,37440,卖盘
783,13:51:45,11.7,-0.01,10,11700,卖盘
784,13:51:42,11.71,0.01,30,35130,买盘
785,13:51:30,11.7,--,20,23400,卖盘
786,13:51:27,11.7,-0.01,16,18720,卖盘
787,13:51:18,11.71,0.01,1,1171,买盘
788,13:51:09,11.7,-0.01,23,26910,卖盘
789,13:51:06,11.71,0.01,25,29275,买盘
790,13:50:57,11.7,--,18,21060,卖盘
791,13:50:48,11.7,--,12,14040,卖盘
792,13:50:42,11.7,-0.01,1,1170,卖盘
793,13:50:30,11.71,-0.01,659,772063,卖盘
794,13:50:24,11.72,--,51,59772,买盘
795,13:50:09,11.72,0.01,2,2344,买盘
796,13:50:03,11.71,-0.01,3,3513,卖盘
797,13:49:57,11.72,--,15,17580,卖盘
798,13:49:51,11.72,-0.02,2,2344,卖盘
799,13:49:45,11.74,0.01,21,24654,买盘
800,13:49:42,11.73,--,10,11730,卖盘
801,13:49:36,11.73,-0.01,4,4692,卖盘
802,13:49:24,11.74,0.01,20,23480,买盘
803,13:49:21,11.73,-0.01,36,42228,卖盘
804,13:49:12,11.74,0.01,21,24654,买盘
805,13:49:06,11.73,-0.01,5,5865,卖盘
806,13:49:03,11.74,0.01,13,15262,买盘
807,13:48:57,11.73,--,15,17595,卖盘
808,13:48:51,11.73,--,23,26979,卖盘
809,13:48:48,11.73,0.02,96,112608,买盘
810,13:48:42,11.71,-0.02,6,7026,卖盘
811,13:48:39,11.73,--,20,23460,买盘
812,13:48:33,11.73,0.01,500,586500,买盘
813,13:48:30,11.72,0.01,10,11720,买盘
814,13:48:18,11.71,--,10,11710,卖盘
815,13:48:12,11.71,--,11,13677,卖盘
816,13:48:09,11.71,--,5,5855,卖盘
817,13:48:03,11.71,--,10,11710,卖盘
818,13:47:54,11.71,--,4,4684,卖盘
819,13:47:51,11.71,--,20,23420,卖盘
820,13:47:48,11.71,--,3,3513,卖盘
821,13:47:45,11.71,-0.01,23,26933,卖盘
822,13:47:42,11.72,--,20,23440,买盘
823,13:47:36,11.72,--,270,316440,卖盘
824,13:47:33,11.72,--,26,30472,卖盘
825,13:47:24,11.72,0.03,504,590688,买盘
826,13:47:06,11.69,-0.04,108,126252,卖盘
827,13:46:51,11.73,0.01,21,24633,买盘
828,13:46:48,11.72,--,7,8204,卖盘
829,13:46:45,11.72,--,325,380900,卖盘
830,13:46:39,11.72,--,20,23440,卖盘
831,13:46:36,11.72,--,18,21096,卖盘
832,13:46:33,11.72,0.03,230,269560,买盘
833,13:46:30,11.69,-0.02,12,14028,卖盘
834,13:46:27,11.71,0.02,1,1171,买盘
835,13:46:24,11.69,--,12,14028,卖盘
836,13:46:18,11.69,-0.02,200,233800,卖盘
837,13:46:12,11.71,-0.02,5,5855,卖盘
838,13:46:09,11.73,0.01,40,46920,买盘
839,13:46:06,11.72,-0.01,20,23440,中性盘
840,13:46:00,11.73,0.02,26,30498,买盘
841,13:45:57,11.71,0.01,20,23420,卖盘
842,13:45:54,11.7,--,16,18720,卖盘
843,13:45:51,11.7,-0.02,130,152100,卖盘
844,13:45:48,11.72,0.01,49,57428,买盘
845,13:45:42,11.71,--,36,42156,卖盘
846,13:45:36,11.71,--,10,11710,卖盘
847,13:45:33,11.71,-0.02,8,9368,卖盘
848,13:45:30,11.73,0.02,45,52785,买盘
849,13:45:27,11.71,0.01,74,86654,买盘
850,13:45:24,11.7,-0.01,14,16379,卖盘
851,13:45:21,11.71,--,21,24591,买盘
852,13:45:15,11.71,0.01,2,2342,买盘
853,13:45:06,11.7,--,10,11700,卖盘
854,13:44:57,11.7,--,10,11700,卖盘
855,13:44:48,11.7,-0.01,26,30419,卖盘
856,13:44:45,11.71,--,1,1171,买盘
857,13:44:42,11.71,--,21,24591,买盘
858,13:44:36,11.71,--,6,7026,买盘
859,13:44:27,11.71,-0.02,330,386430,卖盘
860,13:44:24,11.73,--,3,3519,卖盘
861,13:44:21,11.73,--,85,99705,卖盘
862,13:44:15,11.73,0.01,403,472719,买盘
863,13:44:12,11.72,0.01,21,24612,买盘
864,13:43:54,11.71,--,1,1171,买盘
865,13:43:51,11.71,-0.01,1,1171,卖盘
866,13:43:33,11.72,--,1,1172,买盘
867,13:43:30,11.72,-0.01,21,24612,买盘
868,13:43:24,11.73,--,11,12903,卖盘
869,13:43:12,11.73,--,255,299115,卖盘
870,13:43:09,11.73,--,17,19941,卖盘
871,13:43:06,11.73,0.01,1817,2131341,买盘
872,13:42:54,11.72,--,64,75008,卖盘
873,13:42:51,11.72,-0.01,3,3516,卖盘
874,13:42:33,11.73,0.01,1,1173,买盘
875,13:42:27,11.72,-0.01,300,351600,卖盘
876,13:42:21,11.73,--,20,23460,买盘
877,13:42:18,11.73,--,4,4692,买盘
878,13:42:12,11.73,--,8,9384,卖盘
879,13:42:03,11.73,--,3,3519,卖盘
880,13:42:00,11.73,-0.01,5,5865,卖盘
881,13:41:51,11.74,0.01,25,29350,买盘
882,13:41:48,11.73,--,26,30498,卖盘
883,13:41:36,11.73,0.01,4,4692,中性盘
884,13:41:30,11.72,--,20,23440,卖盘
885,13:41:24,11.72,-0.02,1,1172,卖盘
886,13:41:21,11.74,--,10,11740,买盘
887,13:41:15,11.74,--,230,270020,卖盘
888,13:41:12,11.74,--,100,117400,卖盘
889,13:41:06,11.74,0.02,570,669180,买盘
890,13:40:57,11.72,--,50,58600,卖盘
891,13:40:54,11.72,-0.01,3,3516,卖盘
892,13:40:51,11.73,--,21,24633,买盘
893,13:40:48,11.73,--,4,4692,买盘
894,13:40:42,11.73,--,12,14076,卖盘
895,13:40:39,11.73,--,4,4692,卖盘
896,13:40:36,11.73,--,50,58650,卖盘
897,13:40:30,11.73,-0.01,21,24633,卖盘
898,13:40:27,11.74,0.01,1,1174,买盘
899,13:40:24,11.73,--,80,93840,卖盘
900,13:40:21,11.73,--,2,2346,卖盘
901,13:40:12,11.73,--,62,72726,卖盘
902,13:40:09,11.73,-0.01,5,5865,卖盘
903,13:40:06,11.74,0.01,1,1174,买盘
904,13:40:03,11.73,-0.01,14,16422,卖盘
905,13:40:00,11.74,0.01,20,23480,买盘
906,13:39:57,11.73,--,10,11730,卖盘
907,13:39:54,11.73,--,37,43401,卖盘
908,13:39:45,11.73,--,6,7038,卖盘
909,13:39:39,11.73,-0.01,102,119646,卖盘
910,13:39:36,11.74,0.01,3,3522,中性盘
911,13:39:33,11.73,--,9,10557,卖盘
912,13:39:30,11.73,-0.02,4,4692,卖盘
913,13:39:12,11.75,--,153,179775,卖盘
914,13:39:09,11.75,--,67,78725,卖盘
915,13:39:06,11.75,--,30,35250,卖盘
916,13:39:00,11.75,0.02,372,437100,买盘
917,13:38:45,11.73,--,8,9384,卖盘
918,13:38:36,11.73,-0.01,3,3519,卖盘
919,13:38:30,11.74,--,14,16436,卖盘
920,13:38:24,11.74,--,57,66918,卖盘
921,13:38:15,11.74,--,10,11740,卖盘
922,13:38:09,11.74,--,106,124444,卖盘
923,13:38:03,11.74,-0.01,85,99790,卖盘
924,13:37:51,11.75,0.01,8,9400,买盘
925,13:37:48,11.74,-0.01,169,198406,卖盘
926,13:37:45,11.75,--,5,5875,买盘
927,13:37:39,11.75,--,21,24675,买盘
928,13:37:30,11.75,--,26,30550,卖盘
929,13:37:27,11.75,--,8,9400,卖盘
930,13:37:24,11.75,--,500,587500,卖盘
931,13:37:15,11.75,-0.02,4,4700,卖盘
932,13:37:12,11.77,0.01,80,94160,买盘
933,13:37:09,11.76,--,22,25872,买盘
934,13:37:00,11.76,--,40,47040,买盘
935,13:36:54,11.76,-0.01,3,3528,中性盘
936,13:36:33,11.77,--,31,36487,买盘
937,13:36:27,11.77,0.02,62,72974,买盘
938,13:36:18,11.75,-0.01,1803,2118525,卖盘
939,13:36:12,11.76,0.01,1,1176,买盘
940,13:36:09,11.75,-0.02,58,68150,卖盘
941,13:35:57,11.77,--,6,7062,买盘
942,13:35:54,11.77,--,94,110638,买盘
943,13:35:51,11.77,0.02,52,61204,买盘
944,13:35:48,11.75,--,45,52875,卖盘
945,13:35:45,11.75,-0.02,43,50525,卖盘
946,13:35:42,11.77,--,31,36487,买盘
947,13:35:39,11.77,--,42,49434,买盘
948,13:35:36,11.77,0.02,61,71797,买盘
949,13:35:33,11.75,-0.02,22,25850,中性盘
950,13:35:27,11.77,--,107,125939,买盘
951,13:35:24,11.77,0.01,310,364870,买盘
952,13:35:21,11.76,--,5,6820,卖盘
953,13:35:18,11.76,--,32,37632,卖盘
954,13:35:15,11.76,0.02,1462,1719547,买盘
955,13:35:09,11.74,--,11,12914,卖盘
956,13:35:06,11.74,-0.01,3,3522,中性盘
957,13:34:51,11.75,0.01,600,705000,买盘
958,13:34:45,11.74,--,44,51656,买盘
959,13:34:36,11.74,--,20,23480,买盘
960,13:34:27,11.74,--,9,10566,买盘
961,13:34:21,11.74,--,5,5870,买盘
962,13:34:12,11.74,-0.01,24,28176,买盘
963,13:34:06,11.75,--,20,23500,买盘
964,13:34:00,11.75,0.01,415,487625,买盘
965,13:33:57,11.74,-0.01,3,3522,中性盘
966,13:33:54,11.75,--,34,39950,买盘
967,13:33:51,11.75,0.01,63,74025,买盘
968,13:33:48,11.74,--,21,24654,卖盘
969,13:33:45,11.74,--,6,7044,买盘
970,13:33:42,11.74,--,46,54004,卖盘
971,13:33:39,11.74,--,43,50482,卖盘
972,13:33:36,11.74,--,52,61048,卖盘
973,13:33:33,11.74,-0.01,21,24654,卖盘
974,13:33:30,11.75,0.01,22,25850,买盘
975,13:33:27,11.74,--,77,90398,买盘
976,13:33:24,11.74,--,68,79832,卖盘
977,13:33:21,11.74,--,10,11740,卖盘
978,13:33:12,11.74,--,14,16436,卖盘
979,13:33:09,11.74,--,43,50482,卖盘
980,13:33:03,11.74,--,4,4696,卖盘
981,13:32:57,11.74,--,8,9392,卖盘
982,13:32:48,11.74,--,3,3522,卖盘
983,13:32:42,11.74,-0.01,7,8218,卖盘
984,13:32:39,11.75,0.01,2,2350,买盘
985,13:32:33,11.74,-0.01,10,11740,卖盘
986,13:32:24,11.75,--,37,43475,买盘
987,13:32:15,11.75,--,260,305735,卖盘
988,13:32:12,11.75,-0.01,6,7050,卖盘
989,13:32:09,11.76,0.01,2,2352,买盘
990,13:32:06,11.75,--,7,8225,卖盘
991,13:32:03,11.75,--,20,23500,卖盘
992,13:32:00,11.75,0.01,206,242990,买盘
993,13:31:57,11.74,--,13,15262,卖盘
994,13:31:54,11.74,--,23,27002,买盘
995,13:31:48,11.74,-0.01,890,1044860,卖盘
996,13:31:45,11.75,0.01,2,2350,买盘
997,13:31:39,11.74,--,3,3522,卖盘
998,13:31:33,11.74,--,16,18784,卖盘
999,13:31:30,11.74,--,12,14088,卖盘
1000,13:31:27,11.74,-0.01,40,46960,卖盘
1001,13:31:24,11.75,--,21,24675,买盘
1002,13:31:21,11.75,0.01,50,58750,买盘
1003,13:31:15,11.74,-0.01,32,37568,卖盘
1004,13:31:09,11.75,--,3,3525,买盘
1005,13:31:06,11.75,--,9,10575,买盘
1006,13:31:03,11.75,--,1,1175,买盘
1007,13:31:00,11.75,--,107,125725,买盘
1008,13:30:57,11.75,--,31,36425,买盘
1009,13:30:54,11.75,--,10,11750,买盘
1010,13:30:51,11.75,--,18,21150,买盘
1011,13:30:48,11.75,--,182,213850,买盘
1012,13:30:45,11.75,--,209,245810,卖盘
1013,13:30:42,11.75,--,300,352500,卖盘
1014,13:30:39,11.75,--,30,35250,卖盘
1015,13:30:36,11.75,--,101,118675,卖盘
1016,13:30:30,11.75,--,5,5875,卖盘
1017,13:30:27,11.75,-0.01,3,3525,卖盘
1018,13:30:18,11.76,--,10,11760,买盘
1019,13:30:12,11.76,0.01,2,2352,买盘
1020,13:30:03,11.75,-0.01,60,70500,卖盘
1021,13:29:48,11.76,--,3,3528,买盘
1022,13:29:45,11.76,--,94,111249,卖盘
1023,13:29:42,11.76,--,33,38808,卖盘
1024,13:29:39,11.76,-0.01,24,28224,卖盘
1025,13:29:36,11.77,0.01,48,56496,买盘
1026,13:29:33,11.76,--,46,54096,卖盘
1027,13:29:30,11.76,--,74,87024,卖盘
1028,13:29:27,11.76,-0.01,57,67032,卖盘
1029,13:29:24,11.77,0.01,42,49434,买盘
1030,13:29:21,11.76,--,40,47040,卖盘
1031,13:29:18,11.76,-0.01,24,28224,卖盘
1032,13:29:12,11.77,0.01,3,3531,买盘
1033,13:29:09,11.76,-0.01,35,41160,卖盘
1034,13:29:00,11.77,--,45,52965,卖盘
1035,13:28:57,11.77,--,22,25894,买盘
1036,13:28:54,11.77,-0.01,23,27071,卖盘
1037,13:28:51,11.78,0.01,64,75392,买盘
1038,13:28:48,11.77,--,43,50611,卖盘
1039,13:28:45,11.77,-0.01,82,96514,卖盘
1040,13:28:42,11.78,0.01,13,15314,买盘
1041,13:28:33,11.77,0.01,10,11770,卖盘
1042,13:28:24,11.76,-0.01,11,12936,卖盘
1043,13:28:21,11.77,--,69,81213,买盘
1044,13:28:18,11.77,--,23,27071,买盘
1045,13:28:15,11.77,0.01,10,11770,买盘
1046,13:28:12,11.76,--,3,3528,卖盘
1047,13:28:09,11.76,--,49,57624,卖盘
1048,13:28:03,11.76,--,156,183456,卖盘
1049,13:28:00,11.76,--,932,1096032,卖盘
1050,13:27:57,11.76,-0.01,30,35280,卖盘
1051,13:27:51,11.77,0.01,1010,1188770,买盘
1052,13:27:45,11.76,--,226,265776,卖盘
1053,13:27:42,11.76,0.01,114,134534,买盘
1054,13:27:39,11.75,-0.01,50,58750,卖盘
1055,13:27:36,11.76,--,2,2352,买盘
1056,13:27:30,11.76,0.01,13,15288,买盘
1057,13:27:27,11.75,-0.01,50,58750,卖盘
1058,13:27:24,11.76,0.01,47,55272,买盘
1059,13:27:12,11.75,-0.01,32,37600,卖盘
1060,13:27:03,11.76,0.01,95,111720,买盘
1061,13:27:00,11.75,--,19,22325,卖盘
1062,13:26:57,11.75,-0.01,7,8225,卖盘
1063,13:26:54,11.76,--,20,23520,买盘
1064,13:26:51,11.76,0.01,100,117600,买盘
1065,13:26:45,11.75,-0.01,31,36425,卖盘
1066,13:26:39,11.76,--,5,5880,买盘
1067,13:26:36,11.76,0.01,22,25872,买盘
1068,13:26:33,11.75,-0.01,69,81075,卖盘
1069,13:26:30,11.76,--,26,30576,买盘
1070,13:26:21,11.76,0.01,73,85848,买盘
1071,13:26:18,11.75,-0.01,141,165675,卖盘
1072,13:26:15,11.76,0.01,102,119952,买盘
1073,13:26:12,11.75,--,3,3525,卖盘
1074,13:26:09,11.75,-0.01,13,15275,卖盘
1075,13:26:06,11.76,0.01,5,5880,买盘
1076,13:26:00,11.75,--,60,70500,卖盘
1077,13:25:57,11.75,-0.01,60,70500,卖盘
1078,13:25:51,11.76,0.01,39,45864,买盘
1079,13:25:48,11.75,--,5,5875,卖盘
1080,13:25:42,11.75,-0.01,10,11750,卖盘
1081,13:25:39,11.76,--,2,2352,买盘
1082,13:25:36,11.76,--,26,30576,买盘
1083,13:25:33,11.76,--,10,11760,买盘
1084,13:25:30,11.76,--,13,15288,买盘
1085,13:25:27,11.76,-0.01,110,130300,卖盘
1086,13:25:21,11.77,--,330,388410,买盘
1087,13:25:18,11.77,--,6,7062,买盘
1088,13:25:12,11.77,--,5,5885,买盘
1089,13:25:09,11.77,--,441,519057,买盘
1090,13:25:06,11.77,-0.01,366,430782,卖盘
1091,13:25:03,11.78,--,13,15314,买盘
1092,13:25:00,11.78,0.01,8,9424,买盘
1093,13:24:57,11.77,-0.01,31,36487,卖盘
1094,13:24:54,11.78,--,18,21204,买盘
1095,13:24:51,11.78,--,21,24738,买盘
1096,13:24:48,11.78,--,25,29450,买盘
1097,13:24:45,11.78,0.01,4,4712,买盘
1098,13:24:42,11.77,--,3,3531,卖盘
1099,13:24:39,11.77,-0.01,15,17655,卖盘
1100,13:24:30,11.78,--,202,237956,买盘
1101,13:24:24,11.78,--,30,35340,买盘
1102,13:24:21,11.78,0.01,43,50654,买盘
1103,13:24:12,11.77,-0.01,60,70620,卖盘
1104,13:24:09,11.78,0.01,10,11780,买盘
1105,13:24:06,11.77,--,13,15301,卖盘
1106,13:24:03,11.77,--,10,11770,卖盘
1107,13:24:00,11.77,-0.01,79,92983,卖盘
1108,13:23:57,11.78,--,104,122512,买盘
1109,13:23:51,11.78,0.01,20,23560,买盘
1110,13:23:48,11.77,-0.01,4,4708,卖盘
1111,13:23:42,11.78,--,43,50654,买盘
1112,13:23:36,11.78,--,2,2356,买盘
1113,13:23:33,11.78,0.01,34,40052,买盘
1114,13:23:30,11.77,-0.01,11,12947,卖盘
1115,13:23:24,11.78,--,3,3534,买盘
1116,13:23:12,11.78,0.01,20,23560,买盘
1117,13:23:00,11.77,--,27,31779,卖盘
1118,13:22:57,11.77,-0.01,131,154187,卖盘
1119,13:22:54,11.78,--,17,20026,买盘
1120,13:22:51,11.78,--,3,3534,买盘
1121,13:22:48,11.78,--,19,22382,买盘
1122,13:22:45,11.78,0.01,45,53010,买盘
1123,13:22:39,11.77,-0.01,65,76505,卖盘
1124,13:22:36,11.78,0.01,26,30628,买盘
1125,13:22:33,11.77,-0.01,120,141240,卖盘
1126,13:22:30,11.78,--,1,1178,买盘
1127,13:22:27,11.78,0.01,28,32984,买盘
1128,13:22:24,11.77,--,20,23540,卖盘
1129,13:22:21,11.77,--,10,11770,卖盘
1130,13:22:18,11.77,--,70,82390,卖盘
1131,13:22:15,11.77,--,3,3531,卖盘
1132,13:22:12,11.77,--,69,81213,卖盘
1133,13:22:09,11.77,-0.01,39,45903,卖盘
1134,13:22:03,11.78,--,3,3534,买盘
1135,13:22:00,11.78,--,62,73036,买盘
1136,13:21:57,11.78,--,66,77748,买盘
1137,13:21:54,11.78,0.01,25,29450,买盘
1138,13:21:51,11.77,-0.01,20,23540,卖盘
1139,13:21:48,11.78,--,91,107198,买盘
1140,13:21:45,11.78,--,44,51832,买盘
1141,13:21:39,11.78,--,94,110732,买盘
1142,13:21:36,11.78,--,10,11780,买盘
1143,13:21:30,11.78,--,10,11780,买盘
1144,13:21:24,11.78,--,20,23560,卖盘
1145,13:21:21,11.78,--,21,24738,卖盘
1146,13:21:18,11.78,-0.01,56,65968,卖盘
1147,13:21:15,11.79,0.01,203,239336,买盘
1148,13:21:12,11.78,-0.01,82,96596,卖盘
1149,13:21:09,11.79,--,5,5895,买盘
1150,13:21:06,11.79,--,14,16506,买盘
1151,13:21:03,11.79,0.01,331,390249,买盘
1152,13:21:00,11.78,-0.01,435,512430,卖盘
1153,13:20:57,11.79,0.01,71,83709,买盘
1154,13:20:54,11.78,--,22,25916,卖盘
1155,13:20:51,11.78,0.01,73,85994,买盘
1156,13:20:48,11.77,-0.01,23,27071,卖盘
1157,13:20:39,11.78,--,533,627874,买盘
1158,13:20:33,11.78,--,106,124868,买盘
1159,13:20:27,11.78,--,112,131936,买盘
1160,13:20:24,11.78,0.01,2,2356,买盘
1161,13:20:21,11.77,-0.01,15,17655,卖盘
1162,13:20:18,11.78,--,10,11780,买盘
1163,13:20:15,11.78,--,34,40052,买盘
1164,13:20:12,11.78,--,20,23560,买盘
1165,13:20:09,11.78,--,55,64790,买盘
1166,13:20:06,11.78,--,22,25916,买盘
1167,13:20:03,11.78,--,52,61256,买盘
1168,13:20:00,11.78,0.01,46,54188,买盘
1169,13:19:57,11.77,-0.01,15,17655,卖盘
1170,13:19:54,11.78,--,22,25916,买盘
1171,13:19:51,11.78,--,8,9424,买盘
1172,13:19:48,11.78,--,30,35340,买盘
1173,13:19:45,11.78,0.01,54,63612,买盘
1174,13:19:42,11.77,-0.01,41,48257,卖盘
1175,13:19:36,11.78,0.01,3,3534,买盘
1176,13:19:24,11.77,-0.01,5,5885,卖盘
1177,13:19:12,11.78,--,25,29450,买盘
1178,13:19:06,11.78,0.02,18,21204,中性盘
1179,13:18:54,11.76,-0.01,203,238728,卖盘
1180,13:18:51,11.77,--,7,8239,买盘
1181,13:18:48,11.77,--,10,11770,买盘
1182,13:18:45,11.77,--,19,22363,买盘
1183,13:18:42,11.77,--,7,8239,卖盘
1184,13:18:39,11.77,-0.02,2,2354,中性盘
1185,13:18:36,11.79,0.02,764,900755,买盘
1186,13:18:30,11.77,0.01,114,134178,买盘
1187,13:18:27,11.76,-0.01,12,14112,卖盘
1188,13:18:24,11.77,--,23,27071,买盘
1189,13:18:21,11.77,0.01,150,176550,买盘
1190,13:18:15,11.76,-0.01,33,38808,卖盘
1191,13:18:12,11.77,0.01,222,261294,买盘
1192,13:18:09,11.76,--,42,49392,卖盘
1193,13:18:06,11.76,--,186,218736,卖盘
1194,13:18:03,11.76,--,38,44688,卖盘
1195,13:18:00,11.76,--,105,123480,卖盘
1196,13:17:57,11.76,--,26,30576,卖盘
1197,13:17:54,11.76,--,81,95256,卖盘
1198,13:17:51,11.76,--,43,50568,卖盘
1199,13:17:48,11.76,--,32,37632,卖盘
1200,13:17:45,11.76,-0.01,31,36456,卖盘
1201,13:17:42,11.77,0.01,63,74151,买盘
1202,13:17:39,11.76,-0.01,45,52920,卖盘
1203,13:17:36,11.77,--,42,49434,买盘
1204,13:17:33,11.77,--,145,170665,买盘
1205,13:17:30,11.77,0.01,128,150656,买盘
1206,13:17:27,11.76,--,102,119952,卖盘
1207,13:17:24,11.76,--,33,38808,卖盘
1208,13:17:21,11.76,--,84,98784,卖盘
1209,13:17:18,11.76,--,22,25872,卖盘
1210,13:17:15,11.76,-0.01,67,78792,卖盘
1211,13:17:12,11.77,--,45,52965,买盘
1212,13:17:09,11.77,0.01,62,72974,买盘
1213,13:17:06,11.76,-0.01,81,95256,卖盘
1214,13:17:03,11.77,0.01,45,52965,买盘
1215,13:17:00,11.76,--,74,87024,卖盘
1216,13:16:57,11.76,--,71,83496,卖盘
1217,13:16:54,11.76,--,32,37632,卖盘
1218,13:16:51,11.76,--,22,25872,卖盘
1219,13:16:48,11.76,--,22,25872,卖盘
1220,13:16:45,11.76,--,33,38808,卖盘
1221,13:16:42,11.76,--,21,24696,卖盘
1222,13:16:39,11.76,--,43,50568,卖盘
1223,13:16:36,11.76,-0.01,63,74088,卖盘
1224,13:16:33,11.77,0.01,42,49434,买盘
1225,13:16:30,11.76,--,73,85848,卖盘
1226,13:16:27,11.76,-0.01,56,65856,卖盘
1227,13:16:24,11.77,--,42,49434,买盘
1228,13:16:21,11.77,0.01,77,90629,买盘
1229,13:16:18,11.76,--,127,149352,卖盘
1230,13:16:15,11.76,0.01,129,151939,买盘
1231,13:16:12,11.75,--,49,57575,卖盘
1232,13:16:06,11.75,--,19,22325,卖盘
1233,13:16:03,11.75,-0.01,9,11515,卖盘
1234,13:16:00,11.76,0.01,244,286944,买盘
1235,13:15:42,11.75,-0.01,35,41125,卖盘
1236,13:15:33,11.76,--,82,96432,买盘
1237,13:15:30,11.76,0.01,110,129360,买盘
1238,13:15:27,11.75,--,20,23500,卖盘
1239,13:15:24,11.75,--,17,19975,卖盘
1240,13:15:21,11.75,--,15,17625,卖盘
1241,13:15:18,11.75,-0.01,3,3525,卖盘
1242,13:15:15,11.76,--,21,24696,买盘
1243,13:15:12,11.76,0.01,20,23520,买盘
1244,13:15:09,11.75,-0.01,3,3525,卖盘
1245,13:15:06,11.76,0.01,11,12936,买盘
1246,13:15:00,11.75,--,62,72850,卖盘
1247,13:14:54,11.75,-0.01,20,23500,卖盘
1248,13:14:42,11.76,0.01,8,9408,买盘
1249,13:14:36,11.75,-0.01,10,11750,卖盘
1250,13:14:33,11.76,0.01,9,10584,买盘
1251,13:14:24,11.75,--,107,125725,卖盘
1252,13:14:15,11.75,-0.01,22,25850,卖盘
1253,13:14:12,11.76,0.01,4,4704,买盘
1254,13:14:06,11.75,--,9,10575,卖盘
1255,13:14:03,11.75,--,3,3525,卖盘
1256,13:14:00,11.75,-0.01,100,117500,卖盘
1257,13:13:54,11.76,--,87,102312,买盘
1258,13:13:51,11.76,0.01,1,1176,买盘
1259,13:13:48,11.75,--,124,145700,卖盘
1260,13:13:42,11.75,--,110,129250,卖盘
1261,13:13:36,11.75,-0.01,25,29375,卖盘
1262,13:13:33,11.76,0.01,15,17640,买盘
1263,13:13:24,11.75,--,43,50525,卖盘
1264,13:13:21,11.75,--,100,117500,卖盘
1265,13:13:12,11.75,--,10,11750,卖盘
1266,13:13:09,11.75,--,13,15275,卖盘
1267,13:13:03,11.75,--,264,310200,卖盘
1268,13:13:00,11.75,-0.01,52,61100,卖盘
1269,13:12:57,11.76,--,19,22344,买盘
1270,13:12:54,11.76,0.01,15,17640,买盘
1271,13:12:48,11.75,-0.01,30,35250,卖盘
1272,13:12:42,11.76,0.01,248,291648,买盘
1273,13:12:39,11.75,--,53,62275,卖盘
1274,13:12:30,11.75,-0.01,10,11750,卖盘
1275,13:12:27,11.76,0.01,126,148176,买盘
1276,13:12:24,11.75,--,221,259675,卖盘
1277,13:12:18,11.75,-0.01,58,68150,卖盘
1278,13:12:15,11.76,--,101,118776,买盘
1279,13:12:09,11.76,0.01,174,204624,买盘
1280,13:12:06,11.75,-0.01,2,2350,卖盘
1281,13:12:03,11.76,--,22,25872,买盘
1282,13:11:57,11.76,0.01,3,3528,买盘
1283,13:11:51,11.75,--,9,10575,卖盘
1284,13:11:48,11.75,--,108,126900,卖盘
1285,13:11:45,11.75,--,57,66975,买盘
1286,13:11:39,11.75,--,2,2350,买盘
1287,13:11:36,11.75,-0.01,1,1175,中性盘
1288,13:11:30,11.76,0.01,32,37632,买盘
1289,13:11:27,11.75,--,94,110450,买盘
1290,13:11:24,11.75,--,100,117500,买盘
1291,13:11:21,11.75,0.01,20,23500,买盘
1292,13:11:18,11.74,-0.01,10,11740,卖盘
1293,13:11:12,11.75,0.01,93,109275,买盘
1294,13:11:09,11.74,--,43,50482,卖盘
1295,13:11:06,11.74,-0.01,52,61048,卖盘
1296,13:11:03,11.75,0.01,21,24675,买盘
1297,13:11:00,11.74,--,5,5870,卖盘
1298,13:10:57,11.74,--,7,8218,卖盘
1299,13:10:54,11.74,-0.01,48,56352,卖盘
1300,13:10:48,11.75,--,95,111625,买盘
1301,13:10:45,11.75,--,10,11750,买盘
1302,13:10:39,11.75,--,5,5875,买盘
1303,13:10:33,11.75,--,35,41125,买盘
1304,13:10:30,11.75,0.01,1,1175,买盘
1305,13:10:18,11.74,--,10,11740,卖盘
1306,13:10:15,11.74,--,37,43438,卖盘
1307,13:10:12,11.74,--,133,156142,买盘
1308,13:10:09,11.74,-0.01,144,169056,卖盘
1309,13:10:06,11.75,--,7,8225,买盘
1310,13:10:03,11.75,--,8,9400,买盘
1311,13:10:00,11.75,0.01,7,8225,买盘
1312,13:09:57,11.74,-0.01,10,11740,卖盘
1313,13:09:54,11.75,0.01,85,99875,买盘
1314,13:09:51,11.74,-0.01,5,5870,卖盘
1315,13:09:48,11.75,--,139,163325,卖盘
1316,13:09:45,11.75,-0.01,9,10575,卖盘
1317,13:09:36,11.76,0.01,18,21168,买盘
1318,13:09:30,11.75,-0.01,12,14100,卖盘
1319,13:09:27,11.76,--,10,11760,买盘
1320,13:09:24,11.76,0.01,50,58800,买盘
1321,13:09:21,11.75,-0.01,1,1175,卖盘
1322,13:09:18,11.76,0.01,10,11760,买盘
1323,13:09:15,11.75,--,9,10575,卖盘
1324,13:09:12,11.75,--,5,5875,卖盘
1325,13:09:09,11.75,--,20,23500,卖盘
1326,13:09:06,11.75,--,82,96350,卖盘
1327,13:09:03,11.75,--,5,5875,卖盘
1328,13:09:00,11.75,--,33,38775,买盘
1329,13:08:57,11.75,--,3,3525,买盘
1330,13:08:54,11.75,-0.01,90,105750,卖盘
1331,13:08:51,11.76,--,21,24696,买盘
1332,13:08:45,11.76,--,3,3528,买盘
1333,13:08:21,11.76,--,34,39984,买盘
1334,13:08:18,11.76,--,42,49392,买盘
1335,13:08:15,11.76,--,19,22344,买盘
1336,13:08:12,11.76,--,30,35280,买盘
1337,13:08:06,11.76,--,158,186748,卖盘
1338,13:08:00,11.76,--,54,63504,卖盘
1339,13:07:57,11.76,-0.01,10,11760,卖盘
1340,13:07:51,11.77,--,34,40018,买盘
1341,13:07:48,11.77,--,44,52023,卖盘
1342,13:07:39,11.77,--,15,17655,卖盘
1343,13:07:36,11.77,--,10,11770,卖盘
1344,13:07:33,11.77,-0.01,45,52965,卖盘
1345,13:07:30,11.78,0.01,10,11780,买盘
1346,13:07:27,11.77,--,25,29425,卖盘
1347,13:07:24,11.77,--,70,82390,卖盘
1348,13:07:21,11.77,--,8,9416,卖盘
1349,13:07:18,11.77,--,34,40018,卖盘
1350,13:07:15,11.77,--,20,23540,卖盘
1351,13:07:12,11.77,--,22,25894,卖盘
1352,13:07:06,11.77,-0.01,113,133001,卖盘
1353,13:07:03,11.78,0.01,27,31806,买盘
1354,13:07:00,11.77,--,5,5885,卖盘
1355,13:06:57,11.77,--,39,45903,卖盘
1356,13:06:54,11.77,--,42,49434,卖盘
1357,13:06:48,11.77,--,11,12947,卖盘
1358,13:06:45,11.77,-0.01,150,176550,卖盘
1359,13:06:42,11.78,--,119,140182,买盘
1360,13:06:39,11.78,0.01,1,1178,买盘
1361,13:06:36,11.77,-0.01,48,56496,卖盘
1362,13:06:27,11.78,--,118,139004,卖盘
1363,13:06:24,11.78,--,21,24738,卖盘
1364,13:06:18,11.78,-0.01,4,4712,卖盘
1365,13:06:15,11.79,0.01,33,38907,买盘
1366,13:06:12,11.78,--,22,25916,卖盘
1367,13:06:09,11.78,-0.01,46,54188,卖盘
1368,13:06:06,11.79,--,105,123794,买盘
1369,13:06:03,11.79,--,97,114492,卖盘
1370,13:06:00,11.79,-0.01,60,70740,卖盘
1371,13:05:57,11.8,--,10,11800,买盘
1372,13:05:51,11.8,0.01,26,30680,买盘
1373,13:05:48,11.79,-0.01,65,76635,卖盘
1374,13:05:45,11.8,--,5,5900,买盘
1375,13:05:39,11.8,--,96,113280,买盘
1376,13:05:33,11.8,0.01,8,9440,买盘
1377,13:05:30,11.79,-0.01,40,47160,卖盘
1378,13:05:27,11.8,--,8,9440,买盘
1379,13:05:24,11.8,--,128,151984,卖盘
1380,13:05:21,11.8,--,2,2360,卖盘
1381,13:05:18,11.8,-0.01,5,5900,卖盘
1382,13:05:15,11.81,--,112,132272,买盘
1383,13:05:12,11.81,--,27,31887,买盘
1384,13:05:03,11.81,0.01,69,81489,买盘
1385,13:05:00,11.8,--,66,77880,卖盘
1386,13:04:57,11.8,--,64,75520,卖盘
1387,13:04:51,11.8,0.01,79,93456,买盘
1388,13:04:48,11.79,-0.01,13,15326,卖盘
1389,13:04:45,11.8,--,412,486160,买盘
1390,13:04:42,11.8,--,65,77644,卖盘
1391,13:04:39,11.8,--,1,1180,卖盘
1392,13:04:36,11.8,--,276,325680,卖盘
1393,13:04:33,11.8,--,59,69620,卖盘
1394,13:04:30,11.8,--,440,519436,买盘
1395,13:04:27,11.8,--,33,38940,买盘
1396,13:04:24,11.8,--,51,61124,卖盘
1397,13:04:18,11.8,--,154,181720,卖盘
1398,13:04:15,11.8,-0.01,72,84960,卖盘
1399,13:04:12,11.81,0.01,25,29525,买盘
1400,13:04:09,11.8,-0.01,11,12980,卖盘
1401,13:04:06,11.81,0.01,16,18896,买盘
1402,13:04:03,11.8,--,104,122720,卖盘
1403,13:04:00,11.8,--,53,62540,卖盘
1404,13:03:57,11.8,-0.01,68,80240,卖盘
1405,13:03:54,11.81,0.01,41,48421,买盘
1406,13:03:51,11.8,--,20,23600,卖盘
1407,13:03:48,11.8,0.01,380,448636,买盘
1408,13:03:45,11.79,--,685,807614,卖盘
1409,13:03:42,11.79,-0.01,10,11790,卖盘
1410,13:03:39,11.8,0.01,19,22420,买盘
1411,13:03:36,11.79,-0.01,101,119078,卖盘
1412,13:03:33,11.8,0.01,183,215940,买盘
1413,13:03:30,11.79,-0.01,97,114362,卖盘
1414,13:03:27,11.8,--,381,449580,买盘
1415,13:03:24,11.8,0.01,174,205320,买盘
1416,13:03:21,11.79,--,59,69561,卖盘
1417,13:03:18,11.79,-0.01,22,25937,卖盘
1418,13:03:15,11.8,0.01,124,146320,买盘
1419,13:03:12,11.79,--,54,63665,卖盘
1420,13:03:09,11.79,--,98,115541,卖盘
1421,13:03:06,11.79,--,219,258200,卖盘
1422,13:03:03,11.79,--,245,288855,卖盘
1423,13:03:00,11.79,0.02,676,798053,买盘
1424,13:02:57,11.77,--,10,11770,卖盘
1425,13:02:54,11.77,0.01,173,204562,买盘
1426,13:02:51,11.76,--,50,58800,卖盘
1427,13:02:45,11.76,0.01,346,407131,买盘
1428,13:02:42,11.75,--,168,197400,卖盘
1429,13:02:30,11.75,-0.01,3,3525,卖盘
1430,13:02:27,11.76,--,19,22344,买盘
1431,13:02:18,11.76,--,57,67032,卖盘
1432,13:02:15,11.76,--,8,9408,卖盘
1433,13:02:12,11.76,--,2,2352,卖盘
1434,13:02:09,11.76,--,12,14112,卖盘
1435,13:02:00,11.76,-0.01,84,98784,卖盘
1436,13:01:57,11.77,--,49,57673,买盘
1437,13:01:54,11.77,--,4,4708,卖盘
1438,13:01:48,11.77,--,5,5885,卖盘
1439,13:01:45,11.77,--,30,35310,卖盘
1440,13:01:39,11.77,--,7,8239,卖盘
1441,13:01:36,11.77,-0.02,5,5885,卖盘
1442,13:01:33,11.79,0.03,744,877175,买盘
1443,13:01:30,11.76,-0.03,65,76440,卖盘
1444,13:01:15,11.79,0.01,1503,1772036,买盘
1445,13:01:12,11.78,0.01,232,273296,买盘
1446,13:01:03,11.77,0.01,27,31779,买盘
1447,13:01:00,11.76,--,92,108192,卖盘
1448,13:00:57,11.76,-0.02,20,23520,中性盘
1449,13:00:51,11.78,0.02,586,690308,买盘
1450,13:00:39,11.76,--,108,128160,卖盘
1451,13:00:36,11.76,--,100,117600,卖盘
1452,13:00:33,11.76,0.04,601,706799,买盘
1453,13:00:15,11.72,-0.04,1,1172,买盘
1454,13:00:12,11.76,--,2,2352,买盘
1455,13:00:09,11.76,0.02,408,479808,买盘
1456,13:00:06,11.74,-0.01,127,149098,买盘
1457,13:00:03,11.75,--,2772,3257100,买盘
1458,13:00:00,11.75,--,0,0,买盘
1459,11:30:00,11.75,--,18,21150,卖盘
1460,11:29:57,11.75,-0.01,12,14100,卖盘
1461,11:29:54,11.76,--,9,10584,买盘
1462,11:29:51,11.76,--,6,7056,买盘
1463,11:29:45,11.76,--,45,52920,买盘
1464,11:29:42,11.76,--,90,106780,卖盘
1465,11:29:39,11.76,--,84,98784,卖盘
1466,11:29:36,11.76,--,62,73147,卖盘
1467,11:29:33,11.76,--,241,283416,卖盘
1468,11:29:30,11.76,--,142,166992,卖盘
1469,11:29:27,11.76,--,24,28224,卖盘
1470,11:29:24,11.76,--,21,24696,卖盘
1471,11:29:21,11.76,--,192,225792,买盘
1472,11:29:18,11.76,0.01,2,2352,买盘
1473,11:29:15,11.75,--,87,102225,卖盘
1474,11:29:12,11.75,--,147,172725,卖盘
1475,11:29:09,11.75,-0.01,495,581625,卖盘
1476,11:29:06,11.76,0.01,1,1176,买盘
1477,11:29:03,11.75,--,27,31725,卖盘
1478,11:29:00,11.75,--,30,35250,卖盘
1479,11:28:57,11.75,--,35,41125,卖盘
1480,11:28:54,11.75,--,29,34075,卖盘
1481,11:28:51,11.75,-0.01,22,25850,卖盘
1482,11:28:48,11.76,0.01,105,123480,买盘
1483,11:28:45,11.75,-0.01,65,76375,卖盘
1484,11:28:42,11.76,--,52,61152,买盘
1485,11:28:39,11.76,0.02,868,1020768,买盘
1486,11:28:36,11.74,0.01,13,15262,买盘
1487,11:28:33,11.73,-0.01,6,7038,卖盘
1488,11:28:30,11.74,0.01,39,45786,买盘
1489,11:28:27,11.73,-0.01,34,39882,卖盘
1490,11:28:24,11.74,--,4,4696,中性盘
1491,11:28:21,11.74,--,147,172578,卖盘
1492,11:28:18,11.74,--,113,132662,卖盘
1493,11:28:15,11.74,--,49,57526,卖盘
1494,11:28:12,11.74,--,42,49308,卖盘
1495,11:28:09,11.74,0.01,94,110356,买盘
1496,11:28:06,11.73,-0.01,307,360111,卖盘
1497,11:28:03,11.74,0.01,50,58700,买盘
1498,11:28:00,11.73,-0.01,140,164220,卖盘
1499,11:27:57,11.74,0.01,36,42264,买盘
1500,11:27:54,11.73,-0.01,16,18768,卖盘
1501,11:27:51,11.74,0.01,21,24654,买盘
1502,11:27:48,11.73,--,30,35190,卖盘
1503,11:27:42,11.73,--,15,17595,卖盘
1504,11:27:36,11.73,0.02,408,478584,买盘
1505,11:27:33,11.71,-0.01,47,55037,卖盘
1506,11:27:30,11.72,0.01,1,1172,买盘
1507,11:27:27,11.71,-0.01,8,9368,卖盘
1508,11:27:24,11.72,--,44,51568,卖盘
1509,11:27:21,11.72,-0.01,24,28128,卖盘
1510,11:27:15,11.73,--,8,9384,买盘
1511,11:27:12,11.73,0.01,1,1173,买盘
1512,11:27:09,11.72,--,64,75008,卖盘
1513,11:27:06,11.72,-0.01,13,15236,卖盘
1514,11:26:57,11.73,--,28,32844,买盘
1515,11:26:54,11.73,0.01,59,69207,买盘
1516,11:26:51,11.72,0.01,97,113684,中性盘
1517,11:26:45,11.71,-0.03,34,39814,卖盘
1518,11:26:39,11.74,0.02,600,704400,买盘
1519,11:26:36,11.72,--,10,11720,买盘
1520,11:26:33,11.72,0.01,10,11720,买盘
1521,11:26:30,11.71,--,2,2342,卖盘
1522,11:26:27,11.71,--,20,23420,卖盘
1523,11:26:24,11.71,-0.02,10,11710,卖盘
1524,11:26:21,11.73,0.02,500,586500,买盘
1525,11:26:18,11.71,--,20,23420,卖盘
1526,11:26:12,11.71,--,5,5855,卖盘
1527,11:26:09,11.71,--,21,24591,卖盘
1528,11:26:06,11.71,-0.02,13,15223,卖盘
1529,11:26:03,11.73,0.01,613,719049,买盘
1530,11:26:00,11.72,0.01,42,49224,买盘
1531,11:25:57,11.71,-0.01,108,126468,卖盘
1532,11:25:54,11.72,--,21,24612,买盘
1533,11:25:48,11.72,--,103,120716,买盘
1534,11:25:39,11.72,--,31,36332,买盘
1535,11:25:36,11.72,--,31,36332,卖盘
1536,11:25:30,11.72,--,11,12892,卖盘
1537,11:25:27,11.72,--,9,10548,卖盘
1538,11:25:24,11.72,-0.01,42,49224,中性盘
1539,11:25:18,11.73,0.01,20,23460,买盘
1540,11:25:15,11.72,-0.01,21,24612,中性盘
1541,11:25:12,11.73,0.02,1223,1434579,买盘
1542,11:25:09,11.71,-0.01,9,10539,卖盘
1543,11:25:06,11.72,--,26,30472,买盘
1544,11:25:03,11.72,0.01,194,227954,买盘
1545,11:25:00,11.71,--,24,28104,卖盘
1546,11:24:57,11.71,-0.01,119,139349,卖盘
1547,11:24:54,11.72,0.01,80,93760,买盘
1548,11:24:51,11.71,-0.01,82,96022,卖盘
1549,11:24:48,11.72,0.01,38,44536,买盘
1550,11:24:45,11.71,--,26,30446,卖盘
1551,11:24:42,11.71,--,53,62063,卖盘
1552,11:24:39,11.71,--,11,12881,卖盘
1553,11:24:36,11.71,0.01,339,397554,买盘
1554,11:24:33,11.7,-0.01,110,128699,卖盘
1555,11:24:30,11.71,--,66,77286,中性盘
1556,11:24:27,11.71,--,60,70260,买盘
1557,11:24:21,11.71,0.01,515,603065,买盘
1558,11:24:15,11.7,-0.01,90,105300,卖盘
1559,11:24:12,11.71,0.01,16,18736,买盘
1560,11:24:09,11.7,--,8,9360,卖盘
1561,11:24:06,11.7,--,20,23400,卖盘
1562,11:24:03,11.7,-0.01,21,24570,卖盘
1563,11:23:57,11.71,0.01,48,56208,买盘
1564,11:23:54,11.7,--,283,331110,卖盘
1565,11:23:51,11.7,-0.01,24,28080,卖盘
1566,11:23:48,11.71,0.01,361,423199,买盘
1567,11:23:42,11.7,--,110,128699,买盘
1568,11:23:39,11.7,0.01,5,5850,买盘
1569,11:23:36,11.69,-0.01,9,10521,卖盘
1570,11:23:30,11.7,0.01,5,5850,买盘
1571,11:23:27,11.69,-0.01,500,584500,卖盘
1572,11:23:24,11.7,--,910,1064700,买盘
1573,11:23:18,11.7,0.01,21,24570,买盘
1574,11:23:12,11.69,--,70,81830,买盘
1575,11:23:09,11.69,0.01,10,11690,买盘
1576,11:23:06,11.68,-0.01,9,10512,卖盘
1577,11:23:03,11.69,--,1,1169,买盘
1578,11:23:00,11.69,--,94,109886,买盘
1579,11:22:54,11.69,--,40,46760,卖盘
1580,11:22:51,11.69,0.01,206,240814,买盘
1581,11:22:45,11.68,-0.01,3,3504,卖盘
1582,11:22:42,11.69,--,20,23380,买盘
1583,11:22:36,11.69,--,158,184702,卖盘
1584,11:22:30,11.69,-0.01,11,12859,卖盘
1585,11:22:27,11.7,0.01,24,28080,买盘
1586,11:22:24,11.69,--,32,37408,卖盘
1587,11:22:21,11.69,--,83,97027,卖盘
1588,11:22:18,11.69,--,22,25718,卖盘
1589,11:22:15,11.69,--,23,26887,卖盘
1590,11:22:12,11.69,0.01,162,189378,买盘
1591,11:22:06,11.68,--,9,10512,卖盘
1592,11:22:03,11.68,-0.01,115,134320,卖盘
1593,11:21:57,11.69,--,4,4676,买盘
1594,11:21:51,11.69,--,100,116900,买盘
1595,11:21:48,11.69,--,11,12859,买盘
1596,11:21:39,11.69,0.01,8,9352,买盘
1597,11:21:36,11.68,-0.01,9,10512,卖盘
1598,11:21:33,11.69,--,30,35070,买盘
1599,11:21:30,11.69,--,41,47929,买盘
1600,11:21:27,11.69,--,53,61957,买盘
1601,11:21:24,11.69,--,82,95858,买盘
1602,11:21:18,11.69,--,21,24549,买盘
1603,11:21:12,11.69,0.01,5,5845,买盘
1604,11:21:06,11.68,--,9,10512,卖盘
1605,11:21:00,11.68,--,9,10512,卖盘
1606,11:20:57,11.68,--,21,24528,买盘
1607,11:20:48,11.68,-0.01,182,212576,卖盘
1608,11:20:45,11.69,--,27,31563,买盘
1609,11:20:42,11.69,0.01,32,37408,买盘
1610,11:20:39,11.68,--,5,5840,卖盘
1611,11:20:36,11.68,--,109,127312,卖盘
1612,11:20:33,11.68,--,4,4672,卖盘
1613,11:20:27,11.68,--,1,1168,卖盘
1614,11:20:24,11.68,-0.01,66,77088,卖盘
1615,11:20:18,11.69,0.01,600,701400,买盘
1616,11:20:15,11.68,--,93,108624,卖盘
1617,11:20:09,11.68,--,1,1168,卖盘
1618,11:20:06,11.68,--,14,16352,卖盘
1619,11:20:00,11.68,--,1,1168,卖盘
1620,11:19:57,11.68,0.01,121,141328,买盘
1621,11:19:54,11.67,-0.01,324,378108,卖盘
1622,11:19:48,11.68,--,63,73584,买盘
1623,11:19:45,11.68,0.01,5,5840,买盘
1624,11:19:42,11.67,-0.01,85,99195,卖盘
1625,11:19:39,11.68,--,19,22192,卖盘
1626,11:19:36,11.68,--,68,79424,买盘
1627,11:19:27,11.68,--,12,14016,卖盘
1628,11:19:21,11.68,0.02,488,569984,买盘
1629,11:19:15,11.66,--,3,3498,卖盘
1630,11:19:09,11.66,-0.01,91,106106,卖盘
1631,11:19:06,11.67,--,18,21006,买盘
1632,11:19:03,11.67,0.01,5,5835,买盘
1633,11:18:57,11.66,--,1,1166,卖盘
1634,11:18:51,11.66,--,100,116600,卖盘
1635,11:18:36,11.66,-0.01,30,34980,卖盘
1636,11:18:33,11.67,--,87,101529,买盘
1637,11:18:27,11.67,-0.01,146,170382,卖盘
1638,11:18:09,11.68,-0.01,2,2336,卖盘
1639,11:18:06,11.69,0.01,30,35070,买盘
1640,11:18:03,11.68,-0.01,4,4672,卖盘
1641,11:18:00,11.69,--,12,14028,买盘
1642,11:17:57,11.69,0.01,53,61957,买盘
1643,11:17:54,11.68,--,50,58400,卖盘
1644,11:17:51,11.68,--,3,3504,卖盘
1645,11:17:48,11.68,--,12,14016,卖盘
1646,11:17:42,11.68,--,3,3504,卖盘
1647,11:17:39,11.68,--,30,35040,卖盘
1648,11:17:36,11.68,--,13,15184,卖盘
1649,11:17:33,11.68,--,16,18688,卖盘
1650,11:17:30,11.68,-0.01,6,7008,卖盘
1651,11:17:27,11.69,0.01,30,35070,买盘
1652,11:17:24,11.68,--,5,5840,卖盘
1653,11:17:21,11.68,--,69,80592,买盘
1654,11:17:18,11.68,--,41,47888,买盘
1655,11:17:12,11.68,0.01,10,11680,买盘
1656,11:17:09,11.67,-0.01,70,81690,卖盘
1657,11:17:03,11.68,--,2,2336,卖盘
1658,11:17:00,11.68,0.01,91,106288,买盘
1659,11:16:57,11.67,-0.01,4,4668,卖盘
1660,11:16:54,11.68,--,21,24528,买盘
1661,11:16:39,11.68,0.01,2,2336,买盘
1662,11:16:36,11.67,--,9,10503,卖盘
1663,11:16:33,11.67,-0.01,10,11670,卖盘
1664,11:16:30,11.68,0.01,19,22192,买盘
1665,11:16:27,11.67,-0.01,1,1167,卖盘
1666,11:16:24,11.68,--,2,2336,卖盘
1667,11:16:21,11.68,--,109,127312,买盘
1668,11:16:18,11.68,--,12,14016,卖盘
1669,11:16:15,11.68,--,20,23360,卖盘
1670,11:16:12,11.68,-0.01,10,11680,中性盘
1671,11:16:06,11.69,0.01,121,141449,买盘
1672,11:16:03,11.68,--,273,318864,卖盘
1673,11:16:00,11.68,-0.01,10,11680,卖盘
1674,11:15:57,11.69,0.01,6,7014,买盘
1675,11:15:54,11.68,--,39,45552,卖盘
1676,11:15:51,11.68,--,53,61904,卖盘
1677,11:15:45,11.68,0.01,5,5840,卖盘
1678,11:15:42,11.67,--,154,179718,买盘
1679,11:15:36,11.67,-0.01,172,200724,卖盘
1680,11:15:27,11.68,--,2,2336,卖盘
1681,11:15:21,11.68,0.01,14,16352,买盘
1682,11:15:18,11.67,-0.01,65,75855,卖盘
1683,11:15:15,11.68,-0.01,180,210240,卖盘
1684,11:15:12,11.69,--,40,46760,买盘
1685,11:15:09,11.69,0.01,12,14028,买盘
1686,11:15:06,11.68,--,29,33872,卖盘
1687,11:14:57,11.68,-0.01,1,1168,卖盘
1688,11:14:54,11.69,0.01,15,17535,买盘
1689,11:14:45,11.68,-0.01,42,49056,卖盘
1690,11:14:39,11.69,--,159,185871,卖盘
1691,11:14:36,11.69,-0.01,12,14028,卖盘
1692,11:14:33,11.7,0.01,78,91260,买盘
1693,11:14:30,11.69,--,10,11690,卖盘
1694,11:14:27,11.69,--,21,24549,卖盘
1695,11:14:24,11.69,--,61,71309,买盘
1696,11:14:21,11.69,--,26,30394,买盘
1697,11:14:18,11.69,0.01,1,1169,买盘
1698,11:14:15,11.68,--,1,1168,中性盘
1699,11:14:09,11.68,0.01,4,4672,买盘
1700,11:14:06,11.67,--,9,10503,卖盘
1701,11:13:57,11.67,-0.03,14,16338,中性盘
1702,11:13:51,11.7,0.04,3000,3510000,买盘
1703,11:13:39,11.66,0.01,9,10494,中性盘
1704,11:13:33,11.65,-0.01,20,23300,卖盘
1705,11:13:27,11.66,0.01,25,29150,中性盘
1706,11:13:24,11.65,-0.03,3,3495,卖盘
1707,11:13:21,11.68,0.02,2200,2569600,买盘
1708,11:13:09,11.66,0.01,20,23320,买盘
1709,11:13:06,11.65,-0.01,14,16310,卖盘
1710,11:12:57,11.66,0.01,22,25652,买盘
1711,11:12:54,11.65,--,10,11650,卖盘
1712,11:12:45,11.65,--,20,23300,卖盘
1713,11:12:42,11.65,--,20,23300,卖盘
1714,11:12:39,11.65,--,16,18640,卖盘
1715,11:12:36,11.65,--,29,33785,卖盘
1716,11:12:33,11.65,--,26,30290,卖盘
1717,11:12:27,11.65,--,1,1165,卖盘
1718,11:12:24,11.65,0.01,17,19805,中性盘
1719,11:12:15,11.64,-0.01,137,159468,卖盘
1720,11:12:09,11.65,--,3,3495,卖盘
1721,11:12:06,11.65,--,32,37280,卖盘
1722,11:12:00,11.65,--,20,23300,卖盘
1723,11:11:57,11.65,--,4,4660,卖盘
1724,11:11:54,11.65,--,5,5825,卖盘
1725,11:11:51,11.65,--,20,23300,卖盘
1726,11:11:48,11.65,--,6,6990,卖盘
1727,11:11:42,11.65,--,19,22135,卖盘
1728,11:11:36,11.65,--,9,10485,卖盘
1729,11:11:27,11.65,0.01,6,6990,中性盘
1730,11:11:09,11.64,-0.02,1075,1251300,卖盘
1731,11:11:06,11.66,--,9,10494,卖盘
1732,11:11:03,11.66,-0.01,13,15158,卖盘
1733,11:11:00,11.67,0.01,51,59517,买盘
1734,11:10:39,11.66,--,30,34980,卖盘
1735,11:10:36,11.66,-0.01,59,68794,卖盘
1736,11:10:33,11.67,0.01,33,38511,买盘
1737,11:10:30,11.66,--,1,1166,卖盘
1738,11:10:27,11.66,-0.01,112,130592,卖盘
1739,11:10:24,11.67,0.01,50,58350,买盘
1740,11:10:21,11.66,--,100,116600,卖盘
1741,11:10:18,11.66,--,4,4664,卖盘
1742,11:10:15,11.66,--,9,10494,卖盘
1743,11:10:12,11.66,--,125,145750,卖盘
1744,11:10:06,11.66,--,9,10494,卖盘
1745,11:10:03,11.66,--,53,61798,卖盘
1746,11:10:00,11.66,--,20,23320,卖盘
1747,11:09:57,11.66,--,11,12826,卖盘
1748,11:09:54,11.66,--,7,8162,卖盘
1749,11:09:51,11.66,--,12,13992,买盘
1750,11:09:48,11.66,-0.01,56,65296,卖盘
1751,11:09:45,11.67,0.01,1,1167,买盘
1752,11:09:36,11.66,-0.01,9,10494,卖盘
1753,11:09:33,11.67,0.01,20,23340,买盘
1754,11:09:30,11.66,-0.01,28,32648,卖盘
1755,11:09:27,11.67,--,280,326760,卖盘
1756,11:09:24,11.67,--,80,93360,卖盘
1757,11:09:21,11.67,--,20,23340,卖盘
1758,11:09:18,11.67,-0.01,14,16338,卖盘
1759,11:09:15,11.68,--,43,50224,买盘
1760,11:09:12,11.68,0.01,82,95776,买盘
1761,11:09:09,11.67,--,199,232233,卖盘
1762,11:09:06,11.67,--,17,19839,卖盘
1763,11:09:03,11.67,--,36,42012,卖盘
1764,11:09:00,11.67,-0.01,106,123702,卖盘
1765,11:08:57,11.68,--,21,24528,买盘
1766,11:08:48,11.68,0.01,6,7008,买盘
1767,11:08:45,11.67,--,13,15171,卖盘
1768,11:08:42,11.67,-0.01,3,3501,卖盘
1769,11:08:39,11.68,--,10,11680,买盘
1770,11:08:36,11.68,0.01,15,17520,买盘
1771,11:08:33,11.67,--,2,2334,卖盘
1772,11:08:30,11.67,-0.01,1,1167,卖盘
1773,11:08:27,11.68,0.01,21,24528,买盘
1774,11:08:24,11.67,--,50,58350,卖盘
1775,11:08:15,11.67,-0.01,10,11670,卖盘
1776,11:08:12,11.68,0.01,274,320032,买盘
1777,11:08:09,11.67,--,124,144708,卖盘
1778,11:08:06,11.67,-0.01,9,10503,卖盘
1779,11:08:03,11.68,0.01,139,162352,买盘
1780,11:08:00,11.67,--,1,1167,卖盘
1781,11:07:57,11.67,-0.01,40,46680,卖盘
1782,11:07:45,11.68,0.01,28,32704,买盘
1783,11:07:39,11.67,0.01,136,158712,买盘
1784,11:07:36,11.66,-0.01,12,13992,卖盘
1785,11:07:33,11.67,0.01,143,166881,买盘
1786,11:07:30,11.66,--,100,116600,卖盘
1787,11:07:27,11.66,-0.01,10,11660,卖盘
1788,11:07:24,11.67,--,7,8169,买盘
1789,11:07:21,11.67,--,26,30342,买盘
1790,11:07:15,11.67,0.01,13,15171,买盘
1791,11:07:12,11.66,-0.01,3,3498,卖盘
1792,11:07:06,11.67,--,29,33843,买盘
1793,11:07:03,11.67,--,86,100362,买盘
1794,11:06:57,11.67,--,617,720039,买盘
1795,11:06:54,11.67,--,20,23340,买盘
1796,11:06:48,11.67,0.01,5,5835,买盘
1797,11:06:45,11.66,--,1,1166,卖盘
1798,11:06:42,11.66,-0.01,7,8162,卖盘
1799,11:06:39,11.67,0.01,28,32676,买盘
1800,11:06:36,11.66,-0.01,9,10494,卖盘
1801,11:06:30,11.67,0.01,35,40845,买盘
1802,11:06:24,11.66,--,38,44308,卖盘
1803,11:06:21,11.66,--,317,369622,买盘
1804,11:06:18,11.66,0.01,28,32648,买盘
1805,11:06:06,11.65,-0.01,9,10485,卖盘
1806,11:06:03,11.66,--,108,125928,买盘
1807,11:05:57,11.66,0.01,112,130592,买盘
1808,11:05:51,11.65,-0.01,1,1165,卖盘
1809,11:05:48,11.66,0.01,22,25652,买盘
1810,11:05:45,11.65,--,311,362396,卖盘
1811,11:05:39,11.65,--,5,5825,卖盘
1812,11:05:36,11.65,-0.01,9,10485,卖盘
1813,11:05:33,11.66,0.01,76,88616,买盘
1814,11:05:30,11.65,--,501,583665,卖盘
1815,11:05:27,11.65,--,6,6990,卖盘
1816,11:05:18,11.65,--,3,3495,卖盘
1817,11:05:15,11.65,--,3,3495,卖盘
1818,11:05:12,11.65,--,8,9320,卖盘
1819,11:05:06,11.65,--,9,10485,卖盘
1820,11:04:57,11.65,--,1,1165,卖盘
1821,11:04:54,11.65,--,56,65240,卖盘
1822,11:04:45,11.65,-0.01,5,5825,卖盘
1823,11:04:39,11.66,--,83,96778,买盘
1824,11:04:36,11.66,--,29,33814,买盘
1825,11:04:33,11.66,0.01,28,32648,买盘
1826,11:04:30,11.65,--,50,58250,卖盘
1827,11:04:24,11.65,0.01,267,311055,买盘
1828,11:04:21,11.64,--,24,27936,买盘
1829,11:04:18,11.64,--,5,5820,买盘
1830,11:04:15,11.64,--,20,23280,买盘
1831,11:04:09,11.64,--,24,27936,买盘
1832,11:04:06,11.64,-0.01,168,195552,卖盘
1833,11:03:57,11.65,-0.01,224,260960,卖盘
1834,11:03:54,11.66,0.01,40,46640,买盘
1835,11:03:51,11.65,-0.01,303,352995,卖盘
1836,11:03:48,11.66,--,36,41976,买盘
1837,11:03:36,11.66,--,30,34980,买盘
1838,11:03:30,11.66,--,45,52470,买盘
1839,11:03:27,11.66,--,51,59466,买盘
1840,11:03:24,11.66,--,37,43142,买盘
1841,11:03:21,11.66,0.01,29,33814,买盘
1842,11:03:18,11.65,--,23,26795,卖盘
1843,11:03:15,11.65,-0.01,24,27960,卖盘
1844,11:03:12,11.66,0.01,2,2332,买盘
1845,11:03:06,11.65,-0.01,30,34950,卖盘
1846,11:03:00,11.66,--,37,43142,买盘
1847,11:02:54,11.66,-0.01,28,32648,卖盘
1848,11:02:51,11.67,--,84,98028,买盘
1849,11:02:48,11.67,--,8,9336,买盘
1850,11:02:45,11.67,0.01,85,99195,买盘
1851,11:02:42,11.66,-0.01,4,4664,卖盘
1852,11:02:39,11.67,0.01,81,94527,买盘
1853,11:02:36,11.66,-0.01,10,11660,中性盘
1854,11:02:30,11.67,0.01,85,99195,买盘
1855,11:02:27,11.66,--,39,45474,买盘
1856,11:02:24,11.66,-0.01,24,27984,卖盘
1857,11:02:21,11.67,--,2,2334,买盘
1858,11:02:18,11.67,0.01,122,142374,买盘
1859,11:02:15,11.66,--,10,11660,卖盘
1860,11:02:12,11.66,-0.01,162,188892,卖盘
1861,11:02:09,11.67,0.01,118,137706,买盘
1862,11:02:06,11.66,--,160,186560,卖盘
1863,11:02:00,11.66,--,5,5830,卖盘
1864,11:01:57,11.66,-0.01,10,11660,卖盘
1865,11:01:54,11.67,0.01,113,131871,买盘
1866,11:01:51,11.66,-0.01,40,46640,卖盘
1867,11:01:48,11.67,0.01,111,129537,买盘
1868,11:01:45,11.66,--,58,67628,卖盘
1869,11:01:42,11.66,--,14,16324,卖盘
1870,11:01:39,11.66,--,53,61798,卖盘
1871,11:01:36,11.66,--,31,36146,卖盘
1872,11:01:27,11.66,-0.01,20,23320,卖盘
1873,11:01:24,11.67,0.01,68,79356,买盘
1874,11:01:21,11.66,-0.01,10,11660,卖盘
1875,11:01:15,11.67,--,5,5835,买盘
1876,11:01:09,11.67,0.01,1,1167,买盘
1877,11:01:06,11.66,--,264,307824,卖盘
1878,11:01:03,11.66,-0.01,70,81620,卖盘
1879,11:01:00,11.67,0.01,144,168048,买盘
1880,11:00:57,11.66,--,30,34980,卖盘
1881,11:00:54,11.66,--,5,5830,卖盘
1882,11:00:51,11.66,--,111,129426,卖盘
1883,11:00:48,11.66,-0.01,2,2332,卖盘
1884,11:00:45,11.67,0.01,93,108531,买盘
1885,11:00:42,11.66,--,50,58300,卖盘
1886,11:00:39,11.66,-0.01,126,146916,卖盘
1887,11:00:36,11.67,--,90,105030,卖盘
1888,11:00:33,11.67,0.03,310,361770,买盘
1889,11:00:30,11.64,-0.02,134,155976,卖盘
1890,11:00:27,11.66,--,52,60632,卖盘
1891,11:00:24,11.66,-0.01,60,69960,卖盘
1892,11:00:21,11.67,0.01,112,130704,买盘
1893,11:00:18,11.66,-0.01,54,62964,中性盘
1894,11:00:09,11.67,--,205,239235,卖盘
1895,11:00:06,11.67,--,109,127203,卖盘
1896,11:00:03,11.67,--,53,61851,卖盘
1897,11:00:00,11.67,-0.01,727,848409,卖盘
1898,10:59:57,11.68,--,199,232432,买盘
1899,10:59:54,11.68,0.02,80,93440,买盘
1900,10:59:51,11.66,-0.02,2,2332,卖盘
1901,10:59:48,11.68,0.01,291,339888,买盘
1902,10:59:39,11.67,0.01,251,292917,买盘
1903,10:59:36,11.66,--,44,51304,买盘
1904,10:59:27,11.66,0.01,686,799876,买盘
1905,10:59:24,11.65,0.02,5,5825,买盘
1906,10:59:21,11.63,-0.02,3,3489,中性盘
1907,10:59:18,11.65,0.02,927,1079955,买盘
1908,10:59:15,11.63,0.01,8,9304,卖盘
1909,10:59:12,11.62,-0.01,1042,1210804,卖盘
1910,10:59:06,11.63,--,11,12793,买盘
1911,10:59:03,11.63,--,20,23260,买盘
1912,10:58:57,11.63,0.01,114,132582,买盘
1913,10:58:54,11.62,-0.01,22,25564,卖盘
1914,10:58:51,11.63,0.01,5,5815,买盘
1915,10:58:48,11.62,--,22,25564,卖盘
1916,10:58:42,11.62,--,227,263774,卖盘
1917,10:58:39,11.62,--,50,58099,卖盘
1918,10:58:36,11.62,--,9,10458,卖盘
1919,10:58:30,11.62,--,5,5810,卖盘
1920,10:58:24,11.62,--,20,23240,卖盘
1921,10:58:15,11.62,-0.01,152,177077,卖盘
1922,10:58:12,11.63,-0.01,2,2326,买盘
1923,10:58:09,11.64,0.01,23,26772,买盘
1924,10:58:06,11.63,0.01,45,52335,买盘
1925,10:58:03,11.62,--,130,151060,买盘
1926,10:58:00,11.62,-0.01,39,45318,买盘
1927,10:57:54,11.63,--,206,239578,卖盘
1928,10:57:51,11.63,--,47,54661,卖盘
1929,10:57:48,11.63,0.01,128,148864,买盘
1930,10:57:42,11.62,--,8,9296,卖盘
1931,10:57:39,11.62,-0.01,3,3485,买盘
1932,10:57:36,11.63,0.01,343,398909,买盘
1933,10:57:33,11.62,-0.01,10,11620,卖盘
1934,10:57:30,11.63,--,21,24423,买盘
1935,10:57:27,11.63,0.03,230,268199,买盘
1936,10:57:24,11.6,-0.01,34,40217,卖盘
1937,10:57:18,11.61,--,23,27840,卖盘
1938,10:57:15,11.61,-0.01,48,55728,卖盘
1939,10:57:06,11.62,--,35,41076,卖盘
1940,10:57:03,11.62,--,48,55775,买盘
1941,10:57:00,11.62,--,8,9296,卖盘
1942,10:56:57,11.62,--,5,5810,卖盘
1943,10:56:54,11.62,0.01,110,127819,买盘
1944,10:56:51,11.61,-0.01,140,162540,卖盘
1945,10:56:48,11.62,--,32,37184,买盘
1946,10:56:45,11.62,0.01,27,31373,买盘
1947,10:56:42,11.61,--,91,105651,卖盘
1948,10:56:39,11.61,--,60,69660,卖盘
1949,10:56:36,11.61,--,9,10449,卖盘
1950,10:56:33,11.61,--,1,1161,卖盘
1951,10:56:30,11.61,-0.01,46,53406,卖盘
1952,10:56:27,11.62,--,122,141764,买盘
1953,10:56:24,11.62,--,81,94122,卖盘
1954,10:56:21,11.62,--,79,91798,卖盘
1955,10:56:18,11.62,--,38,44156,卖盘
1956,10:56:15,11.62,--,177,205674,买盘
1957,10:56:09,11.62,0.01,53,61585,买盘
1958,10:56:06,11.61,--,68,78948,卖盘
1959,10:56:03,11.61,-0.01,40,46440,卖盘
1960,10:56:00,11.62,0.01,5,5810,买盘
1961,10:55:57,11.61,-0.01,5,5805,中性盘
1962,10:55:51,11.62,0.01,182,211484,买盘
1963,10:55:48,11.61,--,54,62694,卖盘
1964,10:55:45,11.61,-0.01,30,34830,卖盘
1965,10:55:42,11.62,--,92,106904,买盘
1966,10:55:39,11.62,--,25,29049,买盘
1967,10:55:36,11.62,--,44,51128,买盘
1968,10:55:33,11.62,0.01,28,32535,买盘
1969,10:55:30,11.61,--,22,25542,买盘
1970,10:55:27,11.61,--,50,58050,买盘
1971,10:55:24,11.61,-0.01,343,398223,卖盘
1972,10:55:21,11.62,--,147,170814,买盘
1973,10:55:18,11.62,--,33,38346,买盘
1974,10:55:15,11.62,--,100,116199,买盘
1975,10:55:12,11.62,--,15,17430,买盘
1976,10:55:09,11.62,0.01,20,23240,买盘
1977,10:55:06,11.61,-0.01,41,47601,卖盘
1978,10:55:00,11.62,--,72,83664,买盘
1979,10:54:57,11.62,0.01,9,10458,买盘
1980,10:54:54,11.61,-0.01,1,1161,卖盘
1981,10:54:45,11.62,--,36,41832,买盘
1982,10:54:42,11.62,0.01,23,26726,买盘
1983,10:54:39,11.61,--,248,287928,买盘
1984,10:54:36,11.61,--,62,71982,买盘
1985,10:54:27,11.61,0.01,80,92880,买盘
1986,10:54:15,11.6,--,100,116000,卖盘
1987,10:54:06,11.6,--,169,196492,买盘
1988,10:54:03,11.6,--,207,240120,买盘
1989,10:54:00,11.6,--,122,141520,买盘
1990,10:53:57,11.6,--,5,5800,买盘
1991,10:53:54,11.6,--,702,814320,买盘
1992,10:53:51,11.6,--,16,18560,买盘
1993,10:53:48,11.6,--,1,1160,买盘
1994,10:53:45,11.6,--,21,24360,买盘
1995,10:53:42,11.6,--,4,4640,买盘
1996,10:53:39,11.6,0.01,3,3480,买盘
1997,10:53:36,11.59,--,9,10431,卖盘
1998,10:53:33,11.59,--,12,13908,卖盘
1999,10:53:30,11.59,--,21,24339,卖盘
2000,10:53:27,11.59,-0.01,3,3477,卖盘
2001,10:53:21,11.6,0.01,67,77720,买盘
2002,10:53:15,11.59,--,1,1159,卖盘
2003,10:53:12,11.59,-0.01,60,69540,买盘
2004,10:53:09,11.6,0.02,21,24360,买盘
2005,10:53:06,11.58,-0.02,14,16212,卖盘
2006,10:53:03,11.6,0.02,1138,1320080,买盘
2007,10:53:00,11.58,--,23,26634,卖盘
2008,10:52:54,11.58,--,248,287184,买盘
2009,10:52:51,11.58,--,6,6948,卖盘
2010,10:52:39,11.58,--,8,9264,买盘
2011,10:52:36,11.58,0.01,146,169068,中性盘
2012,10:52:33,11.57,-0.01,2,2314,卖盘
2013,10:52:30,11.58,--,189,218862,买盘
2014,10:52:21,11.58,--,13,15054,买盘
2015,10:52:09,11.58,-0.01,21,24318,中性盘
2016,10:52:00,11.59,0.01,116,134444,买盘
2017,10:51:54,11.58,--,12,13896,卖盘
2018,10:51:51,11.58,--,368,426144,买盘
2019,10:51:42,11.58,--,6,6948,买盘
2020,10:51:39,11.58,0.01,22,25476,买盘
2021,10:51:36,11.57,-0.01,9,10413,卖盘
2022,10:51:33,11.58,0.01,14,16212,买盘
2023,10:51:27,11.57,--,5,5785,卖盘
2024,10:51:24,11.57,--,37,42809,卖盘
2025,10:51:15,11.57,--,1,1157,卖盘
2026,10:51:12,11.57,-0.01,4,4628,卖盘
2027,10:51:09,11.58,--,21,24318,买盘
2028,10:51:06,11.58,--,37,42846,买盘
2029,10:51:03,11.58,--,7,8106,买盘
2030,10:50:51,11.58,--,7,8106,买盘
2031,10:50:45,11.58,--,27,31266,买盘
2032,10:50:42,11.58,0.01,21,24318,买盘
2033,10:50:36,11.57,--,9,10413,卖盘
2034,10:50:30,11.57,-0.01,28,32396,卖盘
2035,10:50:24,11.58,--,43,49794,买盘
2036,10:50:12,11.58,0.01,21,24318,买盘
2037,10:50:09,11.57,--,3,3471,卖盘
2038,10:50:06,11.57,--,9,10413,卖盘
2039,10:50:03,11.57,--,3,3471,卖盘
2040,10:50:00,11.57,--,1,1157,卖盘
2041,10:49:45,11.57,-0.01,34,39338,卖盘
2042,10:49:39,11.58,--,10,11580,买盘
2043,10:49:36,11.58,--,14,16212,买盘
2044,10:49:30,11.58,0.01,22,25476,买盘
2045,10:49:18,11.57,-0.01,70,80990,卖盘
2046,10:49:15,11.58,0.01,4,4632,买盘
2047,10:49:06,11.57,--,9,10413,卖盘
2048,10:49:00,11.57,--,1,1157,卖盘
2049,10:48:54,11.57,--,22,25454,卖盘
2050,10:48:48,11.57,-0.01,29,33553,卖盘
2051,10:48:42,11.58,--,7,8106,买盘
2052,10:48:39,11.58,0.01,64,74112,买盘
2053,10:48:36,11.57,--,9,10413,卖盘
2054,10:48:33,11.57,--,19,21983,卖盘
2055,10:48:30,11.57,--,1,1157,卖盘
2056,10:48:27,11.57,0.01,187,216359,买盘
2057,10:48:24,11.56,--,1,1156,卖盘
2058,10:48:21,11.56,-0.01,10,11560,卖盘
2059,10:48:18,11.57,0.01,41,47437,买盘
2060,10:48:15,11.56,--,2,2312,卖盘
2061,10:48:06,11.56,-0.01,9,10404,卖盘
2062,10:47:48,11.57,0.01,3,3471,买盘
2063,10:47:45,11.56,-0.01,3,3468,卖盘
2064,10:47:42,11.57,--,48,55536,买盘
2065,10:47:39,11.57,0.01,20,23140,买盘
2066,10:47:36,11.56,--,9,10404,卖盘
2067,10:47:33,11.56,--,100,115600,卖盘
2068,10:47:30,11.56,--,1,1156,卖盘
2069,10:47:27,11.56,--,10,11560,卖盘
2070,10:47:24,11.56,--,1,1156,卖盘
2071,10:47:21,11.56,--,40,46240,卖盘
2072,10:47:06,11.56,-0.01,10,11560,卖盘
2073,10:47:03,11.57,0.01,18,20826,买盘
2074,10:46:54,11.56,--,1,1156,卖盘
2075,10:46:48,11.56,-0.01,16,18496,卖盘
2076,10:46:45,11.57,--,20,23140,买盘
2077,10:46:36,11.57,0.01,185,214045,买盘
2078,10:46:30,11.56,--,57,65892,卖盘
2079,10:46:24,11.56,-0.01,3,3468,卖盘
2080,10:46:21,11.57,0.01,21,24297,买盘
2081,10:46:06,11.56,-0.01,9,10404,卖盘
2082,10:45:45,11.57,--,221,255697,买盘
2083,10:45:39,11.57,--,32,37024,买盘
2084,10:45:36,11.57,0.01,12,13884,买盘
2085,10:45:24,11.56,-0.01,3,3468,卖盘
2086,10:45:21,11.57,--,13,15041,卖盘
2087,10:45:18,11.57,-0.01,5,5785,卖盘
2088,10:45:15,11.58,0.01,21,24318,买盘
2089,10:45:06,11.57,--,14,16198,卖盘
2090,10:45:03,11.57,--,16,18512,卖盘
2091,10:45:00,11.57,-0.01,1,1157,卖盘
2092,10:44:57,11.58,0.01,21,24318,买盘
2093,10:44:54,11.57,--,45,52065,卖盘
2094,10:44:51,11.57,--,50,57850,卖盘
2095,10:44:48,11.57,--,3,3471,卖盘
2096,10:44:36,11.57,--,12,13884,卖盘
2097,10:44:30,11.57,--,1,1157,卖盘
2098,10:44:27,11.57,--,2,2314,卖盘
2099,10:44:15,11.57,--,1,1157,卖盘
2100,10:44:12,11.57,--,3,3471,卖盘
2101,10:44:09,11.57,--,13,15041,卖盘
2102,10:44:06,11.57,--,9,10413,卖盘
2103,10:44:03,11.57,--,96,111072,卖盘
2104,10:44:00,11.57,-0.01,1,1157,卖盘
2105,10:43:57,11.58,--,1,1158,买盘
2106,10:43:54,11.58,0.01,26,30108,买盘
2107,10:43:51,11.57,-0.01,7,8099,卖盘
2108,10:43:48,11.58,0.01,31,35898,买盘
2109,10:43:36,11.57,--,9,10413,卖盘
2110,10:43:30,11.57,--,1,1157,卖盘
2111,10:43:09,11.57,--,18,20826,卖盘
2112,10:43:06,11.57,-0.01,9,10413,卖盘
2113,10:43:03,11.58,0.01,20,23160,买盘
2114,10:43:00,11.57,-0.01,51,59007,卖盘
2115,10:42:48,11.58,0.01,1,1158,买盘
2116,10:42:45,11.57,--,1,1157,卖盘
2117,10:42:36,11.57,--,9,10413,卖盘
2118,10:42:33,11.57,--,1,1157,卖盘
2119,10:42:30,11.57,--,1,1157,卖盘
2120,10:42:24,11.57,--,1,1157,卖盘
2121,10:42:06,11.57,--,178,205946,卖盘
2122,10:41:57,11.57,--,3,3471,卖盘
2123,10:41:48,11.57,--,5,5785,卖盘
2124,10:41:42,11.57,--,71,82147,卖盘
2125,10:41:36,11.57,--,22,25454,卖盘
2126,10:41:30,11.57,--,7,8099,卖盘
2127,10:41:27,11.57,--,124,143468,卖盘
2128,10:41:24,11.57,--,2,2314,卖盘
2129,10:41:18,11.57,--,15,17355,卖盘
2130,10:41:15,11.57,--,50,57850,卖盘
2131,10:41:06,11.57,--,9,10413,卖盘
2132,10:40:54,11.57,--,29,33553,卖盘
2133,10:40:45,11.57,--,3,3471,卖盘
2134,10:40:42,11.57,--,13,15041,买盘
2135,10:40:36,11.57,--,39,45123,买盘
2136,10:40:30,11.57,0.01,89,102973,买盘
2137,10:40:24,11.56,--,1,1156,卖盘
2138,10:40:09,11.56,-0.01,10,11560,卖盘
2139,10:40:06,11.57,0.01,11,12727,买盘
2140,10:39:54,11.56,--,1,1156,卖盘
2141,10:39:48,11.56,--,20,23120,卖盘
2142,10:39:39,11.56,--,3,3468,卖盘
2143,10:39:30,11.56,-0.02,1,1156,卖盘
2144,10:39:27,11.58,0.02,126,145908,买盘
2145,10:39:24,11.56,-0.01,2,2312,卖盘
2146,10:39:06,11.57,0.01,29,33553,买盘
2147,10:38:54,11.56,-0.01,11,12716,卖盘
2148,10:38:51,11.57,--,6,6942,买盘
2149,10:38:42,11.57,0.01,2,2314,中性盘
2150,10:38:33,11.56,-0.01,142,164152,卖盘
2151,10:38:30,11.57,-0.01,3,3471,卖盘
2152,10:38:24,11.58,--,23,26634,买盘
2153,10:38:21,11.58,0.02,32,37056,买盘
2154,10:38:18,11.56,-0.01,5,5780,卖盘
2155,10:38:09,11.57,0.01,5,5785,买盘
2156,10:38:06,11.56,-0.01,25,28900,卖盘
2157,10:38:00,11.57,--,2,2314,买盘
2158,10:37:57,11.57,0.01,1,1157,买盘
2159,10:37:54,11.56,-0.01,2,2312,卖盘
2160,10:37:42,11.57,--,10,11570,买盘
2161,10:37:39,11.57,--,6,6942,卖盘
2162,10:37:36,11.57,--,9,10413,卖盘
2163,10:37:24,11.57,-0.01,3,3471,卖盘
2164,10:37:21,11.58,--,24,27792,卖盘
2165,10:37:12,11.58,--,35,40530,卖盘
2166,10:37:06,11.58,--,9,10422,卖盘
2167,10:37:00,11.58,--,2,2316,卖盘
2168,10:36:45,11.58,-0.01,1,1158,中性盘
2169,10:36:42,11.59,0.04,50,57950,买盘
2170,10:36:30,11.55,--,11,12705,卖盘
2171,10:36:27,11.55,-0.04,53,61215,卖盘
2172,10:36:24,11.59,0.04,1235,1431365,买盘
2173,10:36:21,11.55,-0.02,35,40425,卖盘
2174,10:36:18,11.57,0.02,2100,2429700,买盘
2175,10:36:15,11.55,-0.01,4,4620,卖盘
2176,10:36:12,11.56,0.01,2,2312,买盘
2177,10:36:09,11.55,--,21,24255,卖盘
2178,10:36:06,11.55,--,9,10395,卖盘
2179,10:36:00,11.55,--,1,1155,卖盘
2180,10:35:54,11.55,--,1,1155,卖盘
2181,10:35:45,11.55,--,6,6930,卖盘
2182,10:35:39,11.55,-0.01,1,1155,卖盘
2183,10:35:36,11.56,0.01,17,19652,买盘
2184,10:35:33,11.55,--,28,32340,卖盘
2185,10:35:30,11.55,--,123,142065,卖盘
2186,10:35:24,11.55,-0.01,1,1155,卖盘
2187,10:35:18,11.56,0.01,20,23120,买盘
2188,10:35:12,11.55,-0.01,53,61215,卖盘
2189,10:35:09,11.56,0.01,16,18496,买盘
2190,10:35:06,11.55,--,9,10395,卖盘
2191,10:35:03,11.55,--,10,11550,卖盘
2192,10:34:57,11.55,-0.01,1,1155,卖盘
2193,10:34:54,11.56,0.01,12,14450,买盘
2194,10:34:51,11.55,--,4,4620,卖盘
2195,10:34:45,11.55,--,13,15015,卖盘
2196,10:34:36,11.55,-0.01,22,25410,卖盘
2197,10:34:33,11.56,0.01,100,115600,买盘
2198,10:34:30,11.55,-0.01,17,19635,卖盘
2199,10:34:27,11.56,0.01,4,4624,买盘
2200,10:34:24,11.55,--,1,1155,卖盘
2201,10:34:21,11.55,--,10,11550,卖盘
2202,10:34:15,11.55,--,5,5775,卖盘
2203,10:34:12,11.55,--,10,11550,卖盘
2204,10:34:09,11.55,--,20,23100,卖盘
2205,10:34:06,11.55,--,9,10395,卖盘
2206,10:34:03,11.55,--,3,3465,卖盘
2207,10:34:00,11.55,--,2,2310,卖盘
2208,10:33:54,11.55,-0.01,1,1155,卖盘
2209,10:33:51,11.56,0.01,5,5780,买盘
2210,10:33:48,11.55,--,5,5775,卖盘
2211,10:33:36,11.55,-0.01,23,26565,卖盘
2212,10:33:33,11.56,--,2,2312,买盘
2213,10:33:27,11.56,0.01,7,8092,买盘
2214,10:33:24,11.55,--,1,1155,卖盘
2215,10:33:06,11.55,--,9,10395,卖盘
2216,10:33:00,11.55,-0.01,3,3465,卖盘
2217,10:32:51,11.56,--,555,642504,卖盘
2218,10:32:48,11.56,--,20,23120,卖盘
2219,10:32:45,11.56,--,13,15490,卖盘
2220,10:32:42,11.56,--,5,5780,卖盘
2221,10:32:36,11.56,--,9,10404,卖盘
2222,10:32:33,11.56,-0.01,345,398820,卖盘
2223,10:32:30,11.57,--,19,21983,买盘
2224,10:32:27,11.57,0.01,6,6942,买盘
2225,10:32:24,11.56,--,42,48552,卖盘
2226,10:32:21,11.56,--,3,3468,卖盘
2227,10:32:15,11.56,-0.01,15,17802,卖盘
2228,10:32:06,11.57,0.01,5,5912,买盘
2229,10:32:03,11.56,-0.01,65,75706,卖盘
2230,10:32:00,11.57,--,1,1157,卖盘
2231,10:31:57,11.57,--,10,11570,卖盘
2232,10:31:51,11.57,0.01,26,31007,买盘
2233,10:31:48,11.56,-0.01,4,4624,卖盘
2234,10:31:39,11.57,--,1,1157,买盘
2235,10:31:36,11.57,--,14,16429,卖盘
2236,10:31:33,11.57,--,37,42809,卖盘
2237,10:31:30,11.57,-0.01,1,1157,卖盘
2238,10:31:27,11.58,0.01,6,6948,买盘
2239,10:31:24,11.57,--,5,5785,卖盘
2240,10:31:18,11.57,--,1,1157,卖盘
2241,10:31:15,11.57,-0.01,3,3471,卖盘
2242,10:31:12,11.58,0.01,2,2316,买盘
2243,10:31:09,11.57,--,40,46280,卖盘
2244,10:31:06,11.57,--,9,10413,卖盘
2245,10:31:03,11.57,--,30,35392,卖盘
2246,10:31:00,11.57,-0.01,12,14821,卖盘
2247,10:30:54,11.58,0.01,49,56742,买盘
2248,10:30:48,11.57,--,43,49751,卖盘
2249,10:30:45,11.57,--,1,1157,卖盘
2250,10:30:39,11.57,--,3,3471,卖盘
2251,10:30:36,11.57,--,21,24759,卖盘
2252,10:30:30,11.57,--,67,77519,卖盘
2253,10:30:24,11.57,-0.01,1,1157,卖盘
2254,10:30:09,11.58,0.01,1,1158,买盘
2255,10:30:06,11.57,--,9,10413,卖盘
2256,10:30:00,11.57,--,63,72891,卖盘
2257,10:29:57,11.57,-0.01,10,11570,卖盘
2258,10:29:48,11.58,--,112,130228,卖盘
2259,10:29:45,11.58,--,41,48103,买盘
2260,10:29:42,11.58,--,12,14428,卖盘
2261,10:29:39,11.58,--,94,108852,卖盘
2262,10:29:36,11.58,--,9,10422,卖盘
2263,10:29:33,11.58,--,10,11580,卖盘
2264,10:29:30,11.58,--,111,128538,卖盘
2265,10:29:24,11.58,--,65,75270,卖盘
2266,10:29:15,11.58,--,6,6948,卖盘
2267,10:29:09,11.58,--,135,156330,卖盘
2268,10:29:06,11.58,--,9,10422,卖盘
2269,10:29:00,11.58,--,13,15054,卖盘
2270,10:28:57,11.58,0.01,271,314443,买盘
2271,10:28:54,11.57,-0.01,1,1157,卖盘
2272,10:28:45,11.58,0.01,24,27792,买盘
2273,10:28:42,11.57,--,15,17355,卖盘
2274,10:28:36,11.57,--,9,10413,卖盘
2275,10:28:30,11.57,--,16,18512,卖盘
2276,10:28:27,11.57,--,3,3471,卖盘
2277,10:28:24,11.57,-0.01,1,1157,卖盘
2278,10:28:21,11.58,0.01,20,23160,买盘
2279,10:28:15,11.57,-0.01,16,18512,卖盘
2280,10:28:09,11.58,0.01,9,10422,买盘
2281,10:28:06,11.57,-0.01,9,10413,卖盘
2282,10:28:03,11.58,--,6,6948,买盘
2283,10:28:00,11.58,0.01,10,11580,买盘
2284,10:27:54,11.57,-0.01,2,2314,卖盘
2285,10:27:45,11.58,0.01,145,167910,买盘
2286,10:27:42,11.57,--,169,195533,卖盘
2287,10:27:39,11.57,--,3,3471,买盘
2288,10:27:36,11.57,--,37,42809,卖盘
2289,10:27:21,11.57,0.01,108,124956,买盘
2290,10:27:18,11.56,-0.01,3,3468,卖盘
2291,10:27:15,11.57,--,40,46280,买盘
2292,10:27:12,11.57,--,13,15041,买盘
2293,10:27:09,11.57,--,10,11570,买盘
2294,10:27:06,11.57,--,13,15041,买盘
2295,10:27:03,11.57,--,66,76362,买盘
2296,10:27:00,11.57,--,5,5785,买盘
2297,10:26:54,11.57,--,36,41652,买盘
2298,10:26:51,11.57,--,6,6942,买盘
2299,10:26:48,11.57,-0.01,302,349414,卖盘
2300,10:26:45,11.58,--,100,115800,买盘
2301,10:26:36,11.58,0.01,42,48636,买盘
2302,10:26:30,11.57,--,376,435032,卖盘
2303,10:26:24,11.57,--,385,445445,买盘
2304,10:26:18,11.57,--,7,8099,买盘
2305,10:26:12,11.57,0.01,40,46280,买盘
2306,10:26:09,11.56,--,3,3468,卖盘
2307,10:26:06,11.56,-0.01,9,10404,卖盘
2308,10:25:57,11.57,0.01,101,116857,买盘
2309,10:25:54,11.56,--,2,2312,卖盘
2310,10:25:48,11.56,--,10,11560,卖盘
2311,10:25:36,11.56,-0.01,9,10404,卖盘
2312,10:25:27,11.57,0.01,5,5785,买盘
2313,10:25:24,11.56,--,1,1156,卖盘
2314,10:25:09,11.56,-0.01,11,12716,卖盘
2315,10:25:06,11.57,--,10,11570,买盘
2316,10:25:03,11.57,0.01,123,142311,买盘
2317,10:25:00,11.56,-0.01,13,15028,卖盘
2318,10:24:48,11.57,--,33,38181,买盘
2319,10:24:42,11.57,0.01,40,46280,买盘
2320,10:24:39,11.56,--,110,127160,卖盘
2321,10:24:36,11.56,-0.01,9,10404,卖盘
2322,10:24:33,11.57,--,145,167765,买盘
2323,10:24:30,11.57,--,122,141154,买盘
2324,10:24:27,11.57,--,7,8099,买盘
2325,10:24:24,11.57,0.01,33,38181,买盘
2326,10:24:15,11.56,--,1,1156,卖盘
2327,10:24:09,11.56,--,30,34680,卖盘
2328,10:24:06,11.56,-0.01,9,10404,卖盘
2329,10:24:00,11.57,0.01,6,6942,买盘
2330,10:23:57,11.56,--,1,1156,卖盘
2331,10:23:54,11.56,-0.01,3,3468,卖盘
2332,10:23:51,11.57,--,51,59007,买盘
2333,10:23:45,11.57,--,21,24297,买盘
2334,10:23:39,11.57,0.01,10,11570,买盘
2335,10:23:36,11.56,-0.01,92,106352,卖盘
2336,10:23:33,11.57,0.01,1,1157,买盘
2337,10:23:30,11.56,-0.01,1,1156,卖盘
2338,10:23:21,11.57,0.01,10,11570,买盘
2339,10:23:12,11.56,-0.01,67,77452,卖盘
2340,10:23:09,11.57,0.01,23,26611,买盘
2341,10:23:06,11.56,-0.01,20,23120,卖盘
2342,10:23:03,11.57,0.01,20,23140,买盘
2343,10:23:00,11.56,--,1,1156,卖盘
2344,10:22:57,11.56,--,11,12716,买盘
2345,10:22:54,11.56,0.01,5,5780,买盘
2346,10:22:45,11.55,-0.01,3,3465,卖盘
2347,10:22:42,11.56,0.01,5,5780,买盘
2348,10:22:36,11.55,-0.01,21,24255,卖盘
2349,10:22:33,11.56,--,50,57800,买盘
2350,10:22:30,11.56,--,46,53176,买盘
2351,10:22:27,11.56,0.01,25,28900,买盘
2352,10:22:24,11.55,--,5,5775,卖盘
2353,10:22:18,11.55,--,8,9240,卖盘
2354,10:22:15,11.55,--,11,12705,卖盘
2355,10:22:06,11.55,--,9,10395,卖盘
2356,10:22:03,11.55,0.01,29,34419,买盘
2357,10:21:54,11.54,-0.01,7,8077,卖盘
2358,10:21:51,11.55,--,2,2310,买盘
2359,10:21:45,11.55,--,13,15015,买盘
2360,10:21:42,11.55,0.01,103,118965,买盘
2361,10:21:39,11.54,-0.01,3,3461,卖盘
2362,10:21:36,11.55,-0.02,16,18480,买盘
2363,10:21:27,11.57,--,43,49982,卖盘
2364,10:21:24,11.57,0.02,332,385049,买盘
2365,10:21:18,11.55,0.01,395,456225,买盘
2366,10:21:09,11.54,--,12,13847,卖盘
2367,10:21:06,11.54,0.01,9,10386,中性盘
2368,10:20:54,11.53,--,1,1153,卖盘
2369,10:20:51,11.53,-0.02,100,115300,卖盘
2370,10:20:48,11.55,0.01,10,11550,买盘
2371,10:20:45,11.54,0.01,1,1154,中性盘
2372,10:20:30,11.53,--,16,18448,卖盘
2373,10:20:24,11.53,-0.02,21,24213,卖盘
2374,10:20:21,11.55,0.01,207,239731,买盘
2375,10:20:15,11.54,0.01,5,5770,买盘
2376,10:20:12,11.53,--,2,2767,卖盘
2377,10:20:06,11.53,--,11,12683,卖盘
2378,10:20:03,11.53,-0.01,30,34590,卖盘
2379,10:19:51,11.54,0.01,10,11540,买盘
2380,10:19:36,11.53,-0.01,9,10377,卖盘
2381,10:19:33,11.54,0.01,9,10386,买盘
2382,10:19:24,11.53,-0.01,29,33437,卖盘
2383,10:19:21,11.54,0.01,378,436211,买盘
2384,10:19:18,11.53,--,26,29978,卖盘
2385,10:19:06,11.53,--,9,10377,卖盘
2386,10:19:03,11.53,--,2,2306,卖盘
2387,10:19:00,11.53,--,1,1153,卖盘
2388,10:18:57,11.53,--,2,2306,卖盘
2389,10:18:54,11.53,--,335,386255,卖盘
2390,10:18:51,11.53,--,20,23060,卖盘
2391,10:18:39,11.53,--,17,19601,卖盘
2392,10:18:33,11.53,-0.01,675,778275,卖盘
2393,10:18:30,11.54,--,17,19618,中性盘
2394,10:18:21,11.54,0.01,12,13847,买盘
2395,10:18:15,11.53,-0.01,22,25366,卖盘
2396,10:18:06,11.54,0.01,24,27695,买盘
2397,10:18:00,11.53,--,1,1153,卖盘
2398,10:17:57,11.53,-0.02,9,10377,卖盘
2399,10:17:51,11.55,0.02,10,11550,买盘
2400,10:17:48,11.53,--,10,11530,卖盘
2401,10:17:45,11.53,0.01,347,400091,买盘
2402,10:17:36,11.52,--,9,10368,卖盘
2403,10:17:30,11.52,-0.01,1,1152,卖盘
2404,10:17:24,11.53,-0.02,298,343594,卖盘
2405,10:17:15,11.55,0.02,66,76230,买盘
2406,10:17:12,11.53,--,15,17295,卖盘
2407,10:17:06,11.53,--,22,25366,卖盘
2408,10:17:03,11.53,-0.01,4,4612,卖盘
2409,10:17:00,11.54,0.01,4,4616,买盘
2410,10:16:57,11.53,--,21,24213,卖盘
2411,10:16:54,11.53,--,1,1153,卖盘
2412,10:16:51,11.53,-0.01,1,1153,卖盘
2413,10:16:48,11.54,--,98,113091,买盘
2414,10:16:45,11.54,--,16,18464,卖盘
2415,10:16:42,11.54,--,8,9232,买盘
2416,10:16:36,11.54,0.01,1,1154,中性盘
2417,10:16:33,11.53,-0.02,1,1153,卖盘
2418,10:16:30,11.55,0.02,17,19635,买盘
2419,10:16:27,11.53,-0.02,1,1153,卖盘
2420,10:16:21,11.55,0.02,91,105105,买盘
2421,10:16:09,11.53,-0.01,57,65721,卖盘
2422,10:16:06,11.54,-0.01,9,10386,中性盘
2423,10:16:03,11.55,0.01,230,265650,买盘
2424,10:16:00,11.54,-0.01,4,4616,卖盘
2425,10:15:57,11.55,0.01,14,16170,买盘
2426,10:15:54,11.54,--,1,1154,卖盘
2427,10:15:42,11.54,--,113,130401,卖盘
2428,10:15:39,11.54,--,8,9232,卖盘
2429,10:15:36,11.54,--,9,10386,卖盘
2430,10:15:30,11.54,--,1,1154,中性盘
2431,10:15:21,11.54,--,236,272344,买盘
2432,10:15:15,11.54,0.01,67,77318,买盘
2433,10:15:12,11.53,--,8,9224,卖盘
2434,10:15:09,11.53,--,54,62262,卖盘
2435,10:15:06,11.53,--,9,10377,卖盘
2436,10:15:03,11.53,--,5,5765,卖盘
2437,10:15:00,11.53,--,19,21907,卖盘
2438,10:14:57,11.53,-0.01,136,156808,卖盘
2439,10:14:51,11.54,--,11,12693,买盘
2440,10:14:48,11.54,0.01,4,4616,买盘
2441,10:14:36,11.53,--,9,10377,卖盘
2442,10:14:30,11.53,--,17,19601,卖盘
2443,10:14:24,11.53,--,17,19601,卖盘
2444,10:14:15,11.53,--,90,103770,卖盘
2445,10:14:09,11.53,-0.01,54,62262,卖盘
2446,10:14:06,11.54,--,23,26541,买盘
2447,10:14:03,11.54,--,5,5770,买盘
2448,10:14:00,11.54,--,20,23080,买盘
2449,10:13:57,11.54,--,178,205411,卖盘
2450,10:13:54,11.54,--,1,1154,卖盘
2451,10:13:51,11.54,--,10,11540,卖盘
2452,10:13:42,11.54,--,3,3461,卖盘
2453,10:13:36,11.54,-0.01,9,10386,卖盘
2454,10:13:33,11.55,0.01,11,12705,买盘
2455,10:13:30,11.54,-0.01,1,1154,卖盘
2456,10:13:27,11.55,0.01,1,1155,买盘
2457,10:13:24,11.54,--,2,2308,卖盘
2458,10:13:21,11.54,--,1,1154,卖盘
2459,10:13:09,11.54,--,54,62315,卖盘
2460,10:13:06,11.54,--,9,10386,卖盘
2461,10:13:03,11.54,--,2,2308,卖盘
2462,10:12:54,11.54,-0.01,26,30003,卖盘
2463,10:12:51,11.55,0.01,10,11550,买盘
2464,10:12:48,11.54,--,35,40390,卖盘
2465,10:12:45,11.54,--,37,42698,卖盘
2466,10:12:42,11.54,--,4,4616,卖盘
2467,10:12:39,11.54,--,30,34620,卖盘
2468,10:12:36,11.54,--,12,13847,卖盘
2469,10:12:27,11.54,-0.01,16,18464,卖盘
2470,10:12:24,11.55,0.01,25,28875,买盘
2471,10:12:21,11.54,--,25,28849,买盘
2472,10:12:18,11.54,--,35,40390,买盘
2473,10:12:09,11.54,--,79,91166,买盘
2474,10:12:06,11.54,0.01,37,42698,买盘
2475,10:12:03,11.53,-0.01,5,5765,卖盘
2476,10:12:00,11.54,0.01,2,2308,买盘
2477,10:11:54,11.53,-0.01,65,74945,卖盘
2478,10:11:42,11.54,--,41,47314,卖盘
2479,10:11:36,11.54,0.01,9,10386,卖盘
2480,10:11:33,11.53,--,2,2306,卖盘
2481,10:11:30,11.53,-0.02,3,3459,卖盘
2482,10:11:24,11.55,0.01,195,225225,买盘
2483,10:11:21,11.54,0.01,37,42698,买盘
2484,10:11:15,11.53,--,1,1153,卖盘
2485,10:11:12,11.53,-0.01,12,13836,卖盘
2486,10:11:09,11.54,0.01,6,6923,买盘
2487,10:11:06,11.53,--,22,25366,卖盘
2488,10:10:54,11.53,-0.01,1,1153,卖盘
2489,10:10:51,11.54,--,20,23080,买盘
2490,10:10:42,11.54,0.01,17,19618,中性盘
2491,10:10:27,11.53,--,92,106076,卖盘
2492,10:10:24,11.53,--,1,1153,卖盘
2493,10:10:21,11.53,-0.01,3,3459,卖盘
2494,10:10:15,11.54,0.01,10,11540,买盘
2495,10:10:06,11.53,-0.01,9,10377,卖盘
2496,10:10:03,11.54,--,9,10386,买盘
2497,10:10:00,11.54,--,6,6923,买盘
2498,10:09:54,11.54,--,4,4616,卖盘
2499,10:09:51,11.54,0.01,1,1154,买盘
2500,10:09:45,11.53,-0.02,60,69180,卖盘
2501,10:09:42,11.55,0.02,347,400785,买盘
2502,10:09:36,11.53,-0.01,9,10377,卖盘
2503,10:09:33,11.54,--,40,46160,买盘
2504,10:09:30,11.54,0.01,114,131556,买盘
2505,10:09:27,11.53,--,139,161189,卖盘
2506,10:09:24,11.53,--,1,1153,卖盘
2507,10:09:21,11.53,-0.01,13,14989,卖盘
2508,10:09:12,11.54,--,5,5770,买盘
2509,10:09:09,11.54,0.01,10,11540,买盘
2510,10:09:06,11.53,-0.01,19,21907,卖盘
2511,10:09:03,11.54,--,3,3461,买盘
2512,10:08:57,11.54,--,35,40390,买盘
2513,10:08:54,11.54,0.01,36,41544,买盘
2514,10:08:51,11.53,--,10,11530,卖盘
2515,10:08:48,11.53,--,1,1153,卖盘
2516,10:08:39,11.53,--,2,2306,卖盘
2517,10:08:36,11.53,--,9,10377,卖盘
2518,10:08:30,11.53,--,20,23060,卖盘
2519,10:08:27,11.53,--,16,18448,卖盘
2520,10:08:24,11.53,--,1,1153,卖盘
2521,10:08:15,11.53,-0.01,3,3459,卖盘
2522,10:08:12,11.54,0.01,20,23080,买盘
2523,10:08:06,11.53,-0.01,22,25366,卖盘
2524,10:07:57,11.54,--,1,1154,买盘
2525,10:07:48,11.54,--,60,69240,买盘
2526,10:07:45,11.54,--,10,11540,买盘
2527,10:07:36,11.54,-0.01,75,86550,卖盘
2528,10:07:33,11.55,--,9,10395,卖盘
2529,10:07:24,11.55,0.01,14,16170,买盘
2530,10:07:15,11.54,--,2,2308,卖盘
2531,10:07:12,11.54,--,17,19618,买盘
2532,10:07:09,11.54,--,174,200795,买盘
2533,10:07:06,11.54,0.01,154,177716,买盘
2534,10:07:03,11.53,--,9,10377,卖盘
2535,10:07:00,11.53,-0.01,10,11530,卖盘
2536,10:06:54,11.54,--,40,46160,买盘
2537,10:06:51,11.54,--,72,83088,买盘
2538,10:06:48,11.54,--,19,21926,买盘
2539,10:06:42,11.54,--,142,163868,卖盘
2540,10:06:39,11.54,-0.02,60,69240,卖盘
2541,10:06:36,11.56,0.01,14,16184,买盘
2542,10:06:33,11.55,--,7,8085,卖盘
2543,10:06:27,11.55,-0.01,16,18480,卖盘
2544,10:06:24,11.56,-0.01,2,2312,中性盘
2545,10:06:21,11.57,0.01,20,23140,买盘
2546,10:06:18,11.56,0.01,10,11560,买盘
2547,10:06:15,11.55,-0.01,21,24255,卖盘
2548,10:06:09,11.56,--,8,9248,买盘
2549,10:06:06,11.56,0.01,4,4624,中性盘
2550,10:05:57,11.55,-0.02,3,3465,卖盘
2551,10:05:54,11.57,--,26,30082,买盘
2552,10:05:51,11.57,--,512,592615,卖盘
2553,10:05:42,11.57,--,45,52065,卖盘
2554,10:05:39,11.57,0.02,182,211499,买盘
2555,10:05:33,11.55,0.02,155,179025,买盘
2556,10:05:30,11.53,-0.01,30,34590,卖盘
2557,10:05:27,11.54,0.01,2,2308,中性盘
2558,10:05:24,11.53,-0.03,3,3459,卖盘
2559,10:05:21,11.56,0.03,1500,1734000,买盘
2560,10:05:06,11.53,-0.01,17,19601,卖盘
2561,10:05:03,11.54,-0.01,5,5770,中性盘
2562,10:05:00,11.55,0.02,34,39270,买盘
2563,10:04:54,11.53,-0.01,103,118759,卖盘
2564,10:04:51,11.54,--,2,2308,卖盘
2565,10:04:45,11.54,-0.01,5,5770,卖盘
2566,10:04:39,11.55,0.01,46,53130,买盘
2567,10:04:33,11.54,--,24,27695,卖盘
2568,10:04:30,11.54,0.01,1,1154,中性盘
2569,10:04:27,11.53,-0.02,16,18448,卖盘
2570,10:04:24,11.55,0.01,25,28875,买盘
2571,10:04:21,11.54,-0.01,7,8077,卖盘
2572,10:04:18,11.55,0.01,46,53130,买盘
2573,10:04:06,11.54,--,5,5770,卖盘
2574,10:04:03,11.54,0.01,108,124631,买盘
2575,10:03:54,11.53,--,1,1153,卖盘
2576,10:03:45,11.53,-0.01,15,17525,卖盘
2577,10:03:42,11.54,--,60,69240,买盘
2578,10:03:36,11.54,0.01,26,30003,买盘
2579,10:03:33,11.53,--,13,14989,卖盘
2580,10:03:30,11.53,0.01,47,54191,买盘
2581,10:03:24,11.52,--,54,62208,卖盘
2582,10:03:18,11.52,--,110,126720,卖盘
2583,10:03:12,11.52,0.01,239,275328,买盘
2584,10:03:09,11.51,--,10,11510,卖盘
2585,10:03:06,11.51,--,5,5755,卖盘
2586,10:03:03,11.51,-0.01,15,17265,卖盘
2587,10:03:00,11.52,0.01,4,4608,买盘
2588,10:02:54,11.51,-0.01,15,17265,卖盘
2589,10:02:48,11.52,--,50,57600,买盘
2590,10:02:45,11.52,--,51,58752,买盘
2591,10:02:42,11.52,0.01,64,73728,买盘
2592,10:02:36,11.51,--,14,16114,卖盘
2593,10:02:33,11.51,-0.01,9,10359,卖盘
2594,10:02:30,11.52,--,42,48384,卖盘
2595,10:02:27,11.52,--,16,18432,卖盘
2596,10:02:24,11.52,-0.01,45,51840,卖盘
2597,10:02:21,11.53,--,5,5765,买盘
2598,10:02:18,11.53,0.01,173,199469,买盘
2599,10:02:09,11.52,--,20,23040,卖盘
2600,10:02:06,11.52,--,43,49536,卖盘
2601,10:02:03,11.52,-0.01,22,25344,卖盘
2602,10:02:00,11.53,0.01,32,36896,买盘
2603,10:01:54,11.52,-0.01,2,2304,卖盘
2604,10:01:51,11.53,0.01,10,11530,买盘
2605,10:01:48,11.52,--,8,9216,卖盘
2606,10:01:45,11.52,--,28,32256,卖盘
2607,10:01:39,11.52,--,4,4608,卖盘
2608,10:01:36,11.52,--,33,38016,卖盘
2609,10:01:33,11.52,--,22,25344,卖盘
2610,10:01:30,11.52,--,21,24192,卖盘
2611,10:01:27,11.52,-0.01,13,14976,卖盘
2612,10:01:21,11.53,--,3,3459,买盘
2613,10:01:18,11.53,--,10,11530,买盘
2614,10:01:12,11.53,--,6,6918,买盘
2615,10:01:06,11.53,0.01,16,18448,买盘
2616,10:01:03,11.52,--,9,10368,卖盘
2617,10:00:54,11.52,-0.01,43,49536,卖盘
2618,10:00:48,11.53,--,18,20754,卖盘
2619,10:00:45,11.53,--,32,36896,卖盘
2620,10:00:42,11.53,--,5,5765,卖盘
2621,10:00:39,11.53,--,1,1153,买盘
2622,10:00:36,11.53,--,4,4612,买盘
2623,10:00:33,11.53,--,68,78404,卖盘
2624,10:00:30,11.53,--,12,13836,卖盘
2625,10:00:27,11.53,-0.01,17,19601,卖盘
2626,10:00:24,11.54,0.01,1,1154,买盘
2627,10:00:21,11.53,-0.01,41,47273,卖盘
2628,10:00:06,11.54,--,30,34620,卖盘
2629,10:00:03,11.54,--,9,10386,卖盘
2630,10:00:00,11.54,--,2,2308,卖盘
2631,09:59:57,11.54,--,500,577000,卖盘
2632,09:59:54,11.54,-0.01,1,1154,卖盘
2633,09:59:51,11.55,--,1,1155,买盘
2634,09:59:45,11.55,0.01,2,2310,买盘
2635,09:59:33,11.54,--,9,10386,卖盘
2636,09:59:30,11.54,--,10,11540,卖盘
2637,09:59:27,11.54,--,5,5770,卖盘
2638,09:59:21,11.54,--,6,6923,卖盘
2639,09:59:18,11.54,--,291,335814,买盘
2640,09:59:15,11.54,--,24,27695,买盘
2641,09:59:12,11.54,--,10,11540,买盘
2642,09:59:09,11.54,0.01,83,95782,买盘
2643,09:59:06,11.53,--,13,14989,卖盘
2644,09:59:03,11.53,-0.01,10,11530,卖盘
2645,09:58:57,11.54,--,50,57699,买盘
2646,09:58:51,11.54,--,200,230799,买盘
2647,09:58:48,11.54,0.01,5,5770,买盘
2648,09:58:45,11.53,--,1,1153,卖盘
2649,09:58:39,11.53,--,80,92240,卖盘
2650,09:58:33,11.53,--,9,10377,卖盘
2651,09:58:30,11.53,--,1,1153,卖盘
2652,09:58:27,11.53,--,16,18448,卖盘
2653,09:58:24,11.53,-0.01,1,1153,卖盘
2654,09:58:21,11.54,0.01,4,4616,买盘
2655,09:58:15,11.53,--,1,1153,卖盘
2656,09:58:12,11.53,--,43,49579,卖盘
2657,09:58:03,11.53,-0.01,9,10377,卖盘
2658,09:58:00,11.54,0.02,20,23080,买盘
2659,09:57:48,11.52,-0.01,73,84096,卖盘
2660,09:57:42,11.53,--,142,164648,买盘
2661,09:57:39,11.53,0.01,67,77251,买盘
2662,09:57:33,11.52,-0.01,45,51840,卖盘
2663,09:57:30,11.53,--,4,4612,买盘
2664,09:57:27,11.53,--,13,14989,买盘
2665,09:57:24,11.53,--,25,28825,买盘
2666,09:57:21,11.53,0.01,2,2306,买盘
2667,09:57:15,11.52,--,5,5760,卖盘
2668,09:57:03,11.52,--,9,10368,卖盘
2669,09:57:00,11.52,0.01,139,160243,买盘
2670,09:56:57,11.51,--,3,3453,卖盘
2671,09:56:54,11.51,--,21,24171,卖盘
2672,09:56:51,11.51,-0.01,2,2302,卖盘
2673,09:56:48,11.52,0.01,100,115200,买盘
2674,09:56:42,11.51,-0.01,5,5755,卖盘
2675,09:56:36,11.52,0.02,97,112677,买盘
2676,09:56:33,11.5,--,10,11500,卖盘
2677,09:56:30,11.5,-0.01,39,44850,卖盘
2678,09:56:27,11.51,0.01,302,347602,买盘
2679,09:56:24,11.5,--,1,1150,卖盘
2680,09:56:21,11.5,--,2,2300,卖盘
2681,09:56:18,11.5,--,127,146050,买盘
2682,09:56:15,11.5,--,4,4600,买盘
2683,09:56:12,11.5,--,1,1150,买盘
2684,09:56:09,11.5,--,274,315100,卖盘
2685,09:56:06,11.5,--,13,14950,卖盘
2686,09:56:03,11.5,--,19,21850,卖盘
2687,09:56:00,11.5,--,8,9200,卖盘
2688,09:55:54,11.5,-0.01,31,35650,卖盘
2689,09:55:45,11.51,0.01,10,11510,买盘
2690,09:55:39,11.5,--,61,70150,卖盘
2691,09:55:33,11.5,--,9,10350,卖盘
2692,09:55:30,11.5,--,53,60950,卖盘
2693,09:55:27,11.5,--,77,88550,卖盘
2694,09:55:24,11.5,--,51,58650,卖盘
2695,09:55:18,11.5,--,27,31050,卖盘
2696,09:55:12,11.5,--,100,115000,卖盘
2697,09:55:06,11.5,-0.01,670,770500,卖盘
2698,09:55:03,11.51,0.01,244,280844,买盘
2699,09:55:00,11.5,--,2,2300,买盘
2700,09:54:57,11.5,0.01,130,149500,买盘
2701,09:54:54,11.49,-0.01,1,1149,卖盘
2702,09:54:51,11.5,-0.01,165,189750,卖盘
2703,09:54:48,11.51,--,5,5755,买盘
2704,09:54:42,11.51,--,25,28775,买盘
2705,09:54:39,11.51,0.01,11,12661,买盘
2706,09:54:33,11.5,-0.01,39,44850,卖盘
2707,09:54:30,11.51,0.01,12,13812,买盘
2708,09:54:27,11.5,--,81,93150,卖盘
2709,09:54:24,11.5,-0.01,21,24150,卖盘
2710,09:54:21,11.51,--,32,36832,买盘
2711,09:54:15,11.51,0.01,10,11510,买盘
2712,09:54:09,11.5,-0.01,580,667000,卖盘
2713,09:54:03,11.51,0.01,19,21869,买盘
2714,09:54:00,11.5,-0.01,15,17250,卖盘
2715,09:53:57,11.51,--,5,5755,卖盘
2716,09:53:54,11.51,--,673,774623,卖盘
2717,09:53:45,11.51,--,4,4604,卖盘
2718,09:53:42,11.51,--,6,6906,卖盘
2719,09:53:33,11.51,-0.01,407,468457,卖盘
2720,09:53:30,11.52,--,21,24192,买盘
2721,09:53:27,11.52,0.01,53,61056,买盘
2722,09:53:18,11.51,--,52,59852,卖盘
2723,09:53:15,11.51,-0.01,13,14963,卖盘
2724,09:53:12,11.52,--,18,20736,买盘
2725,09:53:09,11.52,0.01,40,46080,买盘
2726,09:53:06,11.51,--,13,14963,卖盘
2727,09:53:03,11.51,-0.01,9,10359,卖盘
2728,09:53:00,11.52,--,12,13824,买盘
2729,09:52:57,11.52,--,14,16128,买盘
2730,09:52:54,11.52,--,22,25344,买盘
2731,09:52:51,11.52,--,23,26496,买盘
2732,09:52:48,11.52,--,40,46080,买盘
2733,09:52:42,11.52,0.01,2,2304,买盘
2734,09:52:39,11.51,--,11,12661,卖盘
2735,09:52:36,11.51,--,52,59852,卖盘
2736,09:52:33,11.51,-0.01,39,44889,卖盘
2737,09:52:30,11.52,0.01,14,16128,买盘
2738,09:52:27,11.51,-0.01,94,108194,卖盘
2739,09:52:18,11.52,0.01,300,345600,买盘
2740,09:52:06,11.51,--,15,17265,卖盘
2741,09:52:03,11.51,--,55,63305,卖盘
2742,09:52:00,11.51,--,32,36832,卖盘
2743,09:51:54,11.51,-0.01,127,146177,卖盘
2744,09:51:51,11.52,0.01,23,26496,买盘
2745,09:51:45,11.51,--,121,139271,卖盘
2746,09:51:42,11.51,-0.01,14,16114,卖盘
2747,09:51:39,11.52,0.01,6,6912,买盘
2748,09:51:33,11.51,-0.01,94,108194,卖盘
2749,09:51:30,11.52,0.01,1002,1154304,买盘
2750,09:51:27,11.51,0.01,176,202576,买盘
2751,09:51:21,11.5,--,127,146050,卖盘
2752,09:51:18,11.5,--,25,28750,卖盘
2753,09:51:15,11.5,--,40,46000,卖盘
2754,09:51:09,11.5,--,290,333500,卖盘
2755,09:51:03,11.5,--,19,21850,卖盘
2756,09:51:00,11.5,-0.01,4,4600,卖盘
2757,09:50:54,11.51,--,100,115100,买盘
2758,09:50:51,11.51,0.01,38,43738,买盘
2759,09:50:45,11.5,--,7,8050,卖盘
2760,09:50:39,11.5,--,216,248400,买盘
2761,09:50:36,11.5,0.01,13,14950,买盘
2762,09:50:33,11.49,--,24,27576,卖盘
2763,09:50:30,11.49,-0.01,1,1149,卖盘
2764,09:50:27,11.5,--,5,5750,买盘
2765,09:50:24,11.5,-0.01,15,17250,卖盘
2766,09:50:21,11.51,0.01,138,158838,买盘
2767,09:50:18,11.5,--,11,12650,卖盘
2768,09:50:15,11.5,--,43,49450,卖盘
2769,09:50:09,11.5,--,10,11500,卖盘
2770,09:50:06,11.5,--,18,20700,卖盘
2771,09:50:03,11.5,--,24,27600,卖盘
2772,09:50:00,11.5,-0.01,50,57500,卖盘
2773,09:49:51,11.51,0.01,38,43738,买盘
2774,09:49:48,11.5,--,21,24150,卖盘
2775,09:49:42,11.5,--,70,80500,卖盘
2776,09:49:39,11.5,-0.01,120,138000,卖盘
2777,09:49:36,11.51,--,270,310770,买盘
2778,09:49:33,11.51,0.01,69,79419,买盘
2779,09:49:30,11.5,--,20,23000,卖盘
2780,09:49:27,11.5,-0.01,48,55200,卖盘
2781,09:49:24,11.51,-0.01,27,31077,卖盘
2782,09:49:21,11.52,0.01,38,43776,买盘
2783,09:49:15,11.51,--,23,26473,买盘
2784,09:49:12,11.51,--,30,34530,买盘
2785,09:49:06,11.51,0.01,19,21869,买盘
2786,09:49:03,11.5,--,9,10350,卖盘
2787,09:49:00,11.5,-0.01,20,23000,卖盘
2788,09:48:57,11.51,--,10,11510,买盘
2789,09:48:54,11.51,-0.01,15,17265,卖盘
2790,09:48:51,11.52,0.01,138,158976,买盘
2791,09:48:48,11.51,--,1,1151,卖盘
2792,09:48:45,11.51,--,289,332639,买盘
2793,09:48:42,11.51,0.01,2,2302,买盘
2794,09:48:39,11.5,--,40,46000,卖盘
2795,09:48:36,11.5,--,31,35650,卖盘
2796,09:48:33,11.5,--,9,10350,卖盘
2797,09:48:30,11.5,--,10,11500,卖盘
2798,09:48:27,11.5,--,206,236900,卖盘
2799,09:48:21,11.5,-0.01,119,136850,卖盘
2800,09:48:15,11.51,--,218,250918,买盘
2801,09:48:12,11.51,0.01,201,231351,买盘
2802,09:48:09,11.5,--,33,37950,卖盘
2803,09:48:06,11.5,--,22,25300,卖盘
2804,09:48:03,11.5,--,47,54050,卖盘
2805,09:47:57,11.5,--,10,11500,卖盘
2806,09:47:54,11.5,--,595,684250,卖盘
2807,09:47:51,11.5,--,259,297850,买盘
2808,09:47:48,11.5,--,18,20700,买盘
2809,09:47:45,11.5,--,10,11500,买盘
2810,09:47:42,11.5,0.01,229,263350,买盘
2811,09:47:39,11.49,-0.01,35,40215,卖盘
2812,09:47:36,11.5,0.01,1,1150,买盘
2813,09:47:33,11.49,--,9,10341,卖盘
