,time,price,change,volume,amount,type
0,15:00:03,13.75,0.06,11397,15671975,买盘
1,14:57:00,13.69,-0.01,83,113627,卖盘
2,14:56:57,13.7,0.01,19,26030,买盘
3,14:56:54,13.69,-0.01,85,116365,卖盘
4,14:56:51,13.7,0.01,108,147960,买盘
5,14:56:48,13.69,-0.01,99,135531,卖盘
6,14:56:45,13.7,--,180,246600,买盘
7,14:56:42,13.7,--,155,212350,买盘
8,14:56:39,13.7,--,79,108230,买盘
9,14:56:36,13.7,--,21,28770,买盘
10,14:56:33,13.7,0.01,82,112340,买盘
11,14:56:30,13.69,-0.01,26,35594,卖盘
12,14:56:27,13.7,--,763,1045310,买盘
13,14:56:24,13.7,--,12,16440,买盘
14,14:56:21,13.7,--,72,98640,卖盘
15,14:56:18,13.7,--,45,61650,卖盘
16,14:56:15,13.7,--,183,250710,卖盘
17,14:56:12,13.7,--,14,19180,卖盘
18,14:56:06,13.7,--,181,247970,买盘
19,14:56:03,13.7,--,35,47950,卖盘
20,14:55:57,13.7,--,18,24660,买盘
21,14:55:54,13.7,--,22,30140,买盘
22,14:55:51,13.7,0.04,39,53430,买盘
23,14:55:48,13.66,-0.04,13,17758,卖盘
24,14:55:45,13.7,-0.01,2282,3126340,卖盘
25,14:55:42,13.71,0.01,527,722517,买盘
26,14:55:39,13.7,-0.01,391,535670,卖盘
27,14:55:36,13.71,0.01,899,1232529,买盘
28,14:55:33,13.7,--,88,120560,卖盘
29,14:55:30,13.7,--,163,223310,卖盘
30,14:55:27,13.7,0.04,7243,9924060,买盘
31,14:55:24,13.66,--,93,127038,买盘
32,14:55:21,13.66,--,186,254076,买盘
33,14:55:18,13.66,0.01,45,61470,买盘
34,14:55:15,13.65,--,71,96915,卖盘
35,14:55:12,13.65,-0.01,566,772590,卖盘
36,14:55:09,13.66,0.01,212,289592,买盘
37,14:55:06,13.65,-0.01,120,163800,卖盘
38,14:55:03,13.66,--,175,239050,买盘
39,14:55:00,13.66,--,616,841975,卖盘
40,14:54:57,13.66,--,12,16392,卖盘
41,14:54:54,13.66,-0.01,213,290958,卖盘
42,14:54:51,13.67,0.01,295,403265,买盘
43,14:54:48,13.66,--,536,732176,卖盘
44,14:54:45,13.66,--,30,40980,卖盘
45,14:54:42,13.66,--,83,113378,卖盘
46,14:54:39,13.66,0.01,958,1309474,买盘
47,14:54:36,13.65,--,676,922740,卖盘
48,14:54:33,13.65,-0.01,297,405405,卖盘
49,14:54:30,13.66,--,438,598308,买盘
50,14:54:27,13.66,--,760,1038160,买盘
51,14:54:24,13.66,--,97,132502,买盘
52,14:54:21,13.66,--,86,117476,买盘
53,14:54:18,13.66,--,214,292324,买盘
54,14:54:15,13.66,--,115,157090,买盘
55,14:54:12,13.66,--,220,300520,买盘
56,14:54:09,13.66,--,156,213096,买盘
57,14:54:06,13.66,--,97,132502,买盘
58,14:54:03,13.66,--,146,199436,买盘
59,14:54:00,13.66,--,182,248612,买盘
60,14:53:57,13.66,0.01,44,60104,买盘
61,14:53:54,13.65,-0.01,252,343980,卖盘
62,14:53:51,13.66,--,684,934344,买盘
63,14:53:48,13.66,--,187,255442,买盘
64,14:53:45,13.66,--,83,113378,买盘
65,14:53:42,13.66,--,13,17758,买盘
66,14:53:39,13.66,0.01,371,506786,买盘
67,14:53:36,13.65,-0.01,132,180180,卖盘
68,14:53:33,13.66,--,186,254076,买盘
69,14:53:30,13.66,--,167,228122,买盘
70,14:53:27,13.66,--,193,263638,买盘
71,14:53:24,13.66,--,275,375650,买盘
72,14:53:21,13.66,--,351,479466,买盘
73,14:53:18,13.66,--,1537,2099542,买盘
74,14:53:15,13.66,0.01,146,199436,买盘
75,14:53:12,13.65,-0.01,308,420420,卖盘
76,14:53:09,13.66,--,179,244514,买盘
77,14:53:06,13.66,--,867,1184322,买盘
78,14:53:03,13.66,--,168,229488,买盘
79,14:53:00,13.66,--,143,195338,买盘
80,14:52:57,13.66,0.01,310,423460,买盘
81,14:52:54,13.65,--,578,788970,卖盘
82,14:52:51,13.65,-0.01,115,156975,卖盘
83,14:52:48,13.66,--,159,217194,买盘
84,14:52:45,13.66,--,161,219926,买盘
85,14:52:42,13.66,--,57,77862,买盘
86,14:52:39,13.66,--,421,575086,买盘
87,14:52:36,13.66,--,185,252710,买盘
88,14:52:33,13.66,0.01,673,919318,买盘
89,14:52:30,13.65,--,179,244335,卖盘
90,14:52:27,13.65,-0.01,119,162435,卖盘
91,14:52:24,13.66,--,161,219926,买盘
92,14:52:21,13.66,--,807,1102362,卖盘
93,14:52:18,13.66,--,133,181678,卖盘
94,14:52:15,13.66,0.01,133,181678,卖盘
95,14:52:12,13.65,--,401,548538,卖盘
96,14:52:09,13.65,-0.01,445,607425,卖盘
97,14:52:06,13.66,0.01,158,215828,买盘
98,14:52:03,13.65,--,466,636090,卖盘
99,14:52:00,13.65,-0.01,87,118755,卖盘
100,14:51:57,13.66,0.01,113,154358,买盘
101,14:51:54,13.65,-0.01,239,326235,卖盘
102,14:51:51,13.66,--,80,109280,卖盘
103,14:51:48,13.66,--,431,589060,买盘
104,14:51:45,13.66,--,1048,1431568,卖盘
105,14:51:42,13.66,--,263,359258,买盘
106,14:51:39,13.66,-0.01,332,453512,卖盘
107,14:51:36,13.67,0.01,248,339016,买盘
108,14:51:33,13.66,--,157,214462,卖盘
109,14:51:30,13.66,0.01,339,463920,买盘
110,14:51:27,13.65,--,520,710318,卖盘
111,14:51:24,13.65,-0.01,1036,1414140,卖盘
112,14:51:21,13.66,--,115,157090,买盘
113,14:51:18,13.66,0.01,392,535472,买盘
114,14:51:15,13.65,--,84,114660,卖盘
115,14:51:12,13.65,--,325,443625,卖盘
116,14:51:09,13.65,-0.01,849,1158885,卖盘
117,14:51:06,13.66,--,134,183044,卖盘
118,14:51:03,13.66,--,466,636556,买盘
119,14:51:00,13.66,0.01,58,79228,卖盘
120,14:50:57,13.65,-0.01,338,461370,卖盘
121,14:50:54,13.66,--,72,98352,卖盘
122,14:50:51,13.66,--,630,860580,卖盘
123,14:50:48,13.66,--,421,575086,买盘
124,14:50:45,13.66,0.01,568,776830,买盘
125,14:50:42,13.65,--,325,443625,卖盘
126,14:50:39,13.65,--,16,21840,卖盘
127,14:50:36,13.65,--,89,121485,卖盘
128,14:50:33,13.65,--,349,476385,卖盘
129,14:50:30,13.65,--,283,386295,卖盘
130,14:50:27,13.65,--,313,427245,卖盘
131,14:50:24,13.65,--,347,473655,卖盘
132,14:50:21,13.65,--,287,391795,卖盘
133,14:50:18,13.65,--,653,891345,卖盘
134,14:50:15,13.65,--,38,51870,卖盘
135,14:50:12,13.65,-0.01,183,249795,卖盘
136,14:50:09,13.66,--,114,155724,卖盘
137,14:50:06,13.66,--,86,117476,卖盘
138,14:50:03,13.66,--,116,158456,卖盘
139,14:50:00,13.66,-0.01,218,297788,卖盘
140,14:49:57,13.67,--,1,1367,买盘
141,14:49:54,13.67,0.01,111,151737,买盘
142,14:49:51,13.66,-0.01,484,661144,卖盘
143,14:49:48,13.67,0.01,30,41010,买盘
144,14:49:45,13.66,-0.01,74,101084,卖盘
145,14:49:42,13.67,--,58,79286,买盘
146,14:49:39,13.67,--,50,68350,买盘
147,14:49:36,13.67,-0.01,3406,4656002,卖盘
148,14:49:33,13.68,--,196,268128,买盘
149,14:49:30,13.68,--,1159,1585512,买盘
150,14:49:27,13.68,0.01,187,255816,买盘
151,14:49:24,13.67,--,36,49212,卖盘
152,14:49:21,13.67,-0.01,164,224188,卖盘
153,14:49:18,13.68,0.01,134,183312,买盘
154,14:49:15,13.67,-0.01,746,1019782,卖盘
155,14:49:12,13.68,--,478,653904,买盘
156,14:49:09,13.68,--,738,1009638,买盘
157,14:49:06,13.68,0.01,110,150480,买盘
158,14:49:03,13.67,-0.01,575,786025,卖盘
159,14:49:00,13.68,--,121,165528,买盘
160,14:48:57,13.68,--,927,1268136,买盘
161,14:48:54,13.68,--,1761,2409048,买盘
162,14:48:51,13.68,0.01,80,109440,买盘
163,14:48:48,13.67,-0.01,36,49212,卖盘
164,14:48:45,13.68,--,329,450072,买盘
165,14:48:42,13.68,--,154,210672,买盘
166,14:48:39,13.68,--,309,422712,买盘
167,14:48:36,13.68,--,447,611496,买盘
168,14:48:33,13.68,0.01,312,426816,买盘
169,14:48:30,13.67,-0.01,61,83387,卖盘
170,14:48:27,13.68,-0.01,1039,1421899,卖盘
171,14:48:24,13.69,--,3645,4990005,买盘
172,14:48:21,13.69,0.01,27,36963,买盘
173,14:48:18,13.68,-0.01,110,150480,卖盘
174,14:48:15,13.69,--,157,214933,买盘
175,14:48:12,13.69,--,521,713249,买盘
176,14:48:06,13.69,--,80,109520,买盘
177,14:48:03,13.69,0.01,133,182077,买盘
178,14:48:00,13.68,-0.01,423,578664,卖盘
179,14:47:57,13.69,--,343,469567,买盘
180,14:47:54,13.69,0.01,570,780330,买盘
181,14:47:51,13.68,--,193,264024,卖盘
182,14:47:48,13.68,--,85,116280,卖盘
183,14:47:45,13.68,-0.01,82,112176,卖盘
184,14:47:42,13.69,--,53,72557,买盘
185,14:47:39,13.69,--,16,21904,买盘
186,14:47:36,13.69,0.01,59,80771,买盘
187,14:47:33,13.68,-0.01,143,195624,卖盘
188,14:47:30,13.69,--,55,75295,买盘
189,14:47:27,13.69,--,20,27380,买盘
190,14:47:24,13.69,0.01,18,24642,买盘
191,14:47:21,13.68,--,352,481536,卖盘
192,14:47:18,13.68,--,134,183312,卖盘
193,14:47:15,13.68,--,142,194256,卖盘
194,14:47:12,13.68,-0.01,60,82080,卖盘
195,14:47:09,13.69,--,436,596884,买盘
196,14:47:06,13.69,--,307,420283,买盘
197,14:47:03,13.69,--,54,73926,买盘
198,14:47:00,13.69,0.01,165,225885,买盘
199,14:46:57,13.68,--,41,56088,卖盘
200,14:46:54,13.68,-0.01,47,64296,卖盘
201,14:46:51,13.69,--,140,191660,买盘
202,14:46:48,13.69,0.01,27,36963,买盘
203,14:46:45,13.68,-0.01,51,69768,卖盘
204,14:46:42,13.69,0.01,107,146483,买盘
205,14:46:39,13.68,-0.01,47,64296,卖盘
206,14:46:36,13.69,--,16,21904,买盘
207,14:46:33,13.69,--,249,340881,买盘
208,14:46:30,13.69,-0.01,280,383320,卖盘
209,14:46:27,13.7,0.01,1001,1371370,买盘
210,14:46:24,13.69,-0.01,11,15059,卖盘
211,14:46:21,13.7,--,38,52060,买盘
212,14:46:18,13.7,--,10,13700,买盘
213,14:46:15,13.7,--,46,63020,买盘
214,14:46:12,13.7,0.01,108,147960,买盘
215,14:46:09,13.69,--,250,342250,卖盘
216,14:46:06,13.69,-0.01,33,45177,卖盘
217,14:46:03,13.7,--,205,280850,买盘
218,14:46:00,13.7,--,53,72610,卖盘
219,14:45:57,13.7,--,19,26030,卖盘
220,14:45:54,13.7,--,161,220570,买盘
221,14:45:51,13.7,--,148,202760,买盘
222,14:45:48,13.7,--,105,143850,买盘
223,14:45:45,13.7,--,158,216460,买盘
224,14:45:42,13.7,0.01,2365,3240050,买盘
225,14:45:39,13.69,-0.01,24,32856,卖盘
226,14:45:36,13.7,--,1023,1401510,买盘
227,14:45:33,13.7,--,549,752130,买盘
228,14:45:30,13.7,--,522,715140,买盘
229,14:45:27,13.7,--,467,639790,买盘
230,14:45:24,13.7,--,74,102352,卖盘
231,14:45:21,13.7,--,475,650750,卖盘
232,14:45:18,13.7,--,527,721990,卖盘
233,14:45:15,13.7,--,241,330170,卖盘
234,14:45:12,13.7,-0.01,50,68500,卖盘
235,14:45:06,13.71,--,247,338637,买盘
236,14:45:03,13.71,0.01,111,152181,买盘
237,14:45:00,13.7,--,265,363050,卖盘
238,14:44:57,13.7,--,53,72610,卖盘
239,14:44:54,13.7,-0.01,207,283590,卖盘
240,14:44:51,13.71,--,230,315330,买盘
241,14:44:48,13.71,0.01,256,350976,买盘
242,14:44:45,13.7,--,62,84940,卖盘
243,14:44:42,13.7,--,85,116450,卖盘
244,14:44:39,13.7,--,2,2740,卖盘
245,14:44:36,13.7,--,24,32880,卖盘
246,14:44:33,13.7,--,204,279480,卖盘
247,14:44:30,13.7,-0.01,123,168510,卖盘
248,14:44:27,13.71,0.01,7,9597,买盘
249,14:44:24,13.7,--,34,46580,卖盘
250,14:44:21,13.7,--,100,137000,卖盘
251,14:44:18,13.7,-0.01,252,345240,卖盘
252,14:44:15,13.71,0.01,422,578562,买盘
253,14:44:12,13.7,--,36,49320,卖盘
254,14:44:09,13.7,--,91,124670,卖盘
255,14:44:06,13.7,--,8,10960,卖盘
256,14:44:03,13.7,--,128,175360,卖盘
257,14:44:00,13.7,-0.01,75,102750,卖盘
258,14:43:57,13.71,--,464,636144,买盘
259,14:43:54,13.71,0.01,84,115164,买盘
260,14:43:51,13.7,--,112,153440,卖盘
261,14:43:48,13.7,-0.01,83,113710,卖盘
262,14:43:45,13.71,0.01,356,488076,买盘
263,14:43:42,13.7,--,568,778160,卖盘
264,14:43:39,13.7,--,169,231530,卖盘
265,14:43:36,13.7,-0.01,208,284960,卖盘
266,14:43:33,13.71,0.01,142,194682,买盘
267,14:43:30,13.7,--,1078,1476860,卖盘
268,14:43:27,13.7,--,333,456210,卖盘
269,14:43:24,13.7,--,294,402780,卖盘
270,14:43:21,13.7,--,23,31510,卖盘
271,14:43:18,13.7,--,99,135630,卖盘
272,14:43:15,13.7,-0.01,79,108230,卖盘
273,14:43:12,13.71,--,206,282426,买盘
274,14:43:09,13.71,--,121,165891,买盘
275,14:43:06,13.71,0.01,51,69921,买盘
276,14:43:03,13.7,-0.01,113,154810,卖盘
277,14:43:00,13.71,-0.01,2029,2781759,卖盘
278,14:42:57,13.72,--,2,2744,买盘
279,14:42:54,13.72,--,142,194824,卖盘
280,14:42:51,13.72,--,134,183848,买盘
281,14:42:48,13.72,--,10,13720,买盘
282,14:42:45,13.72,0.01,19,26068,买盘
283,14:42:42,13.71,-0.01,405,555255,卖盘
284,14:42:39,13.72,0.01,6,8232,卖盘
285,14:42:36,13.71,-0.02,63,86373,卖盘
286,14:42:33,13.73,0.01,11,15103,买盘
287,14:42:30,13.72,--,8,10976,卖盘
288,14:42:27,13.72,--,46,63112,卖盘
289,14:42:24,13.72,0.01,100,137200,卖盘
290,14:42:21,13.71,-0.01,60,82260,卖盘
291,14:42:18,13.72,--,42,57624,中性盘
292,14:42:15,13.72,--,115,157780,买盘
293,14:42:12,13.72,0.01,52,71344,买盘
294,14:42:09,13.71,-0.01,4,5484,卖盘
295,14:42:06,13.72,0.01,62,85064,买盘
296,14:42:03,13.71,-0.01,355,486705,卖盘
297,14:42:00,13.72,--,105,144060,买盘
298,14:41:57,13.72,--,69,94668,买盘
299,14:41:54,13.72,--,219,300468,买盘
300,14:41:51,13.72,--,55,75460,买盘
301,14:41:48,13.72,--,814,1116808,买盘
302,14:41:45,13.72,--,126,172872,买盘
303,14:41:42,13.72,--,308,422576,买盘
304,14:41:39,13.72,0.01,19,26068,买盘
305,14:41:36,13.71,-0.01,296,405816,卖盘
306,14:41:33,13.72,--,42,57624,买盘
307,14:41:30,13.72,0.01,68,93296,买盘
308,14:41:27,13.71,-0.01,21,28791,卖盘
309,14:41:24,13.72,--,33,45276,买盘
310,14:41:21,13.72,0.01,31,42532,买盘
311,14:41:18,13.71,-0.01,168,230328,卖盘
312,14:41:15,13.72,--,210,288120,买盘
313,14:41:12,13.72,--,4,5488,买盘
314,14:41:09,13.72,--,2,2744,买盘
315,14:41:06,13.72,--,190,260680,买盘
316,14:41:03,13.72,--,84,115248,买盘
317,14:41:00,13.72,0.01,20,27440,买盘
318,14:40:57,13.71,-0.01,15,20565,卖盘
319,14:40:54,13.72,--,20,27440,买盘
320,14:40:51,13.72,--,500,686000,买盘
321,14:40:48,13.72,--,264,362208,买盘
322,14:40:45,13.72,-0.01,1935,2654820,卖盘
323,14:40:42,13.73,0.01,42,57666,买盘
324,14:40:39,13.72,-0.01,569,780668,卖盘
325,14:40:36,13.73,-0.01,1698,2331354,卖盘
326,14:40:33,13.74,0.01,293,402582,买盘
327,14:40:30,13.73,-0.01,7,9611,卖盘
328,14:40:27,13.74,--,5,6870,买盘
329,14:40:24,13.74,0.01,53,72822,买盘
330,14:40:21,13.73,-0.01,15,20595,卖盘
331,14:40:18,13.74,0.01,102,140148,买盘
332,14:40:15,13.73,--,32,43936,卖盘
333,14:40:12,13.73,-0.01,127,174371,卖盘
334,14:40:09,13.74,0.01,3,4122,买盘
335,14:40:06,13.73,--,10,13730,卖盘
336,14:40:03,13.73,-0.01,50,68650,卖盘
337,14:40:00,13.74,--,72,98928,买盘
338,14:39:54,13.74,--,63,86562,买盘
339,14:39:51,13.74,--,6,8244,买盘
340,14:39:48,13.74,--,2,2748,买盘
341,14:39:45,13.74,--,24,32976,买盘
342,14:39:42,13.74,--,10,13740,买盘
343,14:39:39,13.74,--,40,54960,买盘
344,14:39:36,13.74,--,9,12366,买盘
345,14:39:33,13.74,--,119,163506,买盘
346,14:39:30,13.74,0.01,118,162132,买盘
347,14:39:27,13.73,--,53,72769,卖盘
348,14:39:24,13.73,-0.01,24,32952,卖盘
349,14:39:21,13.74,--,100,137400,买盘
350,14:39:12,13.74,0.01,1368,1879632,买盘
351,14:39:09,13.73,--,262,360563,卖盘
352,14:39:06,13.73,--,126,172998,卖盘
353,14:39:03,13.73,-0.01,99,135927,卖盘
354,14:39:00,13.74,0.01,234,321516,买盘
355,14:38:57,13.73,-0.01,5,6865,卖盘
356,14:38:54,13.74,--,26,35724,买盘
357,14:38:51,13.74,0.01,16,21984,买盘
358,14:38:48,13.73,-0.01,10,13730,卖盘
359,14:38:45,13.74,0.01,14,19236,买盘
360,14:38:42,13.73,--,30,41190,卖盘
361,14:38:39,13.73,--,20,27460,卖盘
362,14:38:33,13.73,--,5,6865,卖盘
363,14:38:30,13.73,--,13,17849,卖盘
364,14:38:27,13.73,-0.01,10,13730,卖盘
365,14:38:24,13.74,0.01,3,4122,买盘
366,14:38:18,13.73,--,147,201831,卖盘
367,14:38:15,13.73,--,59,81542,买盘
368,14:38:09,13.73,--,150,205950,买盘
369,14:38:06,13.73,0.01,223,306179,买盘
370,14:38:03,13.72,-0.01,103,141316,卖盘
371,14:38:00,13.73,0.01,102,140046,买盘
372,14:37:57,13.72,--,78,107016,卖盘
373,14:37:54,13.72,--,43,58996,卖盘
374,14:37:51,13.72,--,129,176988,卖盘
375,14:37:48,13.72,-0.01,22,30184,卖盘
376,14:37:45,13.73,0.01,43,59039,买盘
377,14:37:42,13.72,-0.01,45,61740,卖盘
378,14:37:39,13.73,0.01,10,13730,买盘
379,14:37:36,13.72,--,2063,2830436,卖盘
380,14:37:33,13.72,--,40,54880,卖盘
381,14:37:30,13.72,--,23,31556,卖盘
382,14:37:27,13.72,-0.01,638,875336,卖盘
383,14:37:24,13.73,0.01,3,4119,买盘
384,14:37:21,13.72,--,19,26068,卖盘
385,14:37:18,13.72,--,150,205800,卖盘
386,14:37:15,13.72,--,1,1372,卖盘
387,14:37:09,13.72,-0.01,4,5488,卖盘
388,14:37:06,13.73,0.01,331,454463,买盘
389,14:37:03,13.72,-0.01,66,90552,卖盘
390,14:37:00,13.73,0.01,27,37071,买盘
391,14:36:57,13.72,-0.01,2,2744,卖盘
392,14:36:54,13.73,--,57,78261,买盘
393,14:36:51,13.73,0.01,5,6865,买盘
394,14:36:48,13.72,--,106,145432,卖盘
395,14:36:45,13.72,--,20,27440,卖盘
396,14:36:42,13.72,--,45,61740,卖盘
397,14:36:39,13.72,-0.01,22,30184,卖盘
398,14:36:36,13.73,0.01,210,288330,买盘
399,14:36:33,13.72,--,57,78204,卖盘
400,14:36:30,13.72,--,82,112504,卖盘
401,14:36:27,13.72,--,70,96040,卖盘
402,14:36:24,13.72,--,213,292236,卖盘
403,14:36:21,13.72,--,100,137200,卖盘
404,14:36:18,13.72,--,60,82320,卖盘
405,14:36:15,13.72,--,56,76832,卖盘
406,14:36:12,13.72,-0.01,15,20580,卖盘
407,14:36:09,13.73,0.01,146,200458,买盘
408,14:36:06,13.72,--,56,76832,卖盘
409,14:36:03,13.72,--,193,264796,卖盘
410,14:36:00,13.72,--,10,13720,卖盘
411,14:35:57,13.72,--,12,16464,卖盘
412,14:35:54,13.72,-0.01,13,17836,卖盘
413,14:35:48,13.73,--,6,8238,买盘
414,14:35:45,13.73,0.01,47,64531,买盘
415,14:35:39,13.72,--,29,39788,卖盘
416,14:35:36,13.72,--,22,30184,卖盘
417,14:35:33,13.72,--,298,408856,卖盘
418,14:35:30,13.72,-0.01,22,30184,卖盘
419,14:35:27,13.73,0.01,38,52174,买盘
420,14:35:24,13.72,--,176,241472,卖盘
421,14:35:21,13.72,--,21,28812,卖盘
422,14:35:18,13.72,--,34,46648,卖盘
423,14:35:15,13.72,-0.01,44,60368,卖盘
424,14:35:12,13.73,0.01,8,10984,买盘
425,14:35:09,13.72,--,74,101528,卖盘
426,14:35:06,13.72,-0.01,103,141316,卖盘
427,14:35:03,13.73,--,124,170252,买盘
428,14:35:00,13.73,--,3,4119,买盘
429,14:34:57,13.73,--,330,453090,买盘
430,14:34:54,13.73,--,30,41190,买盘
431,14:34:51,13.73,--,87,119451,买盘
432,14:34:48,13.73,0.01,20,27460,买盘
433,14:34:45,13.72,--,330,452760,卖盘
434,14:34:42,13.72,--,63,86436,卖盘
435,14:34:36,13.72,-0.01,9,12348,卖盘
436,14:34:33,13.73,--,91,124943,买盘
437,14:34:30,13.73,--,61,83753,买盘
438,14:34:27,13.73,--,26,35698,买盘
439,14:34:24,13.73,--,54,74142,买盘
440,14:34:21,13.73,--,118,162014,买盘
441,14:34:18,13.73,0.01,11,15103,买盘
442,14:34:15,13.72,-0.01,13,17836,卖盘
443,14:34:12,13.73,--,4,5492,买盘
444,14:34:09,13.73,--,3,4119,买盘
445,14:34:06,13.73,0.01,43,59039,买盘
446,14:34:03,13.72,-0.01,35,48020,卖盘
447,14:33:57,13.73,0.01,14,19222,买盘
448,14:33:54,13.72,--,97,133084,卖盘
449,14:33:51,13.72,--,174,238728,卖盘
450,14:33:45,13.72,--,5,6860,卖盘
451,14:33:42,13.72,--,7,9604,卖盘
452,14:33:36,13.72,--,30,41160,卖盘
453,14:33:33,13.72,-0.01,114,156408,卖盘
454,14:33:30,13.73,0.01,295,405035,买盘
455,14:33:27,13.72,--,147,201684,卖盘
456,14:33:24,13.72,--,208,285376,买盘
457,14:33:21,13.72,--,6,8232,买盘
458,14:33:18,13.72,--,116,159152,买盘
459,14:33:15,13.72,--,41,56252,买盘
460,14:33:12,13.72,--,20,27440,卖盘
461,14:33:09,13.72,--,273,374556,卖盘
462,14:33:06,13.72,-0.01,111,152292,卖盘
463,14:33:03,13.73,0.01,92,126316,买盘
464,14:33:00,13.72,--,324,444528,卖盘
465,14:32:57,13.72,-0.01,47,64484,卖盘
466,14:32:54,13.73,--,16,21968,买盘
467,14:32:48,13.73,0.02,36,49428,买盘
468,14:32:45,13.71,-0.02,64,87744,卖盘
469,14:32:42,13.73,0.01,445,610985,买盘
470,14:32:39,13.72,0.01,110,150920,买盘
471,14:32:36,13.71,-0.01,61,83631,卖盘
472,14:32:33,13.72,0.01,38,52136,买盘
473,14:32:30,13.71,--,100,137100,卖盘
474,14:32:27,13.71,--,63,86373,卖盘
475,14:32:24,13.71,--,25,34275,卖盘
476,14:32:21,13.71,--,11,15081,卖盘
477,14:32:15,13.71,-0.01,512,701952,卖盘
478,14:32:09,13.72,--,191,262052,买盘
479,14:32:06,13.72,--,15,20580,买盘
480,14:32:03,13.72,--,129,176988,买盘
481,14:32:00,13.72,0.01,124,170128,买盘
482,14:31:57,13.71,-0.01,162,222102,卖盘
483,14:31:54,13.72,0.01,756,1037232,买盘
484,14:31:51,13.71,--,359,492189,卖盘
485,14:31:48,13.71,--,58,79518,卖盘
486,14:31:45,13.71,-0.01,29,39759,卖盘
487,14:31:42,13.72,0.01,480,658560,买盘
488,14:31:39,13.71,--,126,172746,卖盘
489,14:31:36,13.71,-0.01,4,5484,卖盘
490,14:31:33,13.72,0.01,39,53508,买盘
491,14:31:30,13.71,--,36,49356,卖盘
492,14:31:27,13.71,--,326,446946,卖盘
493,14:31:24,13.71,-0.01,1,1371,卖盘
494,14:31:18,13.72,0.01,26,35672,买盘
495,14:31:15,13.71,-0.01,526,721146,卖盘
496,14:31:12,13.72,--,117,160524,买盘
497,14:31:09,13.72,0.01,49,67228,买盘
498,14:31:06,13.71,--,817,1120107,卖盘
499,14:31:03,13.71,--,222,304362,卖盘
500,14:31:00,13.71,--,49,67179,卖盘
501,14:30:57,13.71,--,5,6855,卖盘
502,14:30:54,13.71,-0.01,36,49356,卖盘
503,14:30:51,13.72,0.01,84,115248,买盘
504,14:30:48,13.71,--,41,56211,卖盘
505,14:30:45,13.71,--,73,100083,卖盘
506,14:30:42,13.71,--,38,52098,卖盘
507,14:30:39,13.71,--,19,26049,卖盘
508,14:30:36,13.71,--,108,148068,卖盘
509,14:30:33,13.71,--,89,122019,买盘
510,14:30:30,13.71,--,215,294765,买盘
511,14:30:27,13.71,--,120,164520,卖盘
512,14:30:24,13.71,--,13,17823,卖盘
513,14:30:21,13.71,--,220,301620,卖盘
514,14:30:18,13.71,--,128,175488,买盘
515,14:30:15,13.71,--,244,334524,卖盘
516,14:30:12,13.71,--,23,31533,卖盘
517,14:30:09,13.71,--,57,78147,卖盘
518,14:30:06,13.71,--,40,54840,卖盘
519,14:30:00,13.71,-0.01,38,52098,卖盘
520,14:29:57,13.72,0.01,135,185220,买盘
521,14:29:54,13.71,0.01,142,194682,买盘
522,14:29:51,13.7,--,37,50690,卖盘
523,14:29:48,13.7,-0.01,339,464430,卖盘
524,14:29:45,13.71,--,60,82260,买盘
525,14:29:42,13.71,--,120,164520,买盘
526,14:29:39,13.71,0.01,416,570336,买盘
527,14:29:36,13.7,-0.01,65,89050,卖盘
528,14:29:33,13.71,--,66,90883,买盘
529,14:29:27,13.71,--,769,1054641,卖盘
530,14:29:24,13.71,-0.01,52,71292,卖盘
531,14:29:21,13.72,0.01,78,107016,买盘
532,14:29:15,13.71,-0.01,70,95970,卖盘
533,14:29:12,13.72,0.01,15,20580,买盘
534,14:29:09,13.71,-0.01,180,246780,卖盘
535,14:29:06,13.72,0.01,64,88837,买盘
536,14:29:03,13.71,--,224,307446,卖盘
537,14:29:00,13.71,--,143,196053,卖盘
538,14:28:57,13.71,--,87,119277,卖盘
539,14:28:54,13.71,-0.01,328,449688,卖盘
540,14:28:51,13.72,0.01,59,80948,买盘
541,14:28:48,13.71,--,61,83631,卖盘
542,14:28:45,13.71,--,18,24678,卖盘
543,14:28:42,13.71,--,68,93228,卖盘
544,14:28:39,13.71,--,150,205650,卖盘
545,14:28:36,13.71,-0.01,64,87744,卖盘
546,14:28:33,13.72,0.01,63,87465,买盘
547,14:28:30,13.71,--,388,531948,买盘
548,14:28:27,13.71,--,355,486705,买盘
549,14:28:24,13.71,-0.01,86,118248,卖盘
550,14:28:21,13.72,0.01,223,306985,买盘
551,14:28:18,13.71,--,299,409929,买盘
552,14:28:15,13.71,--,381,522351,买盘
553,14:28:12,13.71,0.01,840,1151640,买盘
554,14:28:09,13.7,-0.01,14,19180,卖盘
555,14:28:06,13.71,--,751,1029621,买盘
556,14:28:03,13.71,0.01,70,95970,买盘
557,14:28:00,13.7,--,46,63020,卖盘
558,14:27:57,13.7,-0.01,72,98640,卖盘
559,14:27:54,13.71,0.01,63,86373,买盘
560,14:27:51,13.7,--,40,54800,卖盘
561,14:27:48,13.7,-0.01,19,26030,卖盘
562,14:27:45,13.71,--,52,71292,买盘
563,14:27:42,13.71,0.01,50,68550,买盘
564,14:27:39,13.7,--,1129,1546730,卖盘
565,14:27:36,13.7,--,57,78090,卖盘
566,14:27:33,13.7,--,333,456210,卖盘
567,14:27:30,13.7,--,462,632940,卖盘
568,14:27:27,13.7,--,322,441140,卖盘
569,14:27:24,13.7,--,38,52060,卖盘
570,14:27:21,13.7,-0.01,155,212350,卖盘
571,14:27:18,13.71,0.01,153,209763,买盘
572,14:27:15,13.7,-0.01,295,404150,卖盘
573,14:27:12,13.71,--,14,19194,买盘
574,14:27:09,13.71,--,1535,2104827,卖盘
575,14:27:06,13.71,-0.01,15,20565,卖盘
576,14:27:03,13.72,0.01,137,187964,买盘
577,14:27:00,13.71,-0.01,142,194682,卖盘
578,14:26:57,13.72,--,145,198940,买盘
579,14:26:54,13.72,--,19,26068,买盘
580,14:26:51,13.72,0.01,56,76832,买盘
581,14:26:48,13.71,-0.01,40,54840,卖盘
582,14:26:45,13.72,0.01,197,270284,买盘
583,14:26:42,13.71,--,47,64437,卖盘
584,14:26:39,13.71,--,294,403074,卖盘
585,14:26:36,13.71,--,91,124761,卖盘
586,14:26:33,13.71,-0.01,55,75405,卖盘
587,14:26:30,13.72,--,103,141316,买盘
588,14:26:27,13.72,0.01,300,411600,买盘
589,14:26:24,13.71,-0.01,38,52098,卖盘
590,14:26:21,13.72,--,96,131712,买盘
591,14:26:18,13.72,--,328,450016,买盘
592,14:26:15,13.72,0.01,230,315560,买盘
593,14:26:12,13.71,--,48,65808,卖盘
594,14:26:09,13.71,-0.01,21,28791,卖盘
595,14:26:06,13.72,--,12,16464,买盘
596,14:26:03,13.72,0.01,156,214032,买盘
597,14:26:00,13.71,-0.01,69,94599,卖盘
598,14:25:57,13.72,0.01,311,426692,买盘
599,14:25:54,13.71,--,96,131616,卖盘
600,14:25:51,13.71,--,339,464769,卖盘
601,14:25:48,13.71,--,55,75405,卖盘
602,14:25:45,13.71,--,205,281329,卖盘
603,14:25:42,13.71,--,1263,1731573,卖盘
604,14:25:39,13.71,--,175,239925,卖盘
605,14:25:36,13.71,--,130,178230,卖盘
606,14:25:33,13.71,--,139,190569,卖盘
607,14:25:30,13.71,--,39,53469,卖盘
608,14:25:27,13.71,--,110,150810,卖盘
609,14:25:24,13.71,-0.01,214,293394,卖盘
610,14:25:21,13.72,0.01,15,20580,买盘
611,14:25:18,13.71,--,19,26049,卖盘
612,14:25:15,13.71,--,11,15081,卖盘
613,14:25:12,13.71,--,305,418155,卖盘
614,14:25:09,13.71,-0.01,345,472995,卖盘
615,14:25:06,13.72,0.01,393,539196,买盘
616,14:25:03,13.71,-0.01,53,72663,卖盘
617,14:25:00,13.72,--,60,82320,买盘
618,14:24:57,13.72,-0.01,2118,2906389,卖盘
619,14:24:54,13.73,--,2660,3652180,买盘
620,14:24:51,13.73,--,81,111213,买盘
621,14:24:48,13.73,0.01,39,53547,买盘
622,14:24:45,13.72,-0.01,33,45276,卖盘
623,14:24:42,13.73,0.01,4,5492,买盘
624,14:24:39,13.72,-0.01,29,40885,卖盘
625,14:24:36,13.73,0.01,487,668925,买盘
626,14:24:33,13.72,-0.01,353,484316,卖盘
627,14:24:30,13.73,--,68,93364,买盘
628,14:24:27,13.73,--,630,864990,买盘
629,14:24:24,13.73,--,87,119451,买盘
630,14:24:21,13.73,--,1159,1591307,买盘
631,14:24:18,13.73,--,184,252632,买盘
632,14:24:15,13.73,--,5,6865,买盘
633,14:24:12,13.73,--,5,6865,买盘
634,14:24:09,13.73,--,41,56293,买盘
635,14:24:06,13.73,--,72,98856,买盘
636,14:24:03,13.73,0.01,1,1373,买盘
637,14:24:00,13.72,-0.01,96,131712,卖盘
638,14:23:54,13.73,--,1972,2708654,卖盘
639,14:23:51,13.73,-0.01,11,15103,卖盘
640,14:23:48,13.74,--,21,28854,买盘
641,14:23:45,13.74,--,6,8244,买盘
642,14:23:42,13.74,--,69,94806,买盘
643,14:23:39,13.74,--,30,41220,买盘
644,14:23:36,13.74,0.01,11,15114,买盘
645,14:23:33,13.73,-0.01,20,27460,卖盘
646,14:23:30,13.74,--,32,43968,买盘
647,14:23:27,13.74,--,81,111294,买盘
648,14:23:24,13.74,-0.01,1857,2552273,卖盘
649,14:23:21,13.75,--,19,26125,买盘
650,14:23:18,13.75,0.01,50,68750,买盘
651,14:23:15,13.74,--,17,23358,卖盘
652,14:23:12,13.74,-0.01,85,116790,卖盘
653,14:23:09,13.75,--,5,6875,买盘
654,14:23:06,13.75,--,38,52250,买盘
655,14:23:03,13.75,0.01,90,123750,买盘
656,14:23:00,13.74,--,40,54960,卖盘
657,14:22:57,13.74,--,40,54960,卖盘
658,14:22:54,13.74,--,3,4122,卖盘
659,14:22:51,13.74,-0.01,72,98928,卖盘
660,14:22:42,13.75,0.01,10,13750,买盘
661,14:22:39,13.74,-0.01,108,148392,卖盘
662,14:22:36,13.75,0.01,12,16500,买盘
663,14:22:30,13.74,--,22,30228,卖盘
664,14:22:27,13.74,-0.01,67,92058,卖盘
665,14:22:24,13.75,0.01,72,99000,买盘
666,14:22:21,13.74,-0.01,23,31602,卖盘
667,14:22:18,13.75,0.01,169,232375,买盘
668,14:22:15,13.74,-0.01,10,13740,卖盘
669,14:22:12,13.75,--,202,277750,买盘
670,14:22:09,13.75,--,18,24750,买盘
671,14:22:06,13.75,--,163,224125,卖盘
672,14:22:03,13.75,--,68,93500,卖盘
673,14:22:00,13.75,-0.01,44,60500,卖盘
674,14:21:57,13.76,--,15,20640,买盘
675,14:21:54,13.76,0.01,1,1376,买盘
676,14:21:51,13.75,--,10,13750,买盘
677,14:21:45,13.75,--,6,8250,卖盘
678,14:21:42,13.75,--,35,48125,卖盘
679,14:21:39,13.75,--,67,92125,卖盘
680,14:21:36,13.75,-0.01,25,34375,卖盘
681,14:21:30,13.76,0.01,56,77056,买盘
682,14:21:27,13.75,--,58,79750,卖盘
683,14:21:24,13.75,--,113,155375,卖盘
684,14:21:18,13.75,-0.01,280,385000,卖盘
685,14:21:15,13.76,0.01,86,118336,买盘
686,14:21:12,13.75,--,2,2750,卖盘
687,14:21:09,13.75,-0.01,1027,1412743,卖盘
688,14:21:06,13.76,--,4,5504,买盘
689,14:21:03,13.76,0.01,37,50912,买盘
690,14:21:00,13.75,--,55,75625,卖盘
691,14:20:57,13.75,-0.01,11,15125,卖盘
692,14:20:54,13.76,0.01,26,35776,买盘
693,14:20:48,13.75,-0.01,43,59125,卖盘
694,14:20:45,13.76,--,175,240800,买盘
695,14:20:42,13.76,0.01,6,8256,买盘
696,14:20:39,13.75,--,19,26125,卖盘
697,14:20:36,13.75,-0.01,18,24750,卖盘
698,14:20:33,13.76,--,16,22016,买盘
699,14:20:30,13.76,--,75,103200,买盘
700,14:20:27,13.76,-0.01,29,39904,卖盘
701,14:20:24,13.77,0.01,94,129438,买盘
702,14:20:21,13.76,0.01,58,79808,卖盘
703,14:20:18,13.75,-0.02,62,85250,卖盘
704,14:20:15,13.77,0.01,298,410346,买盘
705,14:20:12,13.76,-0.01,10,13760,中性盘
706,14:20:06,13.77,0.01,75,103275,买盘
707,14:20:03,13.76,-0.01,206,283456,卖盘
708,14:20:00,13.77,0.01,20,27540,买盘
709,14:19:57,13.76,-0.01,44,60544,卖盘
710,14:19:51,13.77,0.01,2,2754,买盘
711,14:19:48,13.76,--,273,375648,卖盘
712,14:19:45,13.76,--,10,13760,卖盘
713,14:19:42,13.76,-0.01,18,24768,卖盘
714,14:19:39,13.77,0.01,13,17901,买盘
715,14:19:30,13.76,--,83,114208,买盘
716,14:19:27,13.76,--,70,96320,买盘
717,14:19:24,13.76,--,184,253184,卖盘
718,14:19:21,13.76,--,150,206400,买盘
719,14:19:18,13.76,-0.01,82,112832,卖盘
720,14:19:15,13.77,0.01,5,6885,买盘
721,14:19:12,13.76,-0.01,5,6880,卖盘
722,14:19:09,13.77,0.01,35,48195,买盘
723,14:19:06,13.76,--,10,13760,卖盘
724,14:19:03,13.76,--,7,9632,卖盘
725,14:18:57,13.76,--,37,50912,卖盘
726,14:18:54,13.76,--,30,41280,卖盘
727,14:18:51,13.76,--,274,377024,卖盘
728,14:18:48,13.76,--,56,77056,卖盘
729,14:18:45,13.76,--,240,330240,卖盘
730,14:18:42,13.76,--,158,217408,卖盘
731,14:18:39,13.76,--,5,6880,卖盘
732,14:18:30,13.76,--,23,31648,卖盘
733,14:18:27,13.76,-0.01,27,37152,卖盘
734,14:18:24,13.77,0.01,31,42687,买盘
735,14:18:18,13.76,--,101,138976,卖盘
736,14:18:15,13.76,--,214,294464,卖盘
737,14:18:12,13.76,--,25,34400,卖盘
738,14:18:09,13.76,--,38,52288,卖盘
739,14:18:03,13.76,--,12,16512,卖盘
740,14:18:00,13.76,--,153,210528,卖盘
741,14:17:57,13.76,-0.01,45,61920,卖盘
742,14:17:54,13.77,0.01,63,86751,买盘
743,14:17:51,13.76,--,33,45408,卖盘
744,14:17:48,13.76,-0.01,22,30272,卖盘
745,14:17:45,13.77,0.01,21,28917,买盘
746,14:17:42,13.76,-0.01,10,13760,卖盘
747,14:17:39,13.77,0.01,9,12393,买盘
748,14:17:33,13.76,--,42,57792,卖盘
749,14:17:30,13.76,-0.01,145,199520,卖盘
750,14:17:27,13.77,0.01,7,9639,买盘
751,14:17:21,13.76,--,11,15136,卖盘
752,14:17:15,13.76,-0.01,12,16512,卖盘
753,14:17:12,13.77,0.01,30,41310,买盘
754,14:17:09,13.76,-0.01,134,184384,卖盘
755,14:17:06,13.77,0.01,5,6885,买盘
756,14:17:03,13.76,-0.01,85,116960,卖盘
757,14:17:00,13.77,--,207,285039,买盘
758,14:16:57,13.77,--,543,747711,卖盘
759,14:16:54,13.77,-0.01,21,28917,卖盘
760,14:16:51,13.78,--,10,13780,买盘
761,14:16:48,13.78,--,30,41340,买盘
762,14:16:45,13.78,--,210,289380,买盘
763,14:16:42,13.78,0.01,74,101972,买盘
764,14:16:39,13.77,--,18,24786,卖盘
765,14:16:36,13.77,-0.01,1,1377,卖盘
766,14:16:33,13.78,0.01,9,12402,买盘
767,14:16:30,13.77,-0.01,361,497097,卖盘
768,14:16:24,13.78,-0.01,455,626990,卖盘
769,14:16:21,13.79,0.01,17,23443,买盘
770,14:16:18,13.78,--,69,95082,卖盘
771,14:16:15,13.78,--,3,4134,卖盘
772,14:16:12,13.78,--,102,140556,买盘
773,14:16:09,13.78,--,56,77168,买盘
774,14:16:06,13.78,0.01,14,19292,买盘
775,14:16:03,13.77,-0.01,110,151470,卖盘
776,14:16:00,13.78,0.01,113,155714,买盘
777,14:15:57,13.77,-0.01,503,692631,卖盘
778,14:15:54,13.78,--,1,1378,买盘
779,14:15:51,13.78,--,13,17914,买盘
780,14:15:48,13.78,0.01,7,9646,买盘
781,14:15:39,13.77,--,32,44064,卖盘
782,14:15:36,13.77,0.01,43,59211,卖盘
783,14:15:33,13.76,-0.01,22,30272,卖盘
784,14:15:30,13.77,--,302,415854,买盘
785,14:15:27,13.77,--,293,403461,买盘
786,14:15:24,13.77,0.01,97,133569,买盘
787,14:15:21,13.76,-0.01,1,1376,卖盘
788,14:15:18,13.77,--,50,68850,买盘
789,14:15:15,13.77,0.01,51,70227,买盘
790,14:15:12,13.76,--,61,83936,卖盘
791,14:15:06,13.76,--,310,426560,买盘
792,14:15:03,13.76,--,12,16512,买盘
793,14:15:00,13.76,--,41,56416,买盘
794,14:14:57,13.76,-0.01,734,1009984,卖盘
795,14:14:54,13.77,0.01,70,96390,买盘
796,14:14:48,13.76,-0.01,82,112832,卖盘
797,14:14:45,13.77,0.01,7,9639,买盘
798,14:14:42,13.76,--,40,55040,卖盘
799,14:14:39,13.76,--,170,233920,卖盘
800,14:14:36,13.76,--,359,493984,卖盘
801,14:14:30,13.76,--,970,1334720,买盘
802,14:14:27,13.76,0.01,1184,1629184,买盘
803,14:14:24,13.75,--,501,688875,卖盘
804,14:14:21,13.75,0.01,2955,4063125,买盘
805,14:14:18,13.74,-0.01,127,174498,卖盘
806,14:14:15,13.75,0.01,10,13750,买盘
807,14:14:12,13.74,-0.01,23,31602,卖盘
808,14:14:09,13.75,0.01,18,24750,买盘
809,14:14:06,13.74,0.01,156,214344,卖盘
810,14:13:57,13.73,--,192,263890,卖盘
811,14:13:54,13.73,-0.01,242,332266,卖盘
812,14:13:51,13.74,--,46,63204,买盘
813,14:13:48,13.74,--,36,49464,买盘
814,14:13:45,13.74,0.01,31,42594,卖盘
815,14:13:42,13.73,-0.01,164,225172,卖盘
816,14:13:39,13.74,--,203,278922,买盘
817,14:13:36,13.74,0.01,40,54960,买盘
818,14:13:33,13.73,--,1,1373,卖盘
819,14:13:30,13.73,--,64,87872,卖盘
820,14:13:24,13.73,--,5,6865,卖盘
821,14:13:21,13.73,-0.01,72,98856,卖盘
822,14:13:18,13.74,--,4,5496,买盘
823,14:13:15,13.74,0.01,160,219840,买盘
824,14:13:12,13.73,-0.01,7,9611,卖盘
825,14:13:09,13.74,0.01,27,37098,买盘
826,14:13:03,13.73,-0.01,367,503891,卖盘
827,14:13:00,13.74,0.01,74,101676,买盘
828,14:12:57,13.73,-0.01,60,82380,卖盘
829,14:12:54,13.74,--,3,4122,买盘
830,14:12:48,13.74,0.01,32,43968,买盘
831,14:12:45,13.73,--,30,41190,卖盘
832,14:12:39,13.73,-0.01,30,41190,卖盘
833,14:12:33,13.74,0.01,16,21984,买盘
834,14:12:30,13.73,--,1,1373,卖盘
835,14:12:27,13.73,--,25,34325,卖盘
836,14:12:24,13.73,--,15,20595,卖盘
837,14:12:15,13.73,--,5,6865,卖盘
838,14:12:12,13.73,--,32,43936,卖盘
839,14:12:06,13.73,--,1,1373,卖盘
840,14:12:03,13.73,--,1,1373,卖盘
841,14:12:00,13.73,--,5,6865,卖盘
842,14:11:57,13.73,--,139,190847,卖盘
843,14:11:54,13.73,--,6,8238,卖盘
844,14:11:51,13.73,-0.01,1,1373,卖盘
845,14:11:48,13.74,0.01,224,307776,买盘
846,14:11:45,13.73,--,5,6865,卖盘
847,14:11:42,13.73,--,1,1373,卖盘
848,14:11:39,13.73,--,10,13730,卖盘
849,14:11:33,13.73,--,3,4119,卖盘
850,14:11:27,13.73,--,26,35698,卖盘
851,14:11:24,13.73,-0.01,130,178490,卖盘
852,14:11:21,13.74,0.01,3,4122,买盘
853,14:11:18,13.73,--,1,1373,卖盘
854,14:11:15,13.73,--,17,23341,卖盘
855,14:11:12,13.73,--,3,4119,卖盘
856,14:11:09,13.73,0.01,3,4119,卖盘
857,14:11:06,13.72,--,8,10976,卖盘
858,14:11:03,13.72,-0.01,91,126045,卖盘
859,14:11:00,13.73,0.01,133,182609,买盘
860,14:10:57,13.72,-0.01,456,625632,卖盘
861,14:10:54,13.73,--,9,12357,买盘
862,14:10:51,13.73,--,48,65904,买盘
863,14:10:48,13.73,--,9,12357,买盘
864,14:10:45,13.73,--,245,336385,买盘
865,14:10:42,13.73,--,97,133181,买盘
866,14:10:39,13.73,--,19,26087,买盘
867,14:10:36,13.73,0.01,20,27460,买盘
868,14:10:33,13.72,--,30,41160,卖盘
869,14:10:30,13.72,--,421,577612,卖盘
870,14:10:27,13.72,-0.01,35,48020,卖盘
871,14:10:24,13.73,0.01,21,28833,买盘
872,14:10:21,13.72,--,41,56252,卖盘
873,14:10:18,13.72,-0.01,15,20580,卖盘
874,14:10:15,13.73,0.01,15,20595,买盘
875,14:10:12,13.72,-0.01,1,1372,卖盘
876,14:10:09,13.73,--,79,108467,买盘
877,14:10:06,13.73,-0.01,1863,2558077,卖盘
878,14:10:03,13.74,--,60,82440,买盘
879,14:10:00,13.74,-0.01,588,807912,卖盘
880,14:09:57,13.75,0.01,36,49500,买盘
881,14:09:54,13.74,--,27,37098,卖盘
882,14:09:51,13.74,-0.01,4,5496,卖盘
883,14:09:48,13.75,0.01,4,5500,买盘
884,14:09:42,13.74,-0.01,11,15114,卖盘
885,14:09:39,13.75,0.01,20,27500,买盘
886,14:09:36,13.74,--,10,13740,卖盘
887,14:09:33,13.74,--,199,273426,卖盘
888,14:09:30,13.74,--,12,16488,卖盘
889,14:09:27,13.74,0.01,38,52212,买盘
890,14:09:21,13.73,-0.01,102,140046,卖盘
891,14:09:18,13.74,0.01,1,1374,买盘
892,14:09:15,13.73,-0.01,1,1373,卖盘
893,14:09:12,13.74,--,60,82440,买盘
894,14:09:09,13.74,0.01,71,97554,买盘
895,14:09:06,13.73,-0.01,6,8238,卖盘
896,14:09:03,13.74,--,103,141522,买盘
897,14:09:00,13.74,0.01,12,16488,买盘
898,14:08:57,13.73,-0.01,146,200458,卖盘
899,14:08:54,13.74,--,4,5496,买盘
900,14:08:51,13.74,--,3,4122,买盘
901,14:08:48,13.74,0.01,17,23358,买盘
902,14:08:45,13.73,--,22,30206,卖盘
903,14:08:42,13.73,--,1,1373,卖盘
904,14:08:39,13.73,-0.01,2,2746,卖盘
905,14:08:36,13.74,0.01,7,9618,买盘
906,14:08:33,13.73,-0.01,17,23341,卖盘
907,14:08:30,13.74,0.01,456,626544,买盘
908,14:08:27,13.73,-0.01,48,65904,卖盘
909,14:08:24,13.74,--,46,63204,买盘
910,14:08:21,13.74,0.01,30,41220,买盘
911,14:08:18,13.73,-0.01,1,1373,卖盘
912,14:08:15,13.74,0.01,28,38472,买盘
913,14:08:12,13.73,--,30,41190,卖盘
914,14:08:09,13.73,-0.01,1,1373,卖盘
915,14:08:06,13.74,--,1,1374,买盘
916,14:08:03,13.74,0.01,1,1374,买盘
917,14:08:00,13.73,--,15,20595,卖盘
918,14:07:57,13.73,-0.02,1023,1404579,卖盘
919,14:07:54,13.75,--,51,70125,买盘
920,14:07:51,13.75,0.01,158,217250,买盘
921,14:07:48,13.74,--,88,120912,卖盘
922,14:07:45,13.74,-0.01,1,1374,卖盘
923,14:07:42,13.75,--,18,24750,买盘
924,14:07:39,13.75,--,96,132000,买盘
925,14:07:36,13.75,0.01,21,28875,买盘
926,14:07:33,13.74,-0.01,10,13740,卖盘
927,14:07:30,13.75,--,204,280500,买盘
928,14:07:27,13.75,--,6,8250,买盘
929,14:07:24,13.75,--,55,75625,买盘
930,14:07:18,13.75,--,6,8250,买盘
931,14:07:15,13.75,--,14,19250,卖盘
932,14:07:12,13.75,0.01,6,8250,买盘
933,14:07:06,13.74,--,8,10992,卖盘
934,14:07:03,13.74,-0.01,24,32976,卖盘
935,14:07:00,13.75,-0.01,13,17875,中性盘
936,14:06:57,13.76,0.02,322,443072,买盘
937,14:06:54,13.74,-0.01,39,53586,卖盘
938,14:06:51,13.75,0.01,22,30250,卖盘
939,14:06:48,13.74,-0.02,549,754930,卖盘
940,14:06:45,13.76,0.01,1,1376,买盘
941,14:06:42,13.75,-0.01,60,82500,卖盘
942,14:06:36,13.76,0.01,3,4128,买盘
943,14:06:33,13.75,--,20,27500,卖盘
944,14:06:30,13.75,--,36,49500,卖盘
945,14:06:24,13.75,0.01,17,23375,中性盘
946,14:06:15,13.74,-0.01,452,621048,卖盘
947,14:06:12,13.75,--,26,35750,卖盘
948,14:06:09,13.75,--,2,2750,卖盘
949,14:06:06,13.75,--,10,13750,卖盘
950,14:06:03,13.75,0.01,158,217841,买盘
951,14:05:54,13.74,--,37,50838,卖盘
952,14:05:51,13.74,-0.01,23,31602,卖盘
953,14:05:48,13.75,0.01,6,8250,买盘
954,14:05:45,13.74,--,55,75570,卖盘
955,14:05:36,13.74,--,3,4122,卖盘
956,14:05:33,13.74,--,27,37098,卖盘
957,14:05:30,13.74,--,33,45342,卖盘
958,14:05:27,13.74,-0.01,65,89310,卖盘
959,14:05:21,13.75,--,57,78375,买盘
960,14:05:18,13.75,--,201,277158,卖盘
961,14:05:15,13.75,--,199,273625,卖盘
962,14:05:12,13.75,-0.01,15,20625,卖盘
963,14:05:09,13.76,0.01,35,48160,买盘
964,14:05:06,13.75,--,50,68750,卖盘
965,14:05:03,13.75,--,80,110000,卖盘
966,14:05:00,13.75,--,18,24750,卖盘
967,14:04:57,13.75,--,10,13750,卖盘
968,14:04:54,13.75,-0.01,94,129250,卖盘
969,14:04:48,13.76,0.01,30,41280,买盘
970,14:04:45,13.75,-0.01,2,2750,卖盘
971,14:04:39,13.76,--,10,13760,买盘
972,14:04:36,13.76,--,30,41280,买盘
973,14:04:33,13.76,0.01,50,68800,买盘
974,14:04:30,13.75,-0.01,801,1101375,卖盘
975,14:04:27,13.76,-0.01,35,48160,卖盘
976,14:04:24,13.77,--,10,13770,买盘
977,14:04:21,13.77,0.01,10,13770,买盘
978,14:04:18,13.76,-0.01,3,4128,卖盘
979,14:04:15,13.77,--,43,59211,买盘
980,14:04:12,13.77,--,12,16524,买盘
981,14:04:09,13.77,--,10,13770,买盘
982,14:04:06,13.77,--,2,2754,买盘
983,14:04:03,13.77,0.01,44,60588,买盘
984,14:04:00,13.76,-0.01,9,12384,卖盘
985,14:03:57,13.77,0.01,14,19278,买盘
986,14:03:54,13.76,-0.01,97,133472,卖盘
987,14:03:51,13.77,--,26,35802,买盘
988,14:03:48,13.77,--,5,6885,买盘
989,14:03:45,13.77,--,223,307071,买盘
990,14:03:39,13.77,--,54,74358,买盘
991,14:03:33,13.77,--,37,50949,买盘
992,14:03:30,13.77,--,61,83997,买盘
993,14:03:27,13.77,0.01,38,52326,买盘
994,14:03:24,13.76,-0.01,10,13760,卖盘
995,14:03:21,13.77,--,93,128061,买盘
996,14:03:18,13.77,--,8,11016,买盘
997,14:03:15,13.77,--,9,12393,买盘
998,14:03:09,13.77,--,175,240975,买盘
999,14:03:06,13.77,--,50,68850,买盘
1000,14:03:03,13.77,--,355,488835,买盘
1001,14:03:00,13.77,--,10,13770,买盘
1002,14:02:57,13.77,0.01,93,128061,买盘
1003,14:02:54,13.76,--,5,6880,卖盘
1004,14:02:51,13.76,--,4,5504,卖盘
1005,14:02:48,13.76,0.01,101,138976,买盘
1006,14:02:42,13.75,-0.01,4,5500,卖盘
1007,14:02:39,13.76,0.01,30,41280,买盘
1008,14:02:36,13.75,--,99,136716,买盘
1009,14:02:33,13.75,-0.01,139,191908,卖盘
1010,14:02:30,13.76,0.01,32,44032,买盘
1011,14:02:27,13.75,--,2,2750,卖盘
1012,14:02:21,13.75,0.01,18,25341,买盘
1013,14:02:18,13.74,0.01,155,212970,中性盘
1014,14:02:06,13.73,-0.01,28,38444,卖盘
1015,14:02:00,13.74,--,32,43968,买盘
1016,14:01:57,13.74,--,3,4122,买盘
1017,14:01:54,13.74,-0.01,5,6870,卖盘
1018,14:01:51,13.75,--,30,41250,买盘
1019,14:01:48,13.75,--,52,71500,买盘
1020,14:01:45,13.75,0.01,33,45375,买盘
1021,14:01:39,13.74,--,44,60456,卖盘
1022,14:01:36,13.74,-0.01,63,86562,卖盘
1023,14:01:33,13.75,0.01,263,361625,买盘
1024,14:01:27,13.74,--,63,86562,卖盘
1025,14:01:24,13.74,0.02,44,60456,卖盘
1026,14:01:18,13.72,-0.02,663,909636,卖盘
1027,14:01:15,13.74,-0.01,6,8244,中性盘
1028,14:01:12,13.75,--,27,37908,卖盘
1029,14:01:09,13.75,0.02,476,655091,买盘
1030,14:01:06,13.73,--,1,1373,卖盘
1031,14:01:03,13.73,--,48,65904,卖盘
1032,14:01:00,13.73,-0.02,10,13730,中性盘
1033,14:00:54,13.75,0.02,635,873125,买盘
1034,14:00:51,13.73,0.01,32,43936,买盘
1035,14:00:48,13.72,--,2,2744,卖盘
1036,14:00:45,13.72,-0.01,7,9604,卖盘
1037,14:00:42,13.73,0.01,449,616477,买盘
1038,14:00:39,13.72,-0.01,11,15092,卖盘
1039,14:00:36,13.73,--,20,27460,买盘
1040,14:00:33,13.73,0.01,50,68650,买盘
1041,14:00:27,13.72,--,23,31556,卖盘
1042,14:00:24,13.72,--,31,42532,卖盘
1043,14:00:21,13.72,--,5,6860,卖盘
1044,14:00:18,13.72,--,290,397880,卖盘
1045,14:00:15,13.72,--,34,46648,卖盘
1046,14:00:12,13.72,--,31,42532,卖盘
1047,14:00:06,13.72,-0.01,6,8232,卖盘
1048,14:00:03,13.73,0.01,30,41190,买盘
1049,14:00:00,13.72,--,45,61740,卖盘
1050,13:59:54,13.72,--,285,392076,买盘
1051,13:59:51,13.72,--,38,52136,买盘
1052,13:59:48,13.72,--,40,54880,买盘
1053,13:59:45,13.72,-0.01,469,643783,卖盘
1054,13:59:42,13.73,--,137,188101,买盘
1055,13:59:39,13.73,0.01,3,4119,买盘
1056,13:59:36,13.72,-0.01,111,152292,卖盘
1057,13:59:33,13.73,0.01,279,383067,买盘
1058,13:59:30,13.72,--,15,20580,卖盘
1059,13:59:27,13.72,--,54,74088,卖盘
1060,13:59:24,13.72,--,26,35672,卖盘
1061,13:59:21,13.72,--,46,63112,卖盘
1062,13:59:18,13.72,-0.01,20,27440,卖盘
1063,13:59:15,13.73,0.01,653,896569,买盘
1064,13:59:12,13.72,-0.01,60,82320,卖盘
1065,13:59:09,13.73,0.01,10,13730,买盘
1066,13:59:03,13.72,-0.01,12,16464,卖盘
1067,13:59:00,13.73,--,22,30206,买盘
1068,13:58:54,13.73,0.01,39,53547,买盘
1069,13:58:45,13.72,-0.01,203,278516,卖盘
1070,13:58:42,13.73,--,4,5492,买盘
1071,13:58:39,13.73,0.01,16,21968,买盘
1072,13:58:36,13.72,-0.01,5,6860,卖盘
1073,13:58:33,13.73,--,12,16476,买盘
1074,13:58:30,13.73,--,122,167506,卖盘
1075,13:58:27,13.73,--,40,54920,卖盘
1076,13:58:24,13.73,--,5,6865,卖盘
1077,13:58:18,13.73,--,769,1055837,买盘
1078,13:58:15,13.73,--,16,21968,买盘
1079,13:58:12,13.73,0.01,72,98856,买盘
1080,13:58:09,13.72,--,1,1372,卖盘
1081,13:58:03,13.72,--,27,37044,卖盘
1082,13:58:00,13.72,--,5,6860,卖盘
1083,13:57:57,13.72,--,2,2744,卖盘
1084,13:57:54,13.72,--,34,46648,卖盘
1085,13:57:51,13.72,--,67,91924,卖盘
1086,13:57:48,13.72,--,93,128652,买盘
1087,13:57:36,13.72,--,20,27440,卖盘
1088,13:57:33,13.72,--,36,49392,买盘
1089,13:57:30,13.72,0.01,5,6860,买盘
1090,13:57:27,13.71,-0.01,22,30162,卖盘
1091,13:57:21,13.72,--,72,98784,买盘
1092,13:57:18,13.72,-0.01,3001,4117372,卖盘
1093,13:57:15,13.73,0.01,290,398170,买盘
1094,13:57:12,13.72,--,23,31556,卖盘
1095,13:57:09,13.72,--,75,102900,卖盘
1096,13:57:06,13.72,--,20,27440,卖盘
1097,13:56:57,13.72,-0.01,44,60368,卖盘
1098,13:56:54,13.73,0.01,1042,1430666,买盘
1099,13:56:51,13.72,--,34,46648,卖盘
1100,13:56:48,13.72,--,20,27440,卖盘
1101,13:56:45,13.72,-0.01,6,8232,卖盘
1102,13:56:42,13.73,0.01,2,2746,买盘
1103,13:56:30,13.72,--,220,301840,卖盘
1104,13:56:27,13.72,--,26,35672,卖盘
1105,13:56:24,13.72,-0.01,136,186592,卖盘
1106,13:56:21,13.73,--,132,181236,买盘
1107,13:56:18,13.73,--,53,72769,买盘
1108,13:56:12,13.73,-0.01,48,65904,卖盘
1109,13:56:06,13.74,0.01,11,15114,买盘
1110,13:56:03,13.73,--,193,264989,卖盘
1111,13:56:00,13.73,--,361,495653,买盘
1112,13:55:57,13.73,--,10,13730,买盘
1113,13:55:54,13.73,--,105,144165,买盘
1114,13:55:51,13.73,0.01,16,21968,买盘
1115,13:55:48,13.72,-0.02,18,24696,卖盘
1116,13:55:45,13.74,0.02,8,10992,买盘
1117,13:55:36,13.72,-0.02,34,46648,卖盘
1118,13:55:33,13.74,0.01,509,699366,买盘
1119,13:55:30,13.73,0.01,20,27460,买盘
1120,13:55:27,13.72,--,28,38416,卖盘
1121,13:55:24,13.72,-0.01,35,48020,卖盘
1122,13:55:21,13.73,--,50,68650,买盘
1123,13:55:18,13.73,0.01,2,2746,买盘
1124,13:55:12,13.72,--,45,61740,卖盘
1125,13:55:09,13.72,--,82,113683,卖盘
1126,13:55:03,13.72,--,47,64484,卖盘
1127,13:55:00,13.72,--,3,4116,卖盘
1128,13:54:57,13.72,--,10,13720,卖盘
1129,13:54:54,13.72,--,34,46648,卖盘
1130,13:54:51,13.72,--,26,35672,卖盘
1131,13:54:48,13.72,--,70,96040,卖盘
1132,13:54:45,13.72,--,3,4116,卖盘
1133,13:54:42,13.72,--,19,26068,卖盘
1134,13:54:39,13.72,--,70,96040,卖盘
1135,13:54:36,13.72,-0.01,19,26068,卖盘
1136,13:54:33,13.73,0.01,1,1373,买盘
1137,13:54:30,13.72,--,8,10976,卖盘
1138,13:54:27,13.72,--,84,115248,卖盘
1139,13:54:21,13.72,--,88,121970,买盘
1140,13:54:18,13.72,0.01,2,2744,买盘
1141,13:54:15,13.71,--,10,13710,卖盘
1142,13:54:12,13.71,-0.01,1,1371,卖盘
1143,13:54:09,13.72,0.01,195,267540,买盘
1144,13:54:06,13.71,--,265,363315,卖盘
1145,13:54:03,13.71,--,51,69921,卖盘
1146,13:53:57,13.71,--,19,26049,卖盘
1147,13:53:54,13.71,-0.01,45,61695,卖盘
1148,13:53:51,13.72,0.01,2,2744,买盘
1149,13:53:48,13.71,--,270,370170,卖盘
1150,13:53:45,13.71,--,20,27420,卖盘
1151,13:53:42,13.71,--,36,49356,卖盘
1152,13:53:39,13.71,--,40,54840,卖盘
1153,13:53:36,13.71,--,55,75405,卖盘
1154,13:53:33,13.71,--,97,132987,卖盘
1155,13:53:30,13.71,--,251,344121,卖盘
1156,13:53:27,13.71,--,41,56211,卖盘
1157,13:53:24,13.71,--,158,216618,卖盘
1158,13:53:21,13.71,--,71,97341,卖盘
1159,13:53:18,13.71,--,10,13710,卖盘
1160,13:53:15,13.71,-0.01,17,23307,卖盘
1161,13:53:12,13.72,0.01,23,31556,买盘
1162,13:53:09,13.71,--,14,19194,卖盘
1163,13:53:06,13.71,--,6,8226,卖盘
1164,13:53:03,13.71,--,62,85002,卖盘
1165,13:53:00,13.71,-0.01,33,45859,卖盘
1166,13:52:57,13.72,0.01,51,69972,买盘
1167,13:52:51,13.71,--,87,119277,卖盘
1168,13:52:48,13.71,-0.01,11,15081,卖盘
1169,13:52:45,13.72,--,77,105781,卖盘
1170,13:52:42,13.72,--,34,46648,卖盘
1171,13:52:39,13.72,--,167,229124,卖盘
1172,13:52:36,13.72,--,63,86436,卖盘
1173,13:52:33,13.72,--,1542,2115624,卖盘
1174,13:52:30,13.72,--,19,26068,卖盘
1175,13:52:27,13.72,-0.01,20,27440,卖盘
1176,13:52:24,13.73,0.01,80,109840,买盘
1177,13:52:21,13.72,--,2,2744,卖盘
1178,13:52:18,13.72,-0.01,5,6860,卖盘
1179,13:52:15,13.73,0.01,46,63158,买盘
1180,13:52:12,13.72,-0.01,268,367696,卖盘
1181,13:52:06,13.73,0.01,35,48055,买盘
1182,13:52:03,13.72,-0.01,48,65856,卖盘
1183,13:52:00,13.73,--,21,28833,买盘
1184,13:51:54,13.73,0.01,100,137300,买盘
1185,13:51:51,13.72,--,34,46648,卖盘
1186,13:51:48,13.72,-0.01,85,116620,卖盘
1187,13:51:42,13.73,--,21,28833,买盘
1188,13:51:39,13.73,--,5,6865,买盘
1189,13:51:36,13.73,--,25,34325,买盘
1190,13:51:33,13.73,0.01,187,256751,买盘
1191,13:51:30,13.72,--,570,782040,卖盘
1192,13:51:27,13.72,--,22,30184,卖盘
1193,13:51:21,13.72,-0.01,44,60368,卖盘
1194,13:51:18,13.73,--,38,52476,卖盘
1195,13:51:15,13.73,--,19,26087,卖盘
1196,13:51:12,13.73,--,12,16476,卖盘
1197,13:51:09,13.73,--,22,30206,卖盘
1198,13:51:06,13.73,0.01,184,253702,买盘
1199,13:51:03,13.72,--,308,422576,卖盘
1200,13:51:00,13.72,-0.01,116,159961,卖盘
1201,13:50:57,13.73,0.01,123,168879,买盘
1202,13:50:54,13.72,--,8,10976,卖盘
1203,13:50:51,13.72,--,83,113876,卖盘
1204,13:50:48,13.72,--,15,20580,卖盘
1205,13:50:42,13.72,--,29,39788,卖盘
1206,13:50:39,13.72,-0.01,5,6860,卖盘
1207,13:50:36,13.73,0.01,23,31579,买盘
1208,13:50:33,13.72,--,31,42532,卖盘
1209,13:50:30,13.72,-0.01,50,68600,卖盘
1210,13:50:27,13.73,--,39,53547,买盘
1211,13:50:24,13.73,--,10,13730,买盘
1212,13:50:21,13.73,--,13,17849,买盘
1213,13:50:18,13.73,--,135,185780,卖盘
1214,13:50:15,13.73,--,81,111473,卖盘
1215,13:50:12,13.73,-0.01,4,5492,卖盘
1216,13:50:09,13.74,0.01,350,480900,买盘
1217,13:50:06,13.73,--,12,16476,卖盘
1218,13:50:03,13.73,--,11,15103,卖盘
1219,13:50:00,13.73,--,14,19222,卖盘
1220,13:49:57,13.73,-0.01,10,13730,卖盘
1221,13:49:54,13.74,--,83,114042,卖盘
1222,13:49:51,13.74,0.01,236,325569,买盘
1223,13:49:48,13.73,--,22,30961,卖盘
1224,13:49:42,13.73,--,22,30206,卖盘
1225,13:49:39,13.73,--,81,111213,卖盘
1226,13:49:36,13.73,--,8,10984,卖盘
1227,13:49:33,13.73,--,10,13730,卖盘
1228,13:49:30,13.73,--,55,75515,卖盘
1229,13:49:27,13.73,--,44,60412,卖盘
1230,13:49:24,13.73,--,10,14032,卖盘
1231,13:49:21,13.73,--,27,37194,买盘
1232,13:49:18,13.73,0.01,35,48055,买盘
1233,13:49:15,13.72,-0.01,45,61740,卖盘
1234,13:49:09,13.73,--,17,24590,卖盘
1235,13:49:03,13.73,--,3,4119,卖盘
1236,13:49:00,13.73,--,107,147034,买盘
1237,13:48:57,13.73,--,15,20595,买盘
1238,13:48:54,13.73,0.01,2,2746,买盘
1239,13:48:51,13.72,-0.01,102,139944,卖盘
1240,13:48:45,13.73,0.01,34,46682,买盘
1241,13:48:42,13.72,-0.01,38,52136,卖盘
1242,13:48:39,13.73,0.01,51,70023,买盘
1243,13:48:36,13.72,-0.01,53,72716,卖盘
1244,13:48:33,13.73,--,11,15103,买盘
1245,13:48:30,13.73,--,1971,2706183,卖盘
1246,13:48:27,13.73,--,189,259497,卖盘
1247,13:48:24,13.73,-0.01,24,32952,卖盘
1248,13:48:21,13.74,--,54,74196,买盘
1249,13:48:18,13.74,-0.01,151,207542,卖盘
1250,13:48:15,13.75,0.01,18,24750,买盘
1251,13:48:12,13.74,-0.01,192,263808,卖盘
1252,13:48:09,13.75,0.01,11,15125,买盘
1253,13:48:06,13.74,-0.01,186,255564,卖盘
1254,13:48:03,13.75,-0.01,1,1375,买盘
1255,13:47:54,13.76,0.01,90,123840,买盘
1256,13:47:51,13.75,--,682,937750,卖盘
1257,13:47:48,13.75,--,3,4125,卖盘
1258,13:47:42,13.75,--,15,20625,卖盘
1259,13:47:36,13.75,-0.01,12,16500,卖盘
1260,13:47:33,13.76,--,220,302720,买盘
1261,13:47:30,13.76,0.01,26,35776,买盘
1262,13:47:27,13.75,--,158,217250,卖盘
1263,13:47:24,13.75,--,6,8250,卖盘
1264,13:47:21,13.75,-0.01,2,2750,卖盘
1265,13:47:18,13.76,0.01,3,4128,买盘
1266,13:47:12,13.75,--,6,8250,卖盘
1267,13:47:03,13.75,--,4,5500,卖盘
1268,13:47:00,13.75,--,55,75625,买盘
1269,13:46:57,13.75,0.01,315,433125,买盘
1270,13:46:51,13.74,-0.01,34,46716,卖盘
1271,13:46:48,13.75,0.01,152,209000,买盘
1272,13:46:45,13.74,--,107,147018,卖盘
1273,13:46:36,13.74,--,3,4122,卖盘
1274,13:46:33,13.74,-0.01,13,17862,卖盘
1275,13:46:30,13.75,0.01,10,13750,买盘
1276,13:46:27,13.74,--,30,41220,卖盘
1277,13:46:24,13.74,--,9,13135,卖盘
1278,13:46:21,13.74,--,63,86562,卖盘
1279,13:46:12,13.74,--,7,9618,卖盘
1280,13:46:09,13.74,--,21,28854,卖盘
1281,13:46:06,13.74,-0.01,21,29032,卖盘
1282,13:46:00,13.75,0.01,44,60500,买盘
1283,13:45:51,13.74,-0.01,51,70074,卖盘
1284,13:45:48,13.75,0.01,80,110000,买盘
1285,13:45:45,13.74,--,33,46235,卖盘
1286,13:45:42,13.74,--,10,13740,卖盘
1287,13:45:39,13.74,--,419,576544,买盘
1288,13:45:36,13.74,0.01,187,256938,买盘
1289,13:45:33,13.73,-0.01,43,59039,卖盘
1290,13:45:30,13.74,0.01,5,6870,买盘
1291,13:45:27,13.73,-0.01,23,31579,卖盘
1292,13:45:24,13.74,0.01,80,109920,买盘
1293,13:45:21,13.73,-0.01,3,4119,卖盘
1294,13:45:18,13.74,--,42,57708,买盘
1295,13:45:15,13.74,--,115,158010,买盘
1296,13:45:12,13.74,--,28,38472,买盘
1297,13:45:09,13.74,0.01,9,12366,买盘
1298,13:45:06,13.73,--,5,6865,卖盘
1299,13:45:03,13.73,-0.01,82,112586,卖盘
1300,13:45:00,13.74,0.01,23,31602,买盘
1301,13:44:57,13.73,--,5,6865,卖盘
1302,13:44:54,13.73,-0.01,5,6865,卖盘
1303,13:44:51,13.74,--,34,46716,卖盘
1304,13:44:48,13.74,--,3,4122,卖盘
1305,13:44:45,13.74,--,13,17862,买盘
1306,13:44:42,13.74,--,7,9618,买盘
1307,13:44:39,13.74,--,283,388842,卖盘
1308,13:44:36,13.74,-0.01,248,340752,卖盘
1309,13:44:33,13.75,0.01,11,15125,买盘
1310,13:44:27,13.74,-0.01,137,188238,卖盘
1311,13:44:24,13.75,--,28,38500,买盘
1312,13:44:21,13.75,0.01,57,78375,买盘
1313,13:44:15,13.74,--,7,9618,卖盘
1314,13:44:12,13.74,0.01,94,129156,卖盘
1315,13:44:09,13.73,-0.01,29,39817,卖盘
1316,13:44:06,13.74,--,13,17862,卖盘
1317,13:44:03,13.74,0.01,1,1374,卖盘
1318,13:44:00,13.73,--,5,6865,卖盘
1319,13:43:57,13.73,-0.01,160,219680,卖盘
1320,13:43:54,13.74,--,15,20610,买盘
1321,13:43:51,13.74,--,46,63204,买盘
1322,13:43:48,13.74,--,30,41220,买盘
1323,13:43:45,13.74,--,15,20610,买盘
1324,13:43:42,13.74,--,4,5496,买盘
1325,13:43:39,13.74,-0.01,621,853254,卖盘
1326,13:43:36,13.75,--,79,108625,买盘
1327,13:43:33,13.75,0.01,249,342375,买盘
1328,13:43:30,13.74,-0.01,335,460290,卖盘
1329,13:43:27,13.75,--,96,132000,买盘
1330,13:43:24,13.75,--,87,119625,买盘
1331,13:43:21,13.75,--,3,4125,买盘
1332,13:43:18,13.75,--,343,471625,卖盘
1333,13:43:12,13.75,--,209,287375,买盘
1334,13:43:09,13.75,--,363,499125,卖盘
1335,13:43:06,13.75,--,51,70125,卖盘
1336,13:43:03,13.75,-0.01,5,6875,卖盘
1337,13:43:00,13.76,0.01,34,46784,买盘
1338,13:42:57,13.75,-0.01,15,20625,卖盘
1339,13:42:51,13.76,--,45,61920,买盘
1340,13:42:48,13.76,--,45,61920,买盘
1341,13:42:45,13.76,--,25,34400,买盘
1342,13:42:42,13.76,--,270,371520,买盘
1343,13:42:30,13.76,0.01,10,13760,买盘
1344,13:42:27,13.75,--,25,34375,卖盘
1345,13:42:24,13.75,-0.01,527,724625,卖盘
1346,13:42:21,13.76,--,79,108704,买盘
1347,13:42:18,13.76,--,43,59168,买盘
1348,13:42:15,13.76,0.01,9,12384,买盘
1349,13:42:12,13.75,-0.01,15,20625,卖盘
1350,13:42:06,13.76,--,65,89440,买盘
1351,13:42:00,13.76,0.01,11,15136,买盘
1352,13:41:57,13.75,-0.01,26,35750,卖盘
1353,13:41:54,13.76,0.01,31,42656,买盘
1354,13:41:51,13.75,--,6,8250,卖盘
1355,13:41:48,13.75,-0.01,147,202125,卖盘
1356,13:41:45,13.76,--,5,6880,买盘
1357,13:41:39,13.76,--,7,9632,买盘
1358,13:41:36,13.76,0.02,2,2752,买盘
1359,13:41:33,13.74,-0.02,278,381972,卖盘
1360,13:41:30,13.76,--,22,30272,买盘
1361,13:41:27,13.76,--,57,78432,买盘
1362,13:41:24,13.76,--,249,343078,买盘
1363,13:41:21,13.76,0.01,10,13760,买盘
1364,13:41:18,13.75,--,6,8250,卖盘
1365,13:41:15,13.75,-0.01,31,42625,卖盘
1366,13:41:12,13.76,0.01,59,82105,买盘
1367,13:41:09,13.75,-0.01,460,632953,卖盘
1368,13:41:03,13.76,0.01,118,162368,买盘
1369,13:41:00,13.75,-0.01,5,6875,卖盘
1370,13:40:57,13.76,0.01,150,206400,买盘
1371,13:40:54,13.75,--,13,17875,卖盘
1372,13:40:51,13.75,--,150,206250,卖盘
1373,13:40:48,13.75,-0.01,136,187000,卖盘
1374,13:40:45,13.76,0.01,5,6880,买盘
1375,13:40:42,13.75,--,135,185625,卖盘
1376,13:40:36,13.75,--,1,1375,卖盘
1377,13:40:30,13.75,--,25,34375,卖盘
1378,13:40:27,13.75,--,24,33000,卖盘
1379,13:40:21,13.75,--,15,20625,卖盘
1380,13:40:18,13.75,0.01,406,559171,买盘
1381,13:40:15,13.74,--,43,59082,卖盘
1382,13:40:03,13.74,--,314,431436,卖盘
1383,13:39:57,13.74,--,10,13740,卖盘
1384,13:39:54,13.74,--,5,6870,卖盘
1385,13:39:48,13.74,-0.01,34,46716,卖盘
1386,13:39:45,13.75,0.01,3,4125,买盘
1387,13:39:42,13.74,--,1,1374,卖盘
1388,13:39:39,13.74,--,17,23358,卖盘
1389,13:39:36,13.74,--,13,17862,卖盘
1390,13:39:33,13.74,-0.01,12,16488,卖盘
1391,13:39:30,13.75,0.01,90,123750,买盘
1392,13:39:27,13.74,--,51,70074,卖盘
1393,13:39:24,13.74,-0.01,41,56334,卖盘
1394,13:39:18,13.75,--,13,17875,买盘
1395,13:39:15,13.75,--,7,9625,买盘
1396,13:39:12,13.75,--,10,13750,买盘
1397,13:39:09,13.75,--,20,27500,买盘
1398,13:39:06,13.75,0.01,10,13750,买盘
1399,13:39:00,13.74,-0.01,26,35724,卖盘
1400,13:38:57,13.75,--,5,6875,买盘
1401,13:38:51,13.75,--,20,27500,买盘
1402,13:38:48,13.75,--,340,467500,卖盘
1403,13:38:42,13.75,--,60,82500,卖盘
1404,13:38:36,13.75,--,26,35750,卖盘
1405,13:38:33,13.75,--,16,22000,卖盘
1406,13:38:27,13.75,--,44,60500,卖盘
1407,13:38:21,13.75,--,4,5500,卖盘
1408,13:38:18,13.75,--,59,81125,卖盘
1409,13:38:09,13.75,-0.01,80,110000,卖盘
1410,13:38:06,13.76,0.01,35,48160,买盘
1411,13:38:03,13.75,-0.01,14,19250,卖盘
1412,13:38:00,13.76,--,47,64672,买盘
1413,13:37:57,13.76,--,18,24768,买盘
1414,13:37:54,13.76,--,50,68800,买盘
1415,13:37:51,13.76,0.01,1,1376,买盘
1416,13:37:48,13.75,--,100,137500,卖盘
1417,13:37:45,13.75,--,13,17875,卖盘
1418,13:37:42,13.75,--,46,63250,卖盘
1419,13:37:36,13.75,--,10,13750,卖盘
1420,13:37:33,13.75,--,18,24750,卖盘
1421,13:37:27,13.75,--,22,30250,卖盘
1422,13:37:24,13.75,--,33,45375,卖盘
1423,13:37:21,13.75,--,5,6875,卖盘
1424,13:37:15,13.75,-0.01,142,195250,卖盘
1425,13:37:12,13.76,0.01,4,5504,买盘
1426,13:37:09,13.75,--,10,13750,卖盘
1427,13:37:06,13.75,-0.01,5,6875,卖盘
1428,13:37:03,13.76,0.01,1,1376,买盘
1429,13:37:00,13.75,-0.01,4,5500,卖盘
1430,13:36:57,13.76,0.01,5,6880,买盘
1431,13:36:54,13.75,--,10,13750,卖盘
1432,13:36:48,13.75,0.01,67,92125,买盘
1433,13:36:45,13.74,--,8,10992,卖盘
1434,13:36:42,13.74,--,26,35724,卖盘
1435,13:36:39,13.74,--,8,10992,卖盘
1436,13:36:36,13.74,--,35,48090,卖盘
1437,13:36:33,13.74,--,1,1374,卖盘
1438,13:36:30,13.74,--,34,46716,卖盘
1439,13:36:27,13.74,-0.01,40,54960,卖盘
1440,13:36:24,13.75,--,10,13750,买盘
1441,13:36:21,13.75,--,450,618750,买盘
1442,13:36:18,13.75,--,36,49500,买盘
1443,13:36:15,13.75,0.01,288,396000,买盘
1444,13:36:09,13.74,-0.01,52,71448,卖盘
1445,13:36:06,13.75,0.01,9,12375,买盘
1446,13:36:03,13.74,--,76,104424,卖盘
1447,13:35:57,13.74,--,16,21984,卖盘
1448,13:35:51,13.74,--,80,109920,卖盘
1449,13:35:45,13.74,--,12,16488,卖盘
1450,13:35:39,13.74,--,5,6870,卖盘
1451,13:35:36,13.74,--,3,4122,卖盘
1452,13:35:33,13.74,--,4,5496,卖盘
1453,13:35:27,13.74,--,25,34350,卖盘
1454,13:35:24,13.74,--,1,1374,卖盘
1455,13:35:21,13.74,--,20,27480,卖盘
1456,13:35:18,13.74,--,63,86562,买盘
1457,13:35:12,13.74,--,121,166254,买盘
1458,13:35:09,13.74,--,40,54960,买盘
1459,13:35:06,13.74,--,95,130530,卖盘
1460,13:34:57,13.74,-0.01,7,9618,中性盘
1461,13:34:51,13.75,0.02,23,31625,买盘
1462,13:34:48,13.73,--,34,46682,卖盘
1463,13:34:45,13.73,-0.02,258,354234,卖盘
1464,13:34:39,13.75,0.01,57,78375,买盘
1465,13:34:30,13.74,--,12,16488,卖盘
1466,13:34:27,13.74,-0.01,79,108546,卖盘
1467,13:34:24,13.75,0.02,20,27500,买盘
1468,13:34:18,13.73,-0.01,149,204577,卖盘
1469,13:34:15,13.74,--,55,75570,卖盘
1470,13:34:12,13.74,--,97,133278,卖盘
1471,13:34:06,13.74,--,61,83814,买盘
1472,13:34:03,13.74,0.01,63,86562,买盘
1473,13:34:00,13.73,-0.01,63,86499,卖盘
1474,13:33:57,13.74,--,3,4122,买盘
1475,13:33:54,13.74,--,6,8244,买盘
1476,13:33:51,13.74,--,46,63204,买盘
1477,13:33:48,13.74,--,952,1308048,卖盘
1478,13:33:36,13.74,--,5,6870,卖盘
1479,13:33:33,13.74,-0.02,17,23358,卖盘
1480,13:33:30,13.76,0.01,93,127968,买盘
1481,13:33:27,13.75,--,444,610500,卖盘
1482,13:33:24,13.75,-0.01,6,8250,卖盘
1483,13:33:21,13.76,--,3,4128,买盘
1484,13:33:18,13.76,--,52,71552,买盘
1485,13:33:15,13.76,--,59,81184,卖盘
1486,13:33:12,13.76,--,79,108704,卖盘
1487,13:33:06,13.76,-0.01,15,20640,卖盘
1488,13:33:00,13.77,0.01,5,6885,买盘
1489,13:32:54,13.76,--,5,6880,卖盘
1490,13:32:51,13.76,-0.01,140,192640,卖盘
1491,13:32:48,13.77,0.01,35,48195,中性盘
1492,13:32:42,13.76,--,286,393536,卖盘
1493,13:32:39,13.76,--,119,163744,卖盘
1494,13:32:36,13.76,--,58,79808,卖盘
1495,13:32:27,13.76,-0.01,530,729280,中性盘
1496,13:32:21,13.77,0.01,76,104652,买盘
1497,13:32:18,13.76,-0.01,31,42656,卖盘
1498,13:32:15,13.77,0.02,19,26163,买盘
1499,13:32:12,13.75,-0.01,288,396000,卖盘
1500,13:32:09,13.76,--,108,148608,卖盘
1501,13:32:06,13.76,--,17,23392,卖盘
1502,13:31:57,13.76,--,54,74304,买盘
1503,13:31:54,13.76,0.02,12,16512,买盘
1504,13:31:51,13.74,-0.02,63,86562,卖盘
1505,13:31:48,13.76,0.01,90,123840,买盘
1506,13:31:45,13.75,-0.01,50,68750,卖盘
1507,13:31:42,13.76,0.01,27,37152,买盘
1508,13:31:39,13.75,--,1,1375,卖盘
1509,13:31:36,13.75,0.01,22,30250,中性盘
1510,13:31:30,13.74,-0.01,520,714480,卖盘
1511,13:31:27,13.75,--,83,114125,买盘
1512,13:31:24,13.75,--,100,137500,买盘
1513,13:31:18,13.75,0.01,600,825000,买盘
1514,13:31:15,13.74,--,8,10992,卖盘
1515,13:31:12,13.74,0.01,1099,1510026,买盘
1516,13:31:09,13.73,-0.01,62,85126,卖盘
1517,13:31:06,13.74,0.01,34,46716,买盘
1518,13:31:03,13.73,--,218,299314,卖盘
1519,13:31:00,13.73,--,361,495653,买盘
1520,13:30:57,13.73,--,5,6865,买盘
1521,13:30:51,13.73,--,32,43936,买盘
1522,13:30:48,13.73,--,67,91991,买盘
1523,13:30:45,13.73,--,20,27460,买盘
1524,13:30:42,13.73,--,24,32952,买盘
1525,13:30:39,13.73,--,42,57666,买盘
1526,13:30:36,13.73,-0.01,212,291076,卖盘
1527,13:30:33,13.74,0.01,27,37098,买盘
1528,13:30:30,13.73,--,33,45309,卖盘
1529,13:30:27,13.73,--,43,59039,卖盘
1530,13:30:21,13.73,0.01,51,70023,买盘
1531,13:30:18,13.72,-0.01,31,42532,卖盘
1532,13:30:15,13.73,0.01,278,381694,买盘
1533,13:30:12,13.72,--,50,68600,卖盘
1534,13:30:09,13.72,-0.01,4,5488,卖盘
1535,13:30:06,13.73,0.01,72,98856,买盘
1536,13:30:03,13.72,-0.01,18,24696,卖盘
1537,13:30:00,13.73,0.01,5,6865,买盘
1538,13:29:54,13.72,--,71,97412,卖盘
1539,13:29:51,13.72,--,14,19208,卖盘
1540,13:29:48,13.72,--,25,34300,卖盘
1541,13:29:45,13.72,--,54,74088,卖盘
1542,13:29:42,13.72,-0.01,20,27440,卖盘
1543,13:29:39,13.73,--,327,448971,买盘
1544,13:29:36,13.73,--,37,50801,买盘
1545,13:29:33,13.73,--,54,74142,买盘
1546,13:29:30,13.73,--,101,138673,卖盘
1547,13:29:27,13.73,--,21,28833,卖盘
1548,13:29:24,13.73,--,13,17849,卖盘
1549,13:29:21,13.73,0.01,75,102975,买盘
1550,13:29:18,13.72,--,40,54880,卖盘
1551,13:29:15,13.72,-0.01,30,41160,卖盘
1552,13:29:12,13.73,--,11,15103,买盘
1553,13:29:09,13.73,--,60,82380,卖盘
1554,13:29:06,13.73,--,8,10984,卖盘
1555,13:29:03,13.73,--,262,359726,卖盘
1556,13:29:00,13.73,--,67,91991,卖盘
1557,13:28:57,13.73,--,121,166133,买盘
1558,13:28:54,13.73,0.01,25,34325,买盘
1559,13:28:51,13.72,-0.01,12,16464,卖盘
1560,13:28:45,13.73,--,35,48055,卖盘
1561,13:28:42,13.73,--,20,27460,卖盘
1562,13:28:39,13.73,--,50,68650,卖盘
1563,13:28:36,13.73,--,25,34325,买盘
1564,13:28:33,13.73,0.01,50,68650,买盘
1565,13:28:30,13.72,-0.01,6,8232,卖盘
1566,13:28:27,13.73,--,42,57666,买盘
1567,13:28:24,13.73,--,171,234783,买盘
1568,13:28:21,13.73,--,52,71396,买盘
1569,13:28:18,13.73,--,5,6865,买盘
1570,13:28:15,13.73,--,110,151030,买盘
1571,13:28:12,13.73,--,2,2746,买盘
1572,13:28:09,13.73,0.01,28,38444,买盘
1573,13:28:06,13.72,-0.01,16,21952,卖盘
1574,13:28:03,13.73,--,13,17849,买盘
1575,13:27:57,13.73,0.01,183,251259,买盘
1576,13:27:54,13.72,-0.01,30,41160,卖盘
1577,13:27:51,13.73,0.01,9,12357,买盘
1578,13:27:45,13.72,--,37,50764,卖盘
1579,13:27:42,13.72,--,19,26068,卖盘
1580,13:27:39,13.72,-0.01,26,35672,卖盘
1581,13:27:36,13.73,--,48,65904,买盘
1582,13:27:33,13.73,0.01,2,2746,买盘
1583,13:27:30,13.72,--,25,34300,卖盘
1584,13:27:27,13.72,-0.01,28,38416,卖盘
1585,13:27:24,13.73,--,13,17849,买盘
1586,13:27:15,13.73,--,23,31579,卖盘
1587,13:27:12,13.73,--,21,28833,卖盘
1588,13:27:09,13.73,--,309,424257,买盘
1589,13:27:06,13.73,0.02,13,17849,买盘
1590,13:27:03,13.71,-0.01,157,215247,卖盘
1591,13:27:00,13.72,--,2,2744,卖盘
1592,13:26:57,13.72,--,10,13720,卖盘
1593,13:26:54,13.72,--,15,20580,卖盘
1594,13:26:51,13.72,--,39,53508,卖盘
1595,13:26:45,13.72,--,35,48020,卖盘
1596,13:26:42,13.72,0.01,212,291330,买盘
1597,13:26:39,13.71,-0.01,91,124761,卖盘
1598,13:26:36,13.72,--,19,26068,买盘
1599,13:26:30,13.72,0.01,56,76832,买盘
1600,13:26:27,13.71,--,22,30162,卖盘
1601,13:26:24,13.71,--,12,16452,卖盘
1602,13:26:21,13.71,-0.01,36,49356,卖盘
1603,13:26:18,13.72,-0.02,1245,1709045,卖盘
1604,13:26:15,13.74,--,68,93432,买盘
1605,13:26:06,13.74,--,92,126408,买盘
1606,13:26:03,13.74,-0.01,627,861498,卖盘
1607,13:26:00,13.75,0.01,16,22000,买盘
1608,13:25:57,13.74,-0.01,74,101676,卖盘
1609,13:25:54,13.75,0.01,10,13750,买盘
1610,13:25:48,13.74,-0.01,1,1374,卖盘
1611,13:25:42,13.75,--,104,143000,卖盘
1612,13:25:39,13.75,--,1,1375,卖盘
1613,13:25:33,13.75,--,1,1375,买盘
1614,13:25:30,13.75,--,4,5500,买盘
1615,13:25:27,13.75,--,15,20625,卖盘
1616,13:25:24,13.75,--,41,56375,买盘
1617,13:25:21,13.75,--,4,5500,买盘
1618,13:25:18,13.75,--,80,110000,买盘
1619,13:25:15,13.75,--,45,61875,买盘
1620,13:25:09,13.75,--,169,232375,买盘
1621,13:25:03,13.75,--,2,2750,买盘
1622,13:24:57,13.75,0.01,60,82500,买盘
1623,13:24:48,13.74,--,5,6870,卖盘
1624,13:24:45,13.74,-0.01,34,46716,卖盘
1625,13:24:33,13.75,0.01,1,1375,买盘
1626,13:24:27,13.74,-0.01,25,34350,卖盘
1627,13:24:24,13.75,--,29,39875,买盘
1628,13:24:21,13.75,--,33,45375,卖盘
1629,13:24:18,13.75,--,3,4125,卖盘
1630,13:24:15,13.75,--,19,26125,卖盘
1631,13:24:06,13.75,--,2,2750,卖盘
1632,13:24:00,13.75,0.01,3,4125,买盘
1633,13:23:57,13.74,-0.01,17,23358,卖盘
1634,13:23:54,13.75,0.01,13,17875,买盘
1635,13:23:51,13.74,--,8,10992,卖盘
1636,13:23:48,13.74,-0.01,299,410826,卖盘
1637,13:23:45,13.75,--,13,17875,卖盘
1638,13:23:42,13.75,--,13,17875,卖盘
1639,13:23:36,13.75,--,10,13750,卖盘
1640,13:23:33,13.75,--,1,1375,卖盘
1641,13:23:27,13.75,--,50,68750,买盘
1642,13:23:24,13.75,0.01,20,27500,买盘
1643,13:23:21,13.74,-0.01,259,355866,卖盘
1644,13:23:18,13.75,0.01,3,4125,买盘
1645,13:23:12,13.74,-0.01,28,38472,卖盘
1646,13:23:09,13.75,--,204,280500,卖盘
1647,13:23:06,13.75,-0.01,303,416625,卖盘
1648,13:23:03,13.76,--,30,41280,买盘
1649,13:22:51,13.76,--,96,132096,卖盘
1650,13:22:48,13.76,--,305,419680,买盘
1651,13:22:45,13.76,--,48,66048,买盘
1652,13:22:39,13.76,--,168,231168,卖盘
1653,13:22:36,13.76,--,36,49536,卖盘
1654,13:22:33,13.76,--,225,309600,卖盘
1655,13:22:27,13.76,--,21,28896,卖盘
1656,13:22:24,13.76,--,5,6880,卖盘
1657,13:22:21,13.76,--,105,144480,卖盘
1658,13:22:18,13.76,--,5,6880,卖盘
1659,13:22:15,13.76,--,52,71552,卖盘
1660,13:22:12,13.76,--,92,126592,卖盘
1661,13:22:06,13.76,--,3,4128,卖盘
1662,13:22:03,13.76,--,179,246304,买盘
1663,13:22:00,13.76,--,137,188512,买盘
1664,13:21:57,13.76,0.01,40,55040,买盘
1665,13:21:54,13.75,--,3,4125,卖盘
1666,13:21:51,13.75,--,8,11000,卖盘
1667,13:21:48,13.75,--,100,137500,卖盘
1668,13:21:42,13.75,--,45,61875,卖盘
1669,13:21:36,13.75,--,77,105875,卖盘
1670,13:21:33,13.75,--,40,55000,卖盘
1671,13:21:30,13.75,--,44,60500,卖盘
1672,13:21:27,13.75,--,53,72875,卖盘
1673,13:21:21,13.75,--,22,30250,买盘
1674,13:21:15,13.75,--,57,78375,买盘
1675,13:21:12,13.75,0.01,103,141625,买盘
1676,13:21:06,13.74,--,2,2748,卖盘
1677,13:21:03,13.74,--,272,373728,卖盘
1678,13:21:00,13.74,--,8,10992,卖盘
1679,13:20:54,13.74,--,5,6870,卖盘
1680,13:20:51,13.74,--,46,63204,卖盘
1681,13:20:48,13.74,--,13,18329,买盘
1682,13:20:42,13.74,--,32,44874,卖盘
1683,13:20:39,13.74,-0.01,17,23358,卖盘
1684,13:20:36,13.75,0.01,18,24750,买盘
1685,13:20:33,13.74,--,10,14207,买盘
1686,13:20:30,13.74,--,10,13740,买盘
1687,13:20:27,13.74,--,4,6402,卖盘
1688,13:20:24,13.74,-0.01,98,134652,卖盘
1689,13:20:18,13.75,0.01,16,22000,买盘
1690,13:20:15,13.74,-0.01,37,50838,卖盘
1691,13:20:06,13.75,--,10,13750,买盘
1692,13:20:03,13.75,0.01,1,1375,买盘
1693,13:20:00,13.74,-0.01,292,401208,卖盘
1694,13:19:57,13.75,0.01,3,4125,买盘
1695,13:19:51,13.74,-0.01,53,72822,卖盘
1696,13:19:48,13.75,--,16,22000,买盘
1697,13:19:45,13.75,0.01,24,33000,买盘
1698,13:19:42,13.74,-0.01,34,46716,卖盘
1699,13:19:39,13.75,0.01,30,41250,买盘
1700,13:19:33,13.74,-0.01,4,5496,卖盘
1701,13:19:30,13.75,0.01,43,59125,买盘
1702,13:19:27,13.74,-0.01,52,71448,卖盘
1703,13:19:24,13.75,--,56,77000,买盘
1704,13:19:12,13.75,0.01,50,68750,买盘
1705,13:19:09,13.74,--,105,144270,卖盘
1706,13:19:06,13.74,--,5,7337,卖盘
1707,13:19:03,13.74,0.01,81,111294,买盘
1708,13:19:00,13.73,--,17,23341,卖盘
1709,13:18:57,13.73,0.01,6,8238,卖盘
1710,13:18:48,13.72,-0.01,143,196196,卖盘
1711,13:18:42,13.73,-0.01,68,93364,卖盘
1712,13:18:39,13.74,0.01,14,19236,买盘
1713,13:18:36,13.73,-0.01,64,87872,卖盘
1714,13:18:33,13.74,--,50,68700,买盘
1715,13:18:30,13.74,0.01,6,8244,买盘
1716,13:18:27,13.73,--,100,137300,卖盘
1717,13:18:24,13.73,-0.01,10,13730,卖盘
1718,13:18:15,13.74,--,3,4122,买盘
1719,13:18:12,13.74,0.02,3,4122,买盘
1720,13:18:09,13.72,-0.01,321,440412,卖盘
1721,13:18:06,13.73,--,127,174371,卖盘
1722,13:18:03,13.73,-0.01,215,295195,卖盘
1723,13:18:00,13.74,0.01,40,54960,买盘
1724,13:17:57,13.73,-0.01,36,49428,卖盘
1725,13:17:51,13.74,--,79,108546,卖盘
1726,13:17:45,13.74,0.01,208,285792,买盘
1727,13:17:42,13.73,--,35,48055,卖盘
1728,13:17:39,13.73,-0.01,2,2746,卖盘
1729,13:17:36,13.74,--,30,41220,买盘
1730,13:17:33,13.74,--,30,41220,买盘
1731,13:17:27,13.74,0.01,47,64578,买盘
1732,13:17:24,13.73,-0.01,59,81007,卖盘
1733,13:17:21,13.74,--,8,10992,买盘
1734,13:17:18,13.74,0.01,10,13740,买盘
1735,13:17:15,13.73,-0.01,10,13730,卖盘
1736,13:17:12,13.74,0.01,82,112668,买盘
1737,13:17:09,13.73,-0.01,79,108467,卖盘
1738,13:17:06,13.74,0.01,10,13740,买盘
1739,13:17:03,13.73,-0.01,10,13730,卖盘
1740,13:17:00,13.74,0.01,71,97554,买盘
1741,13:16:57,13.73,--,11,15103,卖盘
1742,13:16:54,13.73,--,31,42563,卖盘
1743,13:16:48,13.73,--,16,21968,卖盘
1744,13:16:42,13.73,--,44,60412,卖盘
1745,13:16:39,13.73,-0.01,8,10984,卖盘
1746,13:16:36,13.74,--,41,56334,买盘
1747,13:16:33,13.74,0.01,72,98928,买盘
1748,13:16:27,13.73,--,41,56293,卖盘
1749,13:16:24,13.73,-0.01,88,120824,卖盘
1750,13:16:21,13.74,0.01,30,41220,买盘
1751,13:16:18,13.73,--,27,37071,卖盘
1752,13:16:15,13.73,-0.01,420,576660,卖盘
1753,13:16:09,13.74,-0.01,2,2748,卖盘
1754,13:15:57,13.75,--,34,46750,买盘
1755,13:15:54,13.75,--,48,66000,卖盘
1756,13:15:51,13.75,--,20,27500,卖盘
1757,13:15:45,13.75,--,34,46750,卖盘
1758,13:15:42,13.75,--,35,48125,卖盘
1759,13:15:39,13.75,--,10,13750,卖盘
1760,13:15:36,13.75,-0.01,76,104500,卖盘
1761,13:15:33,13.76,0.02,7,9632,买盘
1762,13:15:30,13.74,-0.01,250,343500,卖盘
1763,13:15:27,13.75,--,21,28875,卖盘
1764,13:15:21,13.75,--,1,1375,卖盘
1765,13:15:15,13.75,-0.02,18,24750,卖盘
1766,13:15:12,13.77,0.02,739,1017603,买盘
1767,13:15:09,13.75,-0.01,36,49500,卖盘
1768,13:15:00,13.76,--,41,56416,买盘
1769,13:14:57,13.76,--,5,6880,买盘
1770,13:14:54,13.76,0.01,76,104576,买盘
1771,13:14:51,13.75,-0.01,205,281875,卖盘
1772,13:14:45,13.76,--,218,299968,卖盘
1773,13:14:42,13.76,-0.01,34,46784,卖盘
1774,13:14:39,13.77,0.01,13,17901,买盘
1775,13:14:33,13.76,--,66,90816,卖盘
1776,13:14:27,13.76,--,37,50912,卖盘
1777,13:14:24,13.76,--,138,189888,卖盘
1778,13:14:21,13.76,--,5,6880,卖盘
1779,13:14:18,13.76,-0.01,1,1376,卖盘
1780,13:14:15,13.77,--,6,8262,买盘
1781,13:14:09,13.77,0.01,5,6885,买盘
1782,13:14:03,13.76,-0.01,1,1376,卖盘
1783,13:14:00,13.77,--,62,85374,买盘
1784,13:13:57,13.77,--,27,37179,买盘
1785,13:13:54,13.77,--,277,381429,卖盘
1786,13:13:51,13.77,-0.01,6,8262,卖盘
1787,13:13:48,13.78,0.01,10,13780,买盘
1788,13:13:42,13.77,-0.01,135,185895,卖盘
1789,13:13:39,13.78,--,312,429936,卖盘
1790,13:13:30,13.78,--,381,525018,卖盘
1791,13:13:27,13.78,-0.01,25,34450,卖盘
1792,13:13:15,13.79,0.01,3,4137,买盘
1793,13:13:12,13.78,--,1,1378,卖盘
1794,13:13:09,13.78,--,2,2756,卖盘
1795,13:13:03,13.78,0.01,910,1253980,买盘
1796,13:12:54,13.77,0.01,3,4131,中性盘
1797,13:12:51,13.76,-0.02,37,50912,卖盘
1798,13:12:48,13.78,0.02,60,82680,买盘
1799,13:12:45,13.76,-0.01,553,760928,卖盘
1800,13:12:42,13.77,--,53,72981,卖盘
1801,13:12:39,13.77,-0.01,7,9639,卖盘
1802,13:12:36,13.78,0.01,1,1378,买盘
1803,13:12:33,13.77,--,1,1377,卖盘
1804,13:12:30,13.77,--,73,100521,卖盘
1805,13:12:27,13.77,-0.01,226,311202,卖盘
1806,13:12:24,13.78,--,6,8268,买盘
1807,13:12:21,13.78,--,9,12402,买盘
1808,13:12:18,13.78,--,54,74412,买盘
1809,13:12:15,13.78,--,2,2756,买盘
1810,13:12:12,13.78,--,18,24804,买盘
1811,13:12:09,13.78,--,5,6890,买盘
1812,13:12:06,13.78,--,8,11024,买盘
1813,13:12:03,13.78,--,5,6890,买盘
1814,13:12:00,13.78,--,44,60632,买盘
1815,13:11:57,13.78,0.01,2,2756,买盘
1816,13:11:51,13.77,--,5,6885,卖盘
1817,13:11:48,13.77,-0.01,2,2754,卖盘
1818,13:11:42,13.78,0.01,617,850226,买盘
1819,13:11:39,13.77,--,26,35802,买盘
1820,13:11:33,13.77,--,4,5508,买盘
1821,13:11:30,13.77,--,19,26163,卖盘
1822,13:11:27,13.77,-0.01,30,41310,卖盘
1823,13:11:24,13.78,--,4,5512,买盘
1824,13:11:21,13.78,0.01,40,55120,买盘
1825,13:11:18,13.77,--,3,4131,卖盘
1826,13:11:15,13.77,--,33,45441,卖盘
1827,13:11:12,13.77,--,81,111537,卖盘
1828,13:11:09,13.77,--,7,9639,卖盘
1829,13:11:03,13.77,0.01,133,183141,买盘
1830,13:10:57,13.76,--,3,4128,卖盘
1831,13:10:54,13.76,--,310,426560,卖盘
1832,13:10:51,13.76,-0.01,119,163744,卖盘
1833,13:10:45,13.77,0.01,2,2754,买盘
1834,13:10:42,13.76,-0.01,61,83936,卖盘
1835,13:10:39,13.77,0.01,39,53703,买盘
1836,13:10:36,13.76,--,6,8256,卖盘
1837,13:10:30,13.76,--,33,45408,卖盘
1838,13:10:27,13.76,-0.01,39,53664,卖盘
1839,13:10:24,13.77,0.01,1,1377,买盘
1840,13:10:18,13.76,--,5,6880,卖盘
1841,13:10:15,13.76,-0.01,1,1376,卖盘
1842,13:10:12,13.77,--,1,1377,买盘
1843,13:10:09,13.77,-0.01,7,9639,中性盘
1844,13:10:00,13.78,0.01,100,137800,买盘
1845,13:09:54,13.77,0.01,1,1377,买盘
1846,13:09:51,13.76,-0.01,20,27520,卖盘
1847,13:09:48,13.77,--,12,16524,买盘
1848,13:09:45,13.77,--,120,165240,买盘
1849,13:09:42,13.77,--,44,60588,买盘
1850,13:09:39,13.77,0.01,23,31671,买盘
1851,13:09:36,13.76,-0.01,15,20640,卖盘
1852,13:09:30,13.77,--,4,5508,买盘
1853,13:09:27,13.77,--,71,97767,买盘
1854,13:09:24,13.77,--,28,38556,买盘
1855,13:09:21,13.77,--,11,15147,买盘
1856,13:09:18,13.77,--,10,13770,买盘
1857,13:09:12,13.77,--,6,8262,买盘
1858,13:09:09,13.77,-0.02,723,995571,卖盘
1859,13:09:06,13.79,--,171,235808,买盘
1860,13:09:03,13.79,--,228,314412,买盘
1861,13:09:00,13.79,--,5,6895,买盘
1862,13:08:54,13.79,0.01,124,170996,买盘
1863,13:08:51,13.78,--,17,23426,买盘
1864,13:08:45,13.78,-0.01,5,6890,中性盘
1865,13:08:42,13.79,--,54,74893,买盘
1866,13:08:39,13.79,0.01,1,1379,买盘
1867,13:08:33,13.78,--,149,206272,买盘
1868,13:08:30,13.78,0.01,10,13780,买盘
1869,13:08:27,13.77,-0.01,494,680238,卖盘
1870,13:08:24,13.78,--,3,4134,买盘
1871,13:08:18,13.78,--,53,73034,买盘
1872,13:08:15,13.78,--,35,48230,买盘
1873,13:08:12,13.78,--,249,343122,买盘
1874,13:08:09,13.78,--,62,85436,买盘
1875,13:08:06,13.78,--,1,1378,买盘
1876,13:08:03,13.78,--,11,15158,买盘
1877,13:08:00,13.78,0.01,14,19292,买盘
1878,13:07:57,13.77,-0.01,16,22032,卖盘
1879,13:07:48,13.78,0.01,20,27560,买盘
1880,13:07:42,13.77,--,28,38556,卖盘
1881,13:07:39,13.77,-0.01,68,93636,卖盘
1882,13:07:36,13.78,0.01,69,95082,买盘
1883,13:07:33,13.77,--,204,280908,卖盘
1884,13:07:30,13.77,-0.01,10,13770,卖盘
1885,13:07:27,13.78,--,184,253552,买盘
1886,13:07:24,13.78,0.01,48,66144,买盘
1887,13:07:21,13.77,--,26,35802,卖盘
1888,13:07:15,13.77,-0.01,3,4131,卖盘
1889,13:07:12,13.78,0.01,8,11024,买盘
1890,13:07:09,13.77,-0.01,46,63342,卖盘
1891,13:07:06,13.78,--,29,39962,买盘
1892,13:07:03,13.78,0.01,65,89570,买盘
1893,13:07:00,13.77,-0.01,20,27540,卖盘
1894,13:06:57,13.78,0.01,24,33072,买盘
1895,13:06:54,13.77,--,15,20655,卖盘
1896,13:06:48,13.77,--,17,23409,卖盘
1897,13:06:45,13.77,--,45,61965,卖盘
1898,13:06:39,13.77,--,35,48195,卖盘
1899,13:06:36,13.77,--,91,125307,买盘
1900,13:06:33,13.77,--,200,275400,买盘
1901,13:06:21,13.77,0.01,74,101898,买盘
1902,13:06:18,13.76,-0.01,16,22016,卖盘
1903,13:06:12,13.77,--,3,4131,买盘
1904,13:06:09,13.77,0.01,50,68850,买盘
1905,13:05:57,13.76,--,16,22016,买盘
1906,13:05:42,13.76,0.01,2,2752,买盘
1907,13:05:39,13.75,-0.01,49,67375,卖盘
1908,13:05:33,13.76,--,47,64672,买盘
1909,13:05:30,13.76,0.01,51,70176,买盘
1910,13:05:27,13.75,-0.01,20,27500,卖盘
1911,13:05:24,13.76,--,20,27520,买盘
1912,13:05:21,13.76,--,87,119712,买盘
1913,13:05:15,13.76,--,22,30272,买盘
1914,13:05:06,13.76,--,11,15136,买盘
1915,13:05:03,13.76,--,67,92192,买盘
1916,13:04:57,13.76,0.01,100,137600,买盘
1917,13:04:54,13.75,-0.01,26,35750,卖盘
1918,13:04:51,13.76,0.01,29,39904,买盘
1919,13:04:48,13.75,--,3,4125,卖盘
1920,13:04:45,13.75,-0.01,314,431750,卖盘
1921,13:04:42,13.76,0.01,7,9632,买盘
1922,13:04:39,13.75,--,79,108625,卖盘
1923,13:04:36,13.75,-0.01,10,13750,卖盘
1924,13:04:33,13.76,--,76,104576,买盘
1925,13:04:30,13.76,--,5,6880,买盘
1926,13:04:27,13.76,--,12,16512,买盘
1927,13:04:21,13.76,--,13,17888,买盘
1928,13:04:18,13.76,--,41,56416,买盘
1929,13:04:06,13.76,--,15,20640,买盘
1930,13:04:00,13.76,--,20,27520,买盘
1931,13:03:57,13.76,--,30,41280,买盘
1932,13:03:54,13.76,0.01,50,68800,买盘
1933,13:03:51,13.75,--,2,2750,买盘
1934,13:03:48,13.75,--,30,41250,卖盘
1935,13:03:45,13.75,--,6,8250,卖盘
1936,13:03:42,13.75,--,10,13750,卖盘
1937,13:03:39,13.75,--,35,48125,卖盘
1938,13:03:36,13.75,--,16,22000,卖盘
1939,13:03:33,13.75,--,1,1375,卖盘
1940,13:03:30,13.75,--,159,218625,卖盘
1941,13:03:27,13.75,-0.01,6,8250,中性盘
1942,13:03:21,13.76,0.01,144,198144,买盘
1943,13:03:15,13.75,--,56,77000,买盘
1944,13:03:12,13.75,--,13,17875,买盘
1945,13:03:09,13.75,0.01,11,15125,买盘
1946,13:03:06,13.74,-0.01,2,2748,卖盘
1947,13:03:03,13.75,0.01,37,50875,买盘
1948,13:03:00,13.74,-0.01,5,6870,卖盘
1949,13:02:51,13.75,--,124,170500,卖盘
1950,13:02:48,13.75,0.01,4,5500,中性盘
1951,13:02:39,13.74,-0.01,60,82440,卖盘
1952,13:02:36,13.75,--,7,9625,卖盘
1953,13:02:33,13.75,--,284,390500,买盘
1954,13:02:24,13.75,0.01,6,8250,买盘
1955,13:02:21,13.74,-0.01,77,105798,卖盘
1956,13:02:18,13.75,--,7,9625,买盘
1957,13:02:06,13.75,--,7,9625,卖盘
1958,13:02:03,13.75,0.01,3,4125,中性盘
1959,13:01:54,13.74,-0.02,101,138774,卖盘
1960,13:01:48,13.76,0.02,23,31648,买盘
1961,13:01:45,13.74,--,482,662268,卖盘
1962,13:01:39,13.74,--,58,79692,买盘
1963,13:01:33,13.74,--,39,53586,买盘
1964,13:01:30,13.74,0.01,50,68700,买盘
1965,13:01:27,13.73,-0.01,1,1373,卖盘
1966,13:01:24,13.74,-0.01,156,214344,卖盘
1967,13:01:21,13.75,--,16,22000,卖盘
1968,13:01:18,13.75,0.01,36,49500,买盘
1969,13:01:12,13.74,--,141,193734,卖盘
1970,13:01:06,13.74,--,18,24732,买盘
1971,13:01:03,13.74,--,18,24732,买盘
1972,13:01:00,13.74,0.01,1,1374,买盘
1973,13:00:57,13.73,-0.01,13,17849,卖盘
1974,13:00:54,13.74,0.01,10,13740,买盘
1975,13:00:51,13.73,-0.01,161,221053,卖盘
1976,13:00:48,13.74,--,4,5496,买盘
1977,13:00:39,13.74,-0.02,9,12366,卖盘
1978,13:00:33,13.76,0.02,37,50912,买盘
1979,13:00:24,13.74,--,27,37098,卖盘
1980,13:00:18,13.74,0.01,5,6870,买盘
1981,13:00:06,13.73,-0.02,320,439360,卖盘
1982,13:00:03,13.75,--,1745,2399375,买盘
1983,13:00:00,13.75,--,0,0,买盘
1984,11:30:00,13.75,--,0,0,买盘
1985,11:29:57,13.75,--,6,8250,买盘
1986,11:29:48,13.75,--,5,6875,买盘
1987,11:29:45,13.75,--,10,13750,买盘
1988,11:29:39,13.75,--,44,60500,买盘
1989,11:29:36,13.75,--,35,48125,买盘
1990,11:29:33,13.75,--,4,5500,买盘
1991,11:29:30,13.75,--,2,2750,买盘
1992,11:29:27,13.75,--,5,6875,买盘
1993,11:29:24,13.75,--,28,38500,买盘
1994,11:29:21,13.75,-0.02,520,715000,卖盘
1995,11:29:15,13.77,--,64,88128,卖盘
1996,11:29:12,13.77,-0.01,3,4131,卖盘
1997,11:29:09,13.78,--,17,23426,买盘
1998,11:29:03,13.78,--,78,107484,买盘
1999,11:29:00,13.78,--,45,62010,买盘
2000,11:28:57,13.78,--,80,110240,买盘
2001,11:28:54,13.78,--,60,82680,买盘
2002,11:28:42,13.78,0.02,44,60632,买盘
2003,11:28:39,13.76,-0.01,35,48160,卖盘
2004,11:28:36,13.77,--,520,716040,买盘
2005,11:28:33,13.77,--,20,27540,买盘
2006,11:28:30,13.77,--,4,5508,买盘
2007,11:28:21,13.77,--,13,17901,买盘
2008,11:28:18,13.77,--,6,8262,买盘
2009,11:28:09,13.77,--,23,31671,买盘
2010,11:28:03,13.77,0.01,6,8262,买盘
2011,11:28:00,13.76,--,26,35776,卖盘
2012,11:27:57,13.76,--,10,13760,卖盘
2013,11:27:54,13.76,--,13,17888,卖盘
2014,11:27:51,13.76,--,56,77358,买盘
2015,11:27:48,13.76,--,6,8256,买盘
2016,11:27:39,13.76,--,480,660480,买盘
2017,11:27:36,13.76,--,1,1376,买盘
2018,11:27:33,13.76,--,35,48160,买盘
2019,11:27:27,13.76,--,41,56416,买盘
2020,11:27:24,13.76,--,10,13760,买盘
2021,11:27:12,13.76,--,40,55040,买盘
2022,11:27:03,13.76,--,67,92192,买盘
2023,11:27:00,13.76,0.01,9,12384,买盘
2024,11:26:57,13.75,-0.01,13,17875,卖盘
2025,11:26:48,13.76,--,51,70176,买盘
2026,11:26:39,13.76,0.01,35,48160,买盘
2027,11:26:24,13.75,--,56,77000,买盘
2028,11:26:21,13.75,--,58,79750,买盘
2029,11:26:18,13.75,--,151,207625,买盘
2030,11:26:09,13.75,-0.01,269,369875,卖盘
2031,11:26:06,13.76,--,20,27520,买盘
2032,11:26:03,13.76,--,61,83936,买盘
2033,11:26:00,13.76,0.01,84,115584,买盘
2034,11:25:51,13.75,-0.01,1,1375,卖盘
2035,11:25:48,13.76,--,46,63296,买盘
2036,11:25:45,13.76,0.01,5,6880,买盘
2037,11:25:39,13.75,--,35,48125,卖盘
2038,11:25:33,13.75,--,57,78375,买盘
2039,11:25:30,13.75,--,4,5500,买盘
2040,11:25:24,13.75,--,10,13750,买盘
2041,11:25:21,13.75,--,5,6875,买盘
2042,11:25:18,13.75,--,3,4125,买盘
2043,11:25:15,13.75,--,25,34375,买盘
2044,11:25:09,13.75,--,86,118250,买盘
2045,11:25:06,13.75,0.01,300,412500,买盘
2046,11:25:03,13.74,-0.01,106,145644,卖盘
2047,11:24:54,13.75,0.01,6,8250,买盘
2048,11:24:51,13.74,--,1,1374,卖盘
2049,11:24:48,13.74,-0.01,1,1374,卖盘
2050,11:24:45,13.75,--,21,28875,买盘
2051,11:24:42,13.75,0.01,104,143000,买盘
2052,11:24:36,13.74,--,34,46716,卖盘
2053,11:24:33,13.74,-0.01,2,2748,卖盘
2054,11:24:30,13.75,0.01,116,159500,买盘
2055,11:24:24,13.74,--,50,68700,卖盘
2056,11:24:18,13.74,-0.01,20,27480,卖盘
2057,11:24:15,13.75,0.01,11,15125,买盘
2058,11:24:12,13.74,--,10,13740,卖盘
2059,11:24:09,13.74,--,19,26106,卖盘
2060,11:24:06,13.74,--,2,2748,卖盘
2061,11:24:03,13.74,--,6,8244,卖盘
2062,11:23:57,13.74,--,8,10992,卖盘
2063,11:23:54,13.74,--,22,30228,卖盘
2064,11:23:42,13.74,-0.01,5,6870,卖盘
2065,11:23:39,13.75,0.01,32,44000,买盘
2066,11:23:36,13.74,--,35,48090,卖盘
2067,11:23:30,13.74,--,37,50838,卖盘
2068,11:23:27,13.74,--,31,42594,卖盘
2069,11:23:24,13.74,--,18,24732,卖盘
2070,11:23:15,13.74,-0.01,101,138774,卖盘
2071,11:23:06,13.75,--,15,20625,买盘
2072,11:23:03,13.75,0.01,65,89375,买盘
2073,11:22:57,13.74,--,11,15114,卖盘
2074,11:22:54,13.74,--,45,61830,卖盘
2075,11:22:51,13.74,--,6,8244,卖盘
2076,11:22:45,13.74,--,5,6870,卖盘
2077,11:22:42,13.74,-0.01,10,13740,卖盘
2078,11:22:39,13.75,0.01,2,2750,买盘
2079,11:22:36,13.74,-0.01,62,85188,卖盘
2080,11:22:33,13.75,0.01,12,16500,买盘
2081,11:22:18,13.74,--,10,13740,卖盘
2082,11:22:15,13.74,-0.01,30,41220,卖盘
2083,11:22:12,13.75,--,20,27500,买盘
2084,11:22:06,13.75,--,18,24750,买盘
2085,11:22:03,13.75,0.01,159,218625,买盘
2086,11:22:00,13.74,-0.01,10,13740,卖盘
2087,11:21:57,13.75,0.01,93,127875,买盘
2088,11:21:54,13.74,--,12,16488,卖盘
2089,11:21:51,13.74,--,38,52212,卖盘
2090,11:21:45,13.74,-0.01,15,20610,卖盘
2091,11:21:42,13.75,--,6,8250,买盘
2092,11:21:39,13.75,0.01,1,1375,买盘
2093,11:21:36,13.74,--,54,74196,卖盘
2094,11:21:33,13.74,--,2,2748,卖盘
2095,11:21:27,13.74,-0.01,295,405330,卖盘
2096,11:21:24,13.75,--,20,27500,买盘
2097,11:21:18,13.75,0.01,60,82500,买盘
2098,11:21:15,13.74,-0.01,33,45342,卖盘
2099,11:21:12,13.75,--,137,188375,卖盘
2100,11:21:06,13.75,--,57,78375,买盘
2101,11:21:03,13.75,--,20,27500,买盘
2102,11:21:00,13.75,--,20,27500,买盘
2103,11:20:57,13.75,--,12,16500,买盘
2104,11:20:51,13.75,-0.01,131,180125,卖盘
2105,11:20:48,13.76,--,5,6880,买盘
2106,11:20:45,13.76,0.01,210,288960,买盘
2107,11:20:42,13.75,--,43,59125,卖盘
2108,11:20:39,13.75,-0.01,266,365750,卖盘
2109,11:20:36,13.76,0.01,70,96320,买盘
2110,11:20:33,13.75,-0.01,25,34375,卖盘
2111,11:20:30,13.76,0.01,1,1376,买盘
2112,11:20:27,13.75,--,298,409750,卖盘
2113,11:20:24,13.75,-0.01,487,669625,卖盘
2114,11:20:21,13.76,--,1,1376,买盘
2115,11:20:18,13.76,--,206,283456,买盘
2116,11:20:15,13.76,--,158,217408,买盘
2117,11:20:09,13.76,--,5,6880,买盘
2118,11:20:06,13.76,0.01,12,16512,买盘
2119,11:20:03,13.75,-0.01,18,24750,卖盘
2120,11:20:00,13.76,0.01,14,19264,买盘
2121,11:19:57,13.75,--,15,20625,卖盘
2122,11:19:48,13.75,--,5,6875,卖盘
2123,11:19:45,13.75,0.01,311,427625,买盘
2124,11:19:42,13.74,-0.01,2,2748,卖盘
2125,11:19:39,13.75,0.01,93,128700,买盘
2126,11:19:36,13.74,-0.01,34,46716,卖盘
2127,11:19:33,13.75,0.01,78,107250,买盘
2128,11:19:27,13.74,--,77,105798,买盘
2129,11:19:18,13.74,-0.01,2,2748,卖盘
2130,11:19:12,13.75,--,10,13750,买盘
2131,11:19:09,13.75,--,7,9625,买盘
2132,11:19:06,13.75,--,5,6875,买盘
2133,11:19:00,13.75,0.02,55,75625,买盘
2134,11:18:57,13.73,-0.02,31,42563,卖盘
2135,11:18:54,13.75,--,8,11000,买盘
2136,11:18:48,13.75,0.02,5,6875,买盘
2137,11:18:45,13.73,--,37,50801,卖盘
2138,11:18:42,13.73,-0.02,2,2746,买盘
2139,11:18:39,13.75,0.03,2859,3931125,买盘
2140,11:18:36,13.72,-0.01,203,278516,卖盘
2141,11:18:30,13.73,--,7,9611,买盘
2142,11:18:24,13.73,0.01,28,38444,买盘
2143,11:18:21,13.72,-0.01,5,6860,卖盘
2144,11:18:18,13.73,0.01,9,12357,买盘
2145,11:18:15,13.72,--,38,52136,卖盘
2146,11:18:12,13.72,--,40,54880,卖盘
2147,11:18:06,13.72,--,56,76832,卖盘
2148,11:18:03,13.72,0.01,362,496664,买盘
2149,11:18:00,13.71,-0.01,2,2742,卖盘
2150,11:17:54,13.72,0.01,6,8232,买盘
2151,11:17:45,13.71,-0.01,28,38388,卖盘
2152,11:17:42,13.72,--,15,20580,买盘
2153,11:17:39,13.72,--,6,8232,买盘
2154,11:17:36,13.72,--,50,68600,买盘
2155,11:17:33,13.72,--,59,80948,买盘
2156,11:17:30,13.72,--,14,19208,买盘
2157,11:17:27,13.72,0.01,10,13720,买盘
2158,11:17:24,13.71,-0.01,5,6855,卖盘
2159,11:17:18,13.72,--,60,82320,买盘
2160,11:17:15,13.72,--,41,56252,买盘
2161,11:17:12,13.72,-0.01,159,218148,卖盘
2162,11:17:09,13.73,--,24,32952,买盘
2163,11:17:06,13.73,--,10,13730,买盘
2164,11:17:03,13.73,--,110,151030,买盘
2165,11:16:54,13.73,--,100,137300,买盘
2166,11:16:48,13.73,--,10,13730,买盘
2167,11:16:45,13.73,0.01,271,372083,买盘
2168,11:16:39,13.72,--,32,43904,卖盘
2169,11:16:36,13.72,-0.01,443,607796,卖盘
2170,11:16:33,13.73,-0.01,32,43936,卖盘
2171,11:16:30,13.74,--,112,153888,买盘
2172,11:16:24,13.74,--,10,13740,买盘
2173,11:16:21,13.74,--,5,6870,买盘
2174,11:16:18,13.74,-0.01,7,9618,卖盘
2175,11:16:15,13.75,--,12,16500,买盘
2176,11:16:12,13.75,0.02,15,20625,买盘
2177,11:16:03,13.73,-0.02,50,68650,卖盘
2178,11:16:00,13.75,--,30,41250,卖盘
2179,11:15:57,13.75,--,236,324500,卖盘
2180,11:15:54,13.75,0.02,1749,2404875,买盘
2181,11:15:51,13.73,--,251,344623,买盘
2182,11:15:48,13.73,--,1,1373,买盘
2183,11:15:42,13.73,--,27,37071,买盘
2184,11:15:39,13.73,0.01,5,6865,买盘
2185,11:15:36,13.72,-0.01,35,48020,卖盘
2186,11:15:30,13.73,--,34,46682,买盘
2187,11:15:27,13.73,--,12,16476,买盘
2188,11:15:24,13.73,--,91,124943,买盘
2189,11:15:21,13.73,--,5,6865,买盘
2190,11:15:15,13.73,0.01,9,12357,买盘
2191,11:15:12,13.72,-0.01,22,30184,卖盘
2192,11:15:09,13.73,--,83,113959,买盘
2193,11:15:03,13.73,0.01,35,48055,买盘
2194,11:14:57,13.72,--,24,32928,买盘
2195,11:14:54,13.72,--,4,5488,中性盘
2196,11:14:51,13.72,--,6,8232,买盘
2197,11:14:48,13.72,--,30,41160,买盘
2198,11:14:45,13.72,--,30,41160,买盘
2199,11:14:42,13.72,--,20,27440,买盘
2200,11:14:39,13.72,0.01,45,61740,买盘
2201,11:14:33,13.71,--,46,63066,卖盘
2202,11:14:24,13.71,--,73,100083,买盘
2203,11:14:21,13.71,--,99,135729,买盘
2204,11:14:18,13.71,0.01,58,79518,买盘
2205,11:14:15,13.7,-0.01,20,27400,卖盘
2206,11:14:12,13.71,--,696,954216,买盘
2207,11:14:09,13.71,--,30,41130,买盘
2208,11:14:06,13.71,0.01,1,1371,买盘
2209,11:14:00,13.7,--,45,61650,买盘
2210,11:13:57,13.7,--,442,605540,买盘
2211,11:13:54,13.7,--,45,61650,买盘
2212,11:13:51,13.7,--,151,206870,买盘
2213,11:13:48,13.7,0.01,1407,1927590,买盘
2214,11:13:45,13.69,-0.01,19,26011,卖盘
2215,11:13:42,13.7,--,38,52060,买盘
2216,11:13:36,13.7,0.01,45,61650,买盘
2217,11:13:33,13.69,-0.01,54,73926,卖盘
2218,11:13:30,13.7,0.01,1,1370,买盘
2219,11:13:27,13.69,--,23,31487,卖盘
2220,11:13:24,13.69,0.01,55,75295,买盘
2221,11:13:21,13.68,-0.01,15,20520,卖盘
2222,11:13:18,13.69,0.01,5,6845,买盘
2223,11:13:15,13.68,-0.01,22,30096,卖盘
2224,11:13:09,13.69,0.01,11,15059,买盘
2225,11:13:06,13.68,--,31,42408,卖盘
2226,11:13:03,13.68,--,8,10944,卖盘
2227,11:13:00,13.68,--,136,186048,卖盘
2228,11:12:57,13.68,-0.01,8,10944,卖盘
2229,11:12:54,13.69,--,11,15059,买盘
2230,11:12:51,13.69,0.01,5,6845,买盘
2231,11:12:45,13.68,-0.01,25,34200,卖盘
2232,11:12:39,13.69,0.01,50,68450,买盘
2233,11:12:36,13.68,--,9,12312,卖盘
2234,11:12:33,13.68,--,35,47880,卖盘
2235,11:12:27,13.68,--,5,6840,卖盘
2236,11:12:24,13.68,--,40,54720,卖盘
2237,11:12:15,13.68,-0.01,19,25992,卖盘
2238,11:12:12,13.69,0.01,4,5476,买盘
2239,11:12:09,13.68,--,26,35568,卖盘
2240,11:12:06,13.68,--,48,65664,卖盘
2241,11:12:00,13.68,--,5,6840,卖盘
2242,11:11:57,13.68,-0.01,30,41040,卖盘
2243,11:11:54,13.69,--,2,2738,买盘
2244,11:11:51,13.69,--,10,13690,买盘
2245,11:11:48,13.69,--,29,39701,买盘
2246,11:11:45,13.69,--,118,161542,买盘
2247,11:11:33,13.69,-0.01,446,610574,卖盘
2248,11:11:30,13.7,--,60,82200,买盘
2249,11:11:27,13.7,0.01,114,156180,买盘
2250,11:11:24,13.69,-0.01,1,1369,卖盘
2251,11:11:21,13.7,--,5,6850,买盘
2252,11:11:18,13.7,0.01,20,27400,买盘
2253,11:11:15,13.69,--,4,5476,卖盘
2254,11:11:12,13.69,--,348,476412,卖盘
2255,11:11:06,13.69,--,9,12321,卖盘
2256,11:11:03,13.69,--,2,2738,卖盘
2257,11:11:00,13.69,--,4,5476,卖盘
2258,11:10:57,13.69,--,9,12321,卖盘
2259,11:10:54,13.69,-0.01,2,2738,卖盘
2260,11:10:51,13.7,--,2,2740,买盘
2261,11:10:45,13.7,--,5,6850,买盘
2262,11:10:42,13.7,--,6,8220,买盘
2263,11:10:39,13.7,0.01,8,10960,买盘
2264,11:10:36,13.69,--,20,27380,卖盘
2265,11:10:33,13.69,-0.01,34,46546,卖盘
2266,11:10:27,13.7,--,10,13700,买盘
2267,11:10:15,13.7,--,2,2740,买盘
2268,11:10:09,13.7,--,5,6850,买盘
2269,11:10:06,13.7,0.01,51,69870,买盘
2270,11:10:00,13.69,--,80,109520,卖盘
2271,11:09:54,13.69,-0.01,228,312132,卖盘
2272,11:09:51,13.7,0.01,100,137000,买盘
2273,11:09:45,13.69,-0.01,35,47915,卖盘
2274,11:09:39,13.7,0.01,252,345240,买盘
2275,11:09:33,13.69,-0.01,34,46546,卖盘
2276,11:09:30,13.7,--,12,16440,买盘
2277,11:09:27,13.7,0.01,2,2740,买盘
2278,11:09:24,13.69,-0.01,5,6845,卖盘
2279,11:09:21,13.7,--,101,138370,买盘
2280,11:09:18,13.7,--,336,460320,买盘
2281,11:09:15,13.7,--,5,6850,买盘
2282,11:09:09,13.7,0.01,4,5480,买盘
2283,11:09:06,13.69,--,13,17797,卖盘
2284,11:09:03,13.69,--,107,146483,卖盘
2285,11:09:00,13.69,-0.01,9,12321,卖盘
2286,11:08:57,13.7,--,112,153440,买盘
2287,11:08:54,13.7,--,10,13700,买盘
2288,11:08:48,13.7,--,37,50690,买盘
2289,11:08:42,13.7,--,218,298660,买盘
2290,11:08:39,13.7,0.01,38,52060,买盘
2291,11:08:36,13.69,-0.01,48,65712,卖盘
2292,11:08:33,13.7,0.01,242,331540,买盘
2293,11:08:30,13.69,-0.01,2,2738,卖盘
2294,11:08:09,13.7,0.01,4,5480,买盘
2295,11:08:03,13.69,--,5,6845,卖盘
2296,11:07:57,13.69,--,4,5476,卖盘
2297,11:07:51,13.69,--,10,13690,卖盘
2298,11:07:48,13.69,--,54,73926,买盘
2299,11:07:42,13.69,--,5,6845,买盘
2300,11:07:39,13.69,--,29,39701,卖盘
2301,11:07:36,13.69,-0.01,26,35594,卖盘
2302,11:07:33,13.7,0.01,209,286330,买盘
2303,11:07:30,13.69,--,23,31487,卖盘
2304,11:07:27,13.69,0.01,21,28749,卖盘
2305,11:07:24,13.68,-0.01,40,54720,卖盘
2306,11:07:21,13.69,--,3,4107,卖盘
2307,11:07:15,13.69,--,12,17249,买盘
2308,11:07:06,13.69,0.01,7,9583,买盘
2309,11:07:03,13.68,-0.01,35,47880,卖盘
2310,11:06:57,13.69,--,7,10130,卖盘
2311,11:06:54,13.69,--,1,1369,卖盘
2312,11:06:51,13.69,--,27,37784,卖盘
2313,11:06:45,13.69,-0.01,58,79402,卖盘
2314,11:06:42,13.7,0.01,15,20550,买盘
2315,11:06:36,13.69,--,32,43808,卖盘
2316,11:06:33,13.69,--,95,130055,卖盘
2317,11:06:30,13.69,-0.01,32,43808,卖盘
2318,11:06:21,13.7,0.01,16,21920,买盘
2319,11:06:09,13.69,-0.01,64,87616,卖盘
2320,11:06:06,13.7,0.01,102,139740,买盘
2321,11:06:00,13.69,--,2,2738,卖盘
2322,11:05:54,13.69,-0.01,20,27380,卖盘
2323,11:05:48,13.7,--,18,24660,买盘
2324,11:05:45,13.7,--,3,4110,买盘
2325,11:05:42,13.7,--,151,206870,买盘
2326,11:05:39,13.7,0.01,11,15070,买盘
2327,11:05:33,13.69,0.01,36,49284,中性盘
2328,11:05:21,13.68,-0.01,26,35568,卖盘
2329,11:05:18,13.69,--,68,93092,买盘
2330,11:05:15,13.69,--,6,8214,买盘
2331,11:05:06,13.69,--,174,238206,卖盘
2332,11:05:00,13.69,-0.01,2,2738,中性盘
2333,11:04:48,13.7,0.01,13,17810,买盘
2334,11:04:45,13.69,--,43,58867,卖盘
2335,11:04:42,13.69,--,1,1369,卖盘
2336,11:04:33,13.69,--,39,53391,卖盘
2337,11:04:30,13.69,--,154,210826,买盘
2338,11:04:24,13.69,--,10,13690,买盘
2339,11:04:21,13.69,0.01,7,9583,买盘
2340,11:04:18,13.68,--,5,6840,卖盘
2341,11:04:15,13.68,--,26,35568,卖盘
2342,11:04:12,13.68,--,125,171000,卖盘
2343,11:04:03,13.68,-0.01,3,4104,卖盘
2344,11:04:00,13.69,0.01,200,273800,买盘
2345,11:03:57,13.68,--,34,46512,卖盘
2346,11:03:54,13.68,-0.01,51,69768,卖盘
2347,11:03:48,13.69,0.01,11,15059,买盘
2348,11:03:45,13.68,-0.01,5,6840,卖盘
2349,11:03:36,13.69,0.01,6,8214,买盘
2350,11:03:33,13.68,--,35,47880,卖盘
2351,11:03:30,13.68,-0.01,139,190152,卖盘
2352,11:03:27,13.69,--,313,428497,买盘
2353,11:03:24,13.69,0.01,125,171125,买盘
2354,11:03:21,13.68,-0.01,15,20520,卖盘
2355,11:03:18,13.69,--,191,261479,买盘
2356,11:03:15,13.69,0.01,14,19166,买盘
2357,11:03:12,13.68,-0.01,5,6840,卖盘
2358,11:03:09,13.69,0.01,36,49284,买盘
2359,11:03:06,13.68,-0.01,26,35568,卖盘
2360,11:03:03,13.69,--,17,23273,买盘
2361,11:03:00,13.69,--,4,5476,买盘
2362,11:02:57,13.69,--,8,10952,买盘
2363,11:02:54,13.69,0.01,35,47915,买盘
2364,11:02:51,13.68,--,10,13680,卖盘
2365,11:02:48,13.68,-0.01,20,27360,卖盘
2366,11:02:45,13.69,--,10,13690,买盘
2367,11:02:39,13.69,0.01,3,4107,买盘
2368,11:02:36,13.68,--,28,38304,卖盘
2369,11:02:33,13.68,0.01,463,633384,买盘
2370,11:02:30,13.67,-0.01,38,51946,卖盘
2371,11:02:27,13.68,--,164,224352,买盘
2372,11:02:24,13.68,--,16,21888,买盘
2373,11:02:21,13.68,--,50,68400,买盘
2374,11:02:18,13.68,--,42,57456,买盘
2375,11:02:15,13.68,--,132,180576,卖盘
2376,11:02:12,13.68,--,7,9576,卖盘
2377,11:02:06,13.68,--,95,129960,卖盘
2378,11:02:03,13.68,--,80,109440,卖盘
2379,11:01:57,13.68,--,129,176472,卖盘
2380,11:01:54,13.68,--,22,30096,买盘
2381,11:01:51,13.68,0.01,73,99864,买盘
2382,11:01:48,13.67,--,19,25973,卖盘
2383,11:01:45,13.67,-0.01,100,136700,卖盘
2384,11:01:42,13.68,0.01,922,1261296,买盘
2385,11:01:39,13.67,--,8,10936,卖盘
2386,11:01:36,13.67,--,44,60148,卖盘
2387,11:01:33,13.67,0.01,107,146269,买盘
2388,11:01:30,13.66,-0.01,35,47810,卖盘
2389,11:01:27,13.67,--,33,45111,买盘
2390,11:01:24,13.67,0.01,134,183178,卖盘
2391,11:01:21,13.66,-0.01,252,344232,卖盘
2392,11:01:18,13.67,-0.01,62,84754,卖盘
2393,11:01:15,13.68,0.01,143,195624,买盘
2394,11:01:12,13.67,-0.01,1020,1394340,卖盘
2395,11:01:09,13.68,--,12,16416,买盘
2396,11:01:06,13.68,--,10,13680,买盘
2397,11:01:03,13.68,0.01,6,8208,中性盘
2398,11:01:00,13.67,-0.02,338,462046,卖盘
2399,11:00:57,13.69,0.01,119,162911,买盘
2400,11:00:54,13.68,--,102,139536,卖盘
2401,11:00:51,13.68,-0.01,602,823536,卖盘
2402,11:00:48,13.69,0.01,70,95830,买盘
2403,11:00:45,13.68,-0.01,55,75240,卖盘
2404,11:00:39,13.69,--,6,8214,买盘
2405,11:00:36,13.69,--,71,97199,卖盘
2406,11:00:30,13.69,-0.01,41,56129,买盘
2407,11:00:27,13.7,0.02,10,13700,买盘
2408,11:00:24,13.68,--,211,288648,卖盘
2409,11:00:21,13.68,-0.01,600,820800,卖盘
2410,11:00:18,13.69,-0.01,42,57498,卖盘
2411,11:00:15,13.7,--,5,6850,买盘
2412,11:00:12,13.7,--,5,6850,买盘
2413,11:00:09,13.7,--,26,35620,买盘
2414,11:00:06,13.7,0.01,6,8220,买盘
2415,11:00:03,13.69,-0.02,1,1369,卖盘
2416,11:00:00,13.71,0.01,200,274200,买盘
2417,10:59:57,13.7,--,1,1370,买盘
2418,10:59:54,13.7,0.01,58,79460,中性盘
2419,10:59:51,13.69,-0.01,572,783068,卖盘
2420,10:59:48,13.7,--,3,4110,卖盘
2421,10:59:45,13.7,-0.01,25,34250,卖盘
2422,10:59:39,13.71,--,14,19194,买盘
2423,10:59:36,13.71,-0.01,90,123390,卖盘
2424,10:59:33,13.72,0.01,1,1372,买盘
2425,10:59:30,13.71,-0.01,34,46614,卖盘
2426,10:59:27,13.72,--,2,2744,买盘
2427,10:59:24,13.72,0.01,473,648956,买盘
2428,10:59:21,13.71,-0.01,34,46614,卖盘
2429,10:59:15,13.72,--,14,19208,买盘
2430,10:59:12,13.72,0.01,53,72716,买盘
2431,10:59:09,13.71,--,13,17823,卖盘
2432,10:59:00,13.71,--,10,13710,卖盘
2433,10:58:57,13.71,0.01,1,1371,买盘
2434,10:58:54,13.7,-0.02,131,179470,卖盘
2435,10:58:51,13.72,--,14,19208,买盘
2436,10:58:39,13.72,0.02,58,79576,买盘
2437,10:58:36,13.7,--,42,57540,卖盘
2438,10:58:33,13.7,--,26,35620,卖盘
2439,10:58:30,13.7,-0.03,44,60280,卖盘
2440,10:58:24,13.73,0.02,6,8238,买盘
2441,10:58:21,13.71,-0.01,434,595014,卖盘
2442,10:58:18,13.72,--,26,35672,卖盘
2443,10:58:15,13.72,--,47,64484,买盘
2444,10:58:12,13.72,--,92,126224,买盘
2445,10:58:09,13.72,0.01,1,1372,买盘
2446,10:58:06,13.71,-0.01,55,75405,中性盘
2447,10:57:57,13.72,0.02,5,6860,买盘
2448,10:57:54,13.7,--,30,41100,卖盘
2449,10:57:51,13.7,-0.02,340,465800,卖盘
2450,10:57:45,13.72,0.01,14,19208,买盘
2451,10:57:42,13.71,--,15,20565,卖盘
2452,10:57:39,13.71,--,20,27420,卖盘
2453,10:57:36,13.71,0.01,862,1181802,买盘
2454,10:57:30,13.7,--,34,46580,卖盘
2455,10:57:24,13.7,-0.01,118,161660,卖盘
2456,10:57:21,13.71,0.01,4,5484,买盘
2457,10:57:12,13.7,-0.01,100,137000,卖盘
2458,10:57:09,13.71,0.01,12,16452,买盘
2459,10:57:06,13.7,--,15,20550,卖盘
2460,10:57:03,13.7,--,4,5480,卖盘
2461,10:57:00,13.7,--,923,1265606,买盘
2462,10:56:57,13.7,--,18,24660,买盘
2463,10:56:54,13.7,--,50,68500,买盘
2464,10:56:51,13.7,0.01,35,47950,买盘
2465,10:56:48,13.69,-0.01,77,105413,卖盘
2466,10:56:42,13.7,0.01,38,52060,买盘
2467,10:56:39,13.69,--,6,8214,买盘
2468,10:56:36,13.69,-0.01,6,8214,买盘
2469,10:56:33,13.7,0.01,117,160290,买盘
2470,10:56:30,13.69,-0.01,24,32856,卖盘
2471,10:56:27,13.7,0.01,50,68500,买盘
2472,10:56:24,13.69,--,297,406593,卖盘
2473,10:56:21,13.69,--,102,139638,买盘
2474,10:56:18,13.69,0.01,35,47915,买盘
2475,10:56:15,13.68,0.01,41,56088,卖盘
2476,10:56:12,13.67,-0.02,1521,2079876,卖盘
2477,10:56:09,13.69,--,132,180708,买盘
2478,10:56:06,13.69,--,9,13019,卖盘
2479,10:56:03,13.69,--,60,82810,买盘
2480,10:56:00,13.69,--,2,2738,买盘
2481,10:55:57,13.69,--,22,30118,买盘
2482,10:55:54,13.69,0.01,77,105413,买盘
2483,10:55:51,13.68,-0.01,1435,1963777,卖盘
2484,10:55:42,13.69,0.01,36,49954,买盘
2485,10:55:39,13.68,-0.01,3,4104,卖盘
2486,10:55:36,13.69,--,7,9583,买盘
2487,10:55:33,13.69,--,125,171125,买盘
2488,10:55:30,13.69,0.01,90,123210,买盘
2489,10:55:24,13.68,-0.01,3,4104,卖盘
2490,10:55:18,13.69,--,1,1369,买盘
2491,10:55:15,13.69,--,103,141007,买盘
2492,10:55:09,13.69,--,61,83509,买盘
2493,10:55:06,13.69,--,9,12321,买盘
2494,10:55:03,13.69,--,2,2738,买盘
2495,10:54:54,13.69,0.01,11,15059,买盘
2496,10:54:51,13.68,-0.01,12,16416,卖盘
2497,10:54:48,13.69,--,26,35594,买盘
2498,10:54:45,13.69,--,422,577718,买盘
2499,10:54:42,13.69,0.01,95,130055,买盘
2500,10:54:39,13.68,-0.01,56,76608,卖盘
2501,10:54:36,13.69,--,80,109520,买盘
2502,10:54:33,13.69,-0.01,379,519549,卖盘
2503,10:54:30,13.7,--,44,60280,买盘
2504,10:54:27,13.7,--,30,41100,买盘
2505,10:54:24,13.7,0.01,3,4110,买盘
2506,10:54:21,13.69,-0.01,353,483257,卖盘
2507,10:54:15,13.7,--,30,41100,买盘
2508,10:54:12,13.7,--,7,9590,买盘
2509,10:54:09,13.7,--,52,71240,买盘
2510,10:54:06,13.7,0.01,56,76720,买盘
2511,10:54:03,13.69,-0.01,129,176601,卖盘
2512,10:54:00,13.7,0.01,20,27400,买盘
2513,10:53:54,13.69,-0.01,2,2738,卖盘
2514,10:53:51,13.7,--,1,1370,买盘
2515,10:53:48,13.7,--,5,6850,买盘
2516,10:53:45,13.7,--,3,4110,买盘
2517,10:53:39,13.7,0.01,1,1370,买盘
2518,10:53:33,13.69,-0.01,42,57498,卖盘
2519,10:53:30,13.7,--,60,82200,买盘
2520,10:53:27,13.7,0.01,171,234270,买盘
2521,10:53:24,13.69,-0.01,151,206719,卖盘
2522,10:53:21,13.7,--,50,68500,买盘
2523,10:53:18,13.7,--,300,411000,买盘
2524,10:53:09,13.7,--,47,64390,买盘
2525,10:53:00,13.7,0.01,2,2740,买盘
2526,10:52:57,13.69,--,103,141007,卖盘
2527,10:52:54,13.69,-0.01,1,1369,卖盘
2528,10:52:39,13.7,--,18,24660,买盘
2529,10:52:36,13.7,0.01,5,6850,买盘
2530,10:52:33,13.69,--,52,71188,卖盘
2531,10:52:30,13.69,-0.01,59,80771,卖盘
2532,10:52:27,13.7,0.01,8,10960,买盘
2533,10:52:24,13.69,--,2,2738,卖盘
2534,10:52:12,13.69,-0.01,50,68450,卖盘
2535,10:52:09,13.7,0.01,763,1045310,买盘
2536,10:52:06,13.69,--,9,12321,卖盘
2537,10:52:03,13.69,--,32,43808,卖盘
2538,10:52:00,13.69,--,43,58867,卖盘
2539,10:51:54,13.69,0.01,30,41740,买盘
2540,10:51:51,13.68,-0.01,65,88920,卖盘
2541,10:51:48,13.69,0.01,2,2738,买盘
2542,10:51:45,13.68,-0.01,26,35568,卖盘
2543,10:51:42,13.69,--,25,34225,买盘
2544,10:51:39,13.69,--,1,1369,买盘
2545,10:51:36,13.69,--,2,3436,卖盘
2546,10:51:33,13.69,--,74,101306,卖盘
2547,10:51:30,13.69,--,34,46546,卖盘
2548,10:51:27,13.69,--,20,27380,卖盘
2549,10:51:21,13.69,-0.01,3,4107,卖盘
2550,10:51:18,13.7,0.01,145,198650,买盘
2551,10:51:15,13.69,-0.01,37,50653,卖盘
2552,10:51:12,13.7,0.01,50,68500,买盘
2553,10:51:09,13.69,-0.01,46,62974,卖盘
2554,10:51:06,13.7,0.01,10,13700,买盘
2555,10:51:03,13.69,-0.01,11,15059,卖盘
2556,10:51:00,13.7,--,51,69870,买盘
2557,10:50:57,13.7,0.01,6,8220,买盘
2558,10:50:54,13.69,-0.01,3,4107,卖盘
2559,10:50:51,13.7,--,15,20550,买盘
2560,10:50:48,13.7,--,12,16440,买盘
2561,10:50:45,13.7,0.01,45,61650,买盘
2562,10:50:42,13.69,--,3,4107,卖盘
2563,10:50:39,13.69,-0.01,3,4107,卖盘
2564,10:50:36,13.7,--,45,61650,买盘
2565,10:50:33,13.7,--,74,101380,买盘
2566,10:50:30,13.7,--,43,58910,买盘
2567,10:50:24,13.7,--,15,20550,买盘
2568,10:50:21,13.7,--,215,294550,买盘
2569,10:50:18,13.7,--,5,6850,买盘
2570,10:50:15,13.7,0.01,40,54800,买盘
2571,10:50:09,13.69,--,1,1369,卖盘
2572,10:50:00,13.69,--,2,2738,卖盘
2573,10:49:57,13.69,-0.01,22,30118,卖盘
2574,10:49:54,13.7,0.01,455,623350,买盘
2575,10:49:48,13.69,--,35,48585,买盘
2576,10:49:45,13.69,--,28,39030,卖盘
2577,10:49:42,13.69,-0.01,172,235468,卖盘
2578,10:49:39,13.7,--,34,46580,买盘
2579,10:49:33,13.7,0.01,8,10960,买盘
2580,10:49:30,13.69,--,54,73926,卖盘
2581,10:49:27,13.69,--,132,180708,卖盘
2582,10:49:24,13.69,--,15,20535,卖盘
2583,10:49:21,13.69,-0.01,15,20535,卖盘
2584,10:49:12,13.7,--,15,20550,买盘
2585,10:49:09,13.7,--,22,30140,买盘
2586,10:49:03,13.7,0.01,15,20550,买盘
2587,10:49:00,13.69,-0.01,68,93092,卖盘
2588,10:48:57,13.7,--,33,45210,买盘
2589,10:48:54,13.7,0.01,14,19180,买盘
2590,10:48:48,13.69,--,92,125948,卖盘
2591,10:48:45,13.69,--,966,1323124,买盘
2592,10:48:42,13.69,0.01,28,38332,买盘
2593,10:48:39,13.68,--,64,87552,卖盘
2594,10:48:36,13.68,-0.01,42,57456,卖盘
2595,10:48:33,13.69,--,3,4107,买盘
2596,10:48:30,13.69,--,2,2738,买盘
2597,10:48:27,13.69,0.02,44,60236,买盘
2598,10:48:15,13.67,-0.02,1,1367,卖盘
2599,10:48:12,13.69,0.02,1124,1538756,买盘
2600,10:48:09,13.67,--,50,68350,卖盘
2601,10:48:06,13.67,--,43,58781,卖盘
2602,10:48:03,13.67,-0.01,61,83387,卖盘
2603,10:48:00,13.68,0.01,9,12312,买盘
2604,10:47:57,13.67,-0.01,4,5468,卖盘
2605,10:47:54,13.68,0.01,102,139536,买盘
2606,10:47:51,13.67,--,25,34175,卖盘
2607,10:47:48,13.67,-0.01,215,293905,卖盘
2608,10:47:45,13.68,0.01,66,90288,买盘
2609,10:47:42,13.67,--,213,291171,卖盘
2610,10:47:39,13.67,--,248,339016,卖盘
2611,10:47:33,13.67,--,75,102525,卖盘
2612,10:47:30,13.67,--,5,6835,卖盘
2613,10:47:27,13.67,-0.01,154,210518,卖盘
2614,10:47:24,13.68,0.01,17,23256,买盘
2615,10:47:21,13.67,-0.01,134,183178,卖盘
2616,10:47:18,13.68,0.01,34,46512,买盘
2617,10:47:15,13.67,--,72,98424,卖盘
2618,10:47:12,13.67,-0.01,392,535864,卖盘
2619,10:47:09,13.68,0.01,22,30096,买盘
2620,10:47:06,13.67,-0.01,600,820200,卖盘
2621,10:47:03,13.68,--,200,273600,买盘
2622,10:47:00,13.68,--,241,329688,买盘
2623,10:46:57,13.68,--,6,8208,买盘
2624,10:46:54,13.68,--,71,97128,买盘
2625,10:46:51,13.68,--,5,6840,买盘
2626,10:46:48,13.68,0.01,4,5472,买盘
2627,10:46:45,13.67,--,2,2734,卖盘
2628,10:46:42,13.67,--,145,198215,卖盘
2629,10:46:39,13.67,-0.01,89,121663,卖盘
2630,10:46:36,13.68,0.01,2,2736,买盘
2631,10:46:33,13.67,-0.01,40,54680,卖盘
2632,10:46:30,13.68,--,64,87552,买盘
2633,10:46:27,13.68,--,67,91656,卖盘
2634,10:46:24,13.68,--,250,342000,买盘
2635,10:46:21,13.68,0.01,8,10944,买盘
2636,10:46:18,13.67,--,589,805163,卖盘
2637,10:46:15,13.67,--,24,32808,卖盘
2638,10:46:12,13.67,-0.01,186,254262,卖盘
2639,10:46:09,13.68,--,23,31464,买盘
2640,10:46:06,13.68,--,50,68400,买盘
2641,10:46:03,13.68,--,62,84816,买盘
2642,10:46:00,13.68,--,139,190152,卖盘
2643,10:45:57,13.68,-0.01,11,15048,卖盘
2644,10:45:54,13.69,0.01,31,42439,买盘
2645,10:45:51,13.68,-0.01,38,51984,中性盘
2646,10:45:48,13.69,0.01,75,102675,买盘
2647,10:45:45,13.68,0.01,11,15048,中性盘
2648,10:45:42,13.67,-0.01,543,742281,卖盘
2649,10:45:39,13.68,--,30,41040,卖盘
2650,10:45:36,13.68,--,66,90288,卖盘
2651,10:45:33,13.68,--,75,102600,卖盘
2652,10:45:30,13.68,--,5,6840,卖盘
2653,10:45:27,13.68,--,35,47880,卖盘
2654,10:45:24,13.68,0.01,27,37442,买盘
2655,10:45:21,13.67,-0.01,30,41010,卖盘
2656,10:45:15,13.68,--,16,21888,买盘
2657,10:45:12,13.68,0.01,122,166896,买盘
2658,10:45:09,13.67,--,350,478450,卖盘
2659,10:45:06,13.67,--,249,340383,卖盘
2660,10:45:03,13.67,-0.01,21,28707,卖盘
2661,10:45:00,13.68,--,271,370728,买盘
2662,10:44:57,13.68,--,348,476064,买盘
2663,10:44:54,13.68,--,57,77976,卖盘
2664,10:44:51,13.68,0.01,123,168264,买盘
2665,10:44:48,13.67,--,81,110727,卖盘
2666,10:44:45,13.67,--,133,181811,卖盘
2667,10:44:42,13.67,-0.01,61,83387,卖盘
2668,10:44:39,13.68,0.01,680,930240,买盘
2669,10:44:36,13.67,--,77,105259,卖盘
2670,10:44:33,13.67,-0.01,180,246060,卖盘
2671,10:44:30,13.68,0.01,77,105336,买盘
2672,10:44:27,13.67,--,114,155838,卖盘
2673,10:44:24,13.67,--,74,101158,卖盘
2674,10:44:21,13.67,--,33,45111,卖盘
2675,10:44:18,13.67,--,48,65616,卖盘
2676,10:44:15,13.67,--,75,102525,卖盘
2677,10:44:12,13.67,--,8,10936,卖盘
2678,10:44:09,13.67,--,247,337649,买盘
2679,10:44:06,13.67,--,80,109360,买盘
2680,10:44:03,13.67,0.01,106,144902,买盘
2681,10:44:00,13.66,-0.01,18,24588,卖盘
2682,10:43:57,13.67,-0.01,23,31441,卖盘
2683,10:43:54,13.68,0.01,322,440496,买盘
2684,10:43:51,13.67,-0.01,1402,1916534,卖盘
2685,10:43:48,13.68,--,27,36936,买盘
2686,10:43:45,13.68,0.01,200,273600,买盘
2687,10:43:39,13.67,-0.01,397,542699,卖盘
2688,10:43:36,13.68,0.01,152,207936,买盘
2689,10:43:33,13.67,-0.01,11,15037,卖盘
2690,10:43:30,13.68,0.01,10,13680,买盘
2691,10:43:27,13.67,-0.01,76,103892,卖盘
2692,10:43:24,13.68,0.01,222,303696,买盘
2693,10:43:21,13.67,-0.01,135,184545,卖盘
2694,10:43:18,13.68,--,28,38304,卖盘
2695,10:43:15,13.68,--,310,424080,卖盘
2696,10:43:12,13.68,--,606,829008,卖盘
2697,10:43:09,13.68,--,279,381672,卖盘
2698,10:43:06,13.68,--,296,404928,卖盘
2699,10:43:03,13.68,--,16,21888,卖盘
2700,10:43:00,13.68,-0.01,189,258552,卖盘
2701,10:42:57,13.69,0.01,94,128686,买盘
2702,10:42:54,13.68,--,263,359784,卖盘
2703,10:42:51,13.68,--,21,28728,卖盘
2704,10:42:48,13.68,0.01,822,1124496,买盘
2705,10:42:45,13.67,-0.01,73,99791,卖盘
2706,10:42:42,13.68,--,46,62928,买盘
2707,10:42:39,13.68,--,134,183312,买盘
2708,10:42:36,13.68,--,44,60192,买盘
2709,10:42:33,13.68,--,1786,2443248,卖盘
2710,10:42:30,13.68,--,83,113544,卖盘
2711,10:42:27,13.68,-0.01,199,272232,卖盘
2712,10:42:24,13.69,--,224,306656,买盘
2713,10:42:21,13.69,0.01,75,102675,买盘
2714,10:42:18,13.68,--,15,20520,卖盘
2715,10:42:12,13.68,--,139,190152,卖盘
2716,10:42:09,13.68,--,103,140904,卖盘
2717,10:42:06,13.68,--,176,240768,卖盘
2718,10:42:03,13.68,--,182,248976,卖盘
2719,10:42:00,13.68,--,27,36936,卖盘
2720,10:41:57,13.68,--,109,149112,卖盘
2721,10:41:54,13.68,--,129,176472,卖盘
2722,10:41:51,13.68,--,61,83448,卖盘
2723,10:41:45,13.68,-0.01,233,318744,卖盘
2724,10:41:42,13.69,0.01,5,6845,买盘
2725,10:41:39,13.68,--,353,482904,卖盘
2726,10:41:36,13.68,--,49,67032,卖盘
2727,10:41:33,13.68,-0.01,50,68400,卖盘
2728,10:41:30,13.69,--,1,1369,买盘
2729,10:41:24,13.69,-0.01,407,557183,卖盘
2730,10:41:21,13.7,0.01,1036,1419320,买盘
2731,10:41:18,13.69,-0.01,58,79402,卖盘
2732,10:41:15,13.7,0.01,29,39730,买盘
2733,10:41:12,13.69,-0.01,1,1369,卖盘
2734,10:41:09,13.7,0.01,90,123300,买盘
2735,10:41:06,13.69,--,82,112258,卖盘
2736,10:41:03,13.69,--,765,1047285,卖盘
2737,10:41:00,13.69,--,51,69819,卖盘
2738,10:40:57,13.69,-0.01,8,10952,卖盘
2739,10:40:54,13.7,0.01,93,127410,买盘
2740,10:40:51,13.69,--,220,301180,卖盘
2741,10:40:48,13.69,--,305,417545,卖盘
2742,10:40:45,13.69,--,7,9583,卖盘
2743,10:40:42,13.69,-0.01,79,108151,卖盘
2744,10:40:39,13.7,--,2,2740,买盘
2745,10:40:36,13.7,--,33,45210,买盘
2746,10:40:33,13.7,0.01,41,56170,买盘
2747,10:40:30,13.69,--,44,60236,卖盘
2748,10:40:27,13.69,-0.01,34,46546,卖盘
2749,10:40:24,13.7,--,55,75350,买盘
2750,10:40:21,13.7,--,210,287700,买盘
2751,10:40:18,13.7,0.01,10,13700,买盘
2752,10:40:15,13.69,-0.01,44,60236,卖盘
2753,10:40:12,13.7,--,130,178100,买盘
2754,10:40:09,13.7,--,120,164400,买盘
2755,10:40:06,13.7,--,15,20550,买盘
2756,10:40:03,13.7,--,1045,1431650,卖盘
2757,10:40:00,13.7,-0.01,86,117820,卖盘
2758,10:39:57,13.71,--,35,47985,买盘
2759,10:39:54,13.71,--,20,27420,买盘
2760,10:39:51,13.71,--,56,76776,买盘
2761,10:39:39,13.71,--,302,414042,卖盘
2762,10:39:36,13.71,--,5,6855,卖盘
2763,10:39:33,13.71,--,6,8226,卖盘
2764,10:39:30,13.71,--,3,4113,卖盘
2765,10:39:27,13.71,0.01,288,394848,买盘
2766,10:39:24,13.7,-0.01,5,6850,卖盘
2767,10:39:21,13.71,0.01,202,276942,买盘
2768,10:39:18,13.7,--,56,76720,卖盘
2769,10:39:15,13.7,--,1,1370,卖盘
2770,10:39:12,13.7,--,120,164400,卖盘
2771,10:39:09,13.7,--,37,50690,卖盘
2772,10:39:03,13.7,-0.01,46,63020,卖盘
2773,10:39:00,13.71,--,4,5484,买盘
2774,10:38:57,13.71,0.01,6,8226,买盘
2775,10:38:54,13.7,--,43,58910,卖盘
2776,10:38:51,13.7,--,30,41100,卖盘
2777,10:38:45,13.7,--,83,113710,买盘
2778,10:38:42,13.7,--,30,41100,买盘
2779,10:38:39,13.7,--,54,73980,买盘
2780,10:38:36,13.7,--,22,30140,买盘
2781,10:38:33,13.7,--,7,9590,买盘
