,time,price,change,volume,amount,type
0,15:00:03,11.63,--,1694,1970122,卖盘
1,14:57:00,11.63,--,0,0,卖盘
2,14:56:57,11.63,--,1001,1164163,卖盘
3,14:56:54,11.63,--,253,294239,卖盘
4,14:56:51,11.63,--,111,129093,卖盘
5,14:56:48,11.63,--,5,5815,卖盘
6,14:56:39,11.63,-0.01,67,77921,卖盘
7,14:56:36,11.64,0.01,49,57036,买盘
8,14:56:33,11.63,-0.01,50,58150,卖盘
9,14:56:30,11.64,0.01,94,109416,买盘
10,14:56:27,11.63,--,71,82573,卖盘
11,14:56:24,11.63,--,76,88388,卖盘
12,14:56:21,11.63,-0.01,324,376812,买盘
13,14:56:18,11.64,0.01,100,116400,买盘
14,14:56:15,11.63,--,500,581500,买盘
15,14:56:12,11.63,--,122,141886,买盘
16,14:56:09,11.63,0.01,3,3489,买盘
17,14:56:06,11.62,--,28,32535,卖盘
18,14:56:03,11.62,-0.01,5,5810,卖盘
19,14:56:00,11.63,0.01,113,131419,买盘
20,14:55:57,11.62,-0.01,49,56937,卖盘
21,14:55:54,11.63,--,23,26749,买盘
22,14:55:51,11.63,--,183,212829,买盘
23,14:55:48,11.63,0.01,4,4652,买盘
24,14:55:45,11.62,--,20,23240,卖盘
25,14:55:42,11.62,--,5,5810,卖盘
26,14:55:39,11.62,--,4,4648,卖盘
27,14:55:33,11.62,--,135,156870,卖盘
28,14:55:30,11.62,--,10,11620,卖盘
29,14:55:27,11.62,--,4,4648,卖盘
30,14:55:24,11.62,--,10,11620,卖盘
31,14:55:21,11.62,--,90,104580,买盘
32,14:55:18,11.62,0.01,9,10458,买盘
33,14:55:15,11.61,-0.01,18,20898,卖盘
34,14:55:12,11.62,0.01,66,76692,买盘
35,14:55:06,11.61,-0.01,17,19737,卖盘
36,14:55:03,11.62,-0.01,192,223103,卖盘
37,14:54:57,11.63,0.01,97,112811,买盘
38,14:54:54,11.62,--,20,23240,卖盘
39,14:54:51,11.62,--,13,15105,卖盘
40,14:54:48,11.62,--,133,154546,卖盘
41,14:54:45,11.62,-0.01,55,63909,卖盘
42,14:54:39,11.63,0.01,100,116300,买盘
43,14:54:33,11.62,--,24,27887,买盘
44,14:54:30,11.62,--,46,53452,卖盘
45,14:54:27,11.62,0.01,162,188244,买盘
46,14:54:24,11.61,-0.01,1,1161,卖盘
47,14:54:21,11.62,--,105,122009,买盘
48,14:54:18,11.62,--,35,40670,买盘
49,14:54:15,11.62,--,45,52290,买盘
50,14:54:12,11.62,--,6,6971,卖盘
51,14:54:09,11.62,--,2,2324,卖盘
52,14:54:06,11.62,--,4,4648,卖盘
53,14:54:03,11.62,0.01,6,6971,中性盘
54,14:53:57,11.61,-0.01,60,69660,卖盘
55,14:53:54,11.62,--,763,886838,买盘
56,14:53:51,11.62,0.01,176,205290,买盘
57,14:53:48,11.61,--,148,171828,卖盘
58,14:53:45,11.61,--,978,1135458,卖盘
59,14:53:42,11.61,-0.01,1,1161,卖盘
60,14:53:39,11.62,--,5,5810,买盘
61,14:53:33,11.62,--,24,27887,买盘
62,14:53:27,11.62,0.01,80,92960,买盘
63,14:53:24,11.61,--,134,155574,卖盘
64,14:53:21,11.61,-0.01,22,25542,卖盘
65,14:53:15,11.62,--,28,32535,买盘
66,14:53:12,11.62,--,13,15105,买盘
67,14:53:09,11.62,0.01,17,19754,买盘
68,14:53:06,11.61,-0.01,20,23220,卖盘
69,14:53:03,11.62,0.01,32,37184,买盘
70,14:53:00,11.61,--,21,24381,卖盘
71,14:52:57,11.61,--,21,24381,卖盘
72,14:52:54,11.61,0.01,84,97849,卖盘
73,14:52:51,11.6,-0.01,109,126683,卖盘
74,14:52:45,11.61,--,24,28432,买盘
75,14:52:42,11.61,--,25,29025,买盘
76,14:52:33,11.61,--,46,53406,买盘
77,14:52:30,11.61,--,13,15093,买盘
78,14:52:27,11.61,--,86,100438,卖盘
79,14:52:24,11.61,--,513,595593,卖盘
80,14:52:18,11.61,--,205,238005,卖盘
81,14:52:09,11.61,--,20,23220,卖盘
82,14:52:06,11.61,--,7,8127,卖盘
83,14:52:00,11.61,--,3,3483,卖盘
84,14:51:57,11.61,-0.01,9,10449,卖盘
85,14:51:51,11.62,--,210,244589,买盘
86,14:51:48,11.62,--,10,11620,买盘
87,14:51:42,11.62,0.01,10,11620,买盘
88,14:51:39,11.61,--,2,2322,卖盘
89,14:51:33,11.61,--,3,3483,卖盘
90,14:51:30,11.61,--,5,5805,卖盘
91,14:51:27,11.61,--,18,20898,卖盘
92,14:51:18,11.61,0.01,21,24381,买盘
93,14:51:15,11.6,-0.01,21,24360,卖盘
94,14:51:12,11.61,-0.01,16,18576,卖盘
95,14:51:09,11.62,0.01,61,70882,买盘
96,14:51:06,11.61,--,144,167184,买盘
97,14:51:03,11.61,0.01,10,11610,买盘
98,14:51:00,11.6,-0.02,6,6960,卖盘
99,14:50:57,11.62,0.01,379,440397,买盘
100,14:50:54,11.61,0.01,1,1161,中性盘
101,14:50:48,11.6,-0.02,189,219808,卖盘
102,14:50:45,11.62,--,43,49966,买盘
103,14:50:42,11.62,0.01,5,5810,买盘
104,14:50:39,11.61,--,22,25542,卖盘
105,14:50:36,11.61,--,70,81270,卖盘
106,14:50:24,11.61,--,27,31347,买盘
107,14:50:21,11.61,--,29,33669,卖盘
108,14:50:15,11.61,--,14,16254,卖盘
109,14:50:12,11.61,--,9,10449,卖盘
110,14:50:09,11.61,-0.01,25,29025,卖盘
111,14:50:06,11.62,0.01,5,5810,买盘
112,14:50:03,11.61,--,11,12771,买盘
113,14:50:00,11.61,--,3,3483,买盘
114,14:49:57,11.61,-0.01,20,23220,买盘
115,14:49:54,11.62,0.01,12,13943,买盘
116,14:49:51,11.61,--,86,100519,卖盘
117,14:49:48,11.61,--,60,70530,卖盘
118,14:49:45,11.61,--,112,131088,卖盘
119,14:49:42,11.61,-0.01,15,17415,卖盘
120,14:49:39,11.62,0.01,5,5810,买盘
121,14:49:36,11.61,--,7,8208,卖盘
122,14:49:30,11.61,--,20,23475,卖盘
123,14:49:27,11.61,--,8,9288,卖盘
124,14:49:24,11.61,--,50,58050,卖盘
125,14:49:21,11.61,--,4,4644,卖盘
126,14:49:18,11.61,0.01,148,171828,买盘
127,14:49:15,11.6,-0.01,2,2320,卖盘
128,14:49:12,11.61,0.01,33,38313,买盘
129,14:49:09,11.6,--,45,53012,卖盘
130,14:49:03,11.6,-0.01,20,23200,卖盘
131,14:48:57,11.61,0.01,327,379647,买盘
132,14:48:51,11.6,--,2,2320,卖盘
133,14:48:48,11.6,--,95,110629,卖盘
134,14:48:45,11.6,--,1310,1519739,卖盘
135,14:48:39,11.6,-0.01,21,24360,卖盘
136,14:48:36,11.61,--,149,172989,买盘
137,14:48:33,11.61,--,20,23220,买盘
138,14:48:27,11.61,0.01,1,1161,买盘
139,14:48:24,11.6,-0.01,1,1160,卖盘
140,14:48:21,11.61,0.01,6,6966,买盘
141,14:48:18,11.6,-0.01,42,48720,卖盘
142,14:48:15,11.61,0.01,21,24381,买盘
143,14:48:12,11.6,-0.01,9,10440,卖盘
144,14:48:09,11.61,--,1,1161,买盘
145,14:48:03,11.61,--,42,48762,买盘
146,14:48:00,11.61,--,217,251937,买盘
147,14:47:57,11.61,0.01,34,39474,买盘
148,14:47:54,11.6,--,5,5800,卖盘
149,14:47:51,11.6,-0.01,8,9280,卖盘
150,14:47:45,11.61,0.01,206,239166,买盘
151,14:47:42,11.6,-0.01,407,472688,卖盘
152,14:47:39,11.61,--,15,17415,买盘
153,14:47:36,11.61,0.01,10,11610,买盘
154,14:47:33,11.6,--,1,1160,卖盘
155,14:47:30,11.6,--,56,64960,卖盘
156,14:47:27,11.6,--,16,18560,卖盘
157,14:47:24,11.6,-0.01,25,29000,卖盘
158,14:47:21,11.61,--,15,17415,买盘
159,14:47:18,11.61,0.01,20,23220,买盘
160,14:47:15,11.6,-0.01,26,30160,卖盘
161,14:47:12,11.61,--,1,1161,买盘
162,14:47:06,11.61,0.01,7,8127,买盘
163,14:47:03,11.6,--,21,24360,卖盘
164,14:47:00,11.6,-0.01,99,114840,卖盘
165,14:46:57,11.61,0.01,16,18576,买盘
166,14:46:48,11.6,--,60,69600,卖盘
167,14:46:45,11.6,--,69,81130,卖盘
168,14:46:39,11.6,-0.01,143,166518,卖盘
169,14:46:36,11.61,-0.01,23,27631,卖盘
170,14:46:27,11.62,0.01,7,8133,买盘
171,14:46:24,11.61,--,1,1161,卖盘
172,14:46:18,11.61,--,5,5805,卖盘
173,14:46:15,11.61,-0.01,70,81270,卖盘
174,14:46:12,11.62,0.01,23,26726,买盘
175,14:46:09,11.61,--,12,13932,卖盘
176,14:46:03,11.61,--,26,30186,卖盘
177,14:46:00,11.61,--,6,6966,卖盘
178,14:45:51,11.61,--,24,27864,卖盘
179,14:45:45,11.61,-0.01,64,75418,卖盘
180,14:45:39,11.62,--,126,147027,买盘
181,14:45:36,11.62,--,51,59261,买盘
182,14:45:33,11.62,--,17,19754,买盘
183,14:45:30,11.62,0.01,8,9296,买盘
184,14:45:27,11.61,--,159,184599,卖盘
185,14:45:24,11.61,-0.01,25,29025,卖盘
186,14:45:21,11.62,0.01,3,3485,买盘
187,14:45:18,11.61,-0.01,2,2322,卖盘
188,14:45:15,11.62,--,12,13943,买盘
189,14:45:12,11.62,0.01,26,30211,买盘
190,14:45:09,11.61,--,28,32508,卖盘
191,14:45:03,11.61,--,20,23220,卖盘
192,14:44:57,11.61,--,3,3483,卖盘
193,14:44:54,11.61,--,3,3483,卖盘
194,14:44:48,11.61,--,8,9288,卖盘
195,14:44:45,11.61,0.01,627,728771,买盘
196,14:44:42,11.6,-0.01,70,81385,卖盘
197,14:44:39,11.61,0.01,26,30186,买盘
198,14:44:36,11.6,--,142,165798,卖盘
199,14:44:27,11.6,--,2,2320,卖盘
200,14:44:24,11.6,--,8,9280,卖盘
201,14:44:18,11.6,--,10,11600,卖盘
202,14:44:15,11.6,--,5,5800,卖盘
203,14:44:09,11.6,--,14,16240,卖盘
204,14:44:06,11.6,--,58,67280,卖盘
205,14:44:03,11.6,-0.01,8,9280,卖盘
206,14:43:54,11.61,0.01,10,11610,买盘
207,14:43:51,11.6,-0.01,7,8120,卖盘
208,14:43:45,11.61,0.01,12,13932,买盘
209,14:43:42,11.6,--,47,54520,卖盘
210,14:43:39,11.6,--,74,86199,卖盘
211,14:43:36,11.6,--,132,153792,卖盘
212,14:43:33,11.6,-0.01,301,349160,卖盘
213,14:43:30,11.61,--,10,11610,买盘
214,14:43:24,11.61,--,17,19737,买盘
215,14:43:21,11.61,0.01,2,2322,买盘
216,14:43:18,11.6,--,1425,1653000,卖盘
217,14:43:15,11.6,-0.01,20,23200,卖盘
218,14:43:12,11.61,0.01,5,5805,买盘
219,14:43:03,11.6,--,76,88160,卖盘
220,14:43:00,11.6,-0.01,24,27840,卖盘
221,14:42:57,11.61,0.01,3,3483,买盘
222,14:42:54,11.6,-0.01,1,1160,卖盘
223,14:42:51,11.61,--,50,58050,买盘
224,14:42:48,11.61,--,609,707385,卖盘
225,14:42:42,11.61,--,2,2322,卖盘
226,14:42:39,11.61,--,76,88549,卖盘
227,14:42:36,11.61,-0.01,134,155829,卖盘
228,14:42:30,11.62,--,6,6971,买盘
229,14:42:27,11.62,0.01,50,58099,买盘
230,14:42:24,11.61,--,2,2322,卖盘
231,14:42:18,11.61,-0.01,1,1161,卖盘
232,14:42:15,11.62,--,11,12782,买盘
233,14:42:09,11.62,--,17,19754,买盘
234,14:42:06,11.62,--,20,23240,买盘
235,14:42:03,11.62,--,24,27887,买盘
236,14:41:57,11.62,--,5,5810,买盘
237,14:41:54,11.62,-0.01,7,8133,买盘
238,14:41:51,11.63,--,3,3489,买盘
239,14:41:48,11.63,--,370,430565,买盘
240,14:41:42,11.63,--,6,6978,买盘
241,14:41:39,11.63,0.01,13,15119,买盘
242,14:41:36,11.62,--,69,81154,卖盘
243,14:41:33,11.62,--,125,146005,卖盘
244,14:41:30,11.62,--,637,740194,买盘
245,14:41:24,11.62,--,3,3485,买盘
246,14:41:21,11.62,--,10,11620,买盘
247,14:41:18,11.62,--,230,267260,买盘
248,14:41:15,11.62,--,4,4648,买盘
249,14:41:12,11.62,0.01,51,59261,买盘
250,14:41:06,11.61,--,5,5805,卖盘
251,14:41:00,11.61,-0.01,1,1161,卖盘
252,14:40:57,11.62,0.01,29,33698,买盘
253,14:40:54,11.61,-0.01,2,2322,卖盘
254,14:40:51,11.62,0.01,3,3485,买盘
255,14:40:45,11.61,--,94,109134,买盘
256,14:40:42,11.61,--,7,8127,买盘
257,14:40:39,11.61,0.01,7,8127,买盘
258,14:40:36,11.6,--,20,23200,卖盘
259,14:40:33,11.6,-0.01,77,89772,卖盘
260,14:40:30,11.61,0.01,136,158012,买盘
261,14:40:24,11.6,--,20,23200,卖盘
262,14:40:21,11.6,--,10,11600,卖盘
263,14:40:18,11.6,--,17,19720,卖盘
264,14:40:15,11.6,-0.01,19,22040,卖盘
265,14:40:12,11.61,--,3,3483,买盘
266,14:40:09,11.61,--,30,34830,买盘
267,14:40:03,11.61,--,11,12771,买盘
268,14:39:57,11.61,0.01,2,3250,买盘
269,14:39:51,11.6,--,18,20880,卖盘
270,14:39:48,11.6,--,17,19720,卖盘
271,14:39:45,11.6,--,42,48720,卖盘
272,14:39:42,11.6,--,1,1160,卖盘
273,14:39:39,11.6,-0.01,15,17400,卖盘
274,14:39:36,11.61,0.01,10,11610,买盘
275,14:39:33,11.6,--,58,68266,卖盘
276,14:39:27,11.6,--,124,144582,卖盘
277,14:39:24,11.6,--,100,116000,卖盘
278,14:39:21,11.6,0.01,163,189358,买盘
279,14:39:18,11.59,--,17,19703,卖盘
280,14:39:15,11.59,-0.01,6,6954,卖盘
281,14:39:12,11.6,0.01,5,5800,买盘
282,14:39:09,11.59,-0.01,1,1159,卖盘
283,14:39:06,11.6,--,70,81200,卖盘
284,14:38:54,11.6,-0.01,4,4640,卖盘
285,14:38:51,11.61,0.01,25,29025,买盘
286,14:38:42,11.6,--,34,39440,卖盘
287,14:38:39,11.6,--,57,66120,卖盘
288,14:38:33,11.6,--,51,59740,卖盘
289,14:38:30,11.6,--,15,17400,卖盘
290,14:38:27,11.6,--,131,153108,卖盘
291,14:38:24,11.6,--,19,22040,卖盘
292,14:38:21,11.6,--,7,8120,卖盘
293,14:38:12,11.6,0.01,6,6960,买盘
294,14:38:09,11.59,--,14,16226,卖盘
295,14:38:03,11.59,--,21,24339,卖盘
296,14:38:00,11.59,-0.01,36,41724,卖盘
297,14:37:57,11.6,-0.02,7,8120,中性盘
298,14:37:51,11.62,0.02,1000,1162000,买盘
299,14:37:39,11.6,--,65,75991,卖盘
300,14:37:30,11.6,--,71,82893,卖盘
301,14:37:27,11.6,--,110,127600,卖盘
302,14:37:24,11.6,-0.01,118,136914,卖盘
303,14:37:21,11.61,0.01,113,131193,买盘
304,14:37:18,11.6,--,61,70760,卖盘
305,14:37:09,11.6,--,1,1160,卖盘
306,14:37:06,11.6,-0.01,20,23200,卖盘
307,14:37:03,11.61,--,32,37152,买盘
308,14:37:00,11.61,--,30,34830,买盘
309,14:36:51,11.61,0.01,5,5805,买盘
310,14:36:45,11.6,--,303,351480,卖盘
311,14:36:42,11.6,0.01,367,425720,买盘
312,14:36:39,11.59,--,2,2318,卖盘
313,14:36:27,11.59,--,75,87550,卖盘
314,14:36:24,11.59,-0.02,110,128591,卖盘
315,14:36:21,11.61,0.01,7,8127,买盘
316,14:36:18,11.6,--,5,5800,卖盘
317,14:36:03,11.6,0.01,945,1096200,买盘
318,14:36:00,11.59,--,10,11590,卖盘
319,14:35:57,11.59,--,106,122854,卖盘
320,14:35:54,11.59,-0.01,1,1159,卖盘
321,14:35:51,11.6,0.01,10,11600,买盘
322,14:35:36,11.59,-0.01,2,2318,卖盘
323,14:35:27,11.6,0.01,24,27840,买盘
324,14:35:24,11.59,--,51,59398,卖盘
325,14:35:21,11.59,--,132,153266,卖盘
326,14:35:15,11.59,-0.01,7,8113,卖盘
327,14:35:12,11.6,--,7,8120,买盘
328,14:35:09,11.6,0.01,10,11600,买盘
329,14:35:06,11.59,-0.01,5,5795,卖盘
330,14:35:03,11.6,0.01,52,60320,买盘
331,14:34:45,11.59,-0.01,43,49837,卖盘
332,14:34:39,11.6,0.01,38,44080,买盘
333,14:34:36,11.59,--,9,10431,卖盘
334,14:34:33,11.59,-0.01,54,62586,卖盘
335,14:34:30,11.6,--,8,9280,买盘
336,14:34:27,11.6,0.01,2,2320,买盘
337,14:34:24,11.59,--,1,1159,卖盘
338,14:34:21,11.59,-0.01,183,212664,卖盘
339,14:34:15,11.6,--,8,9280,买盘
340,14:34:12,11.6,--,3,3480,买盘
341,14:34:06,11.6,--,5,5800,买盘
342,14:34:03,11.6,--,33,38280,买盘
343,14:34:00,11.6,--,13,15080,买盘
344,14:33:57,11.6,--,10,11600,买盘
345,14:33:45,11.6,0.01,7,8120,买盘
346,14:33:39,11.59,-0.01,26,30134,卖盘
347,14:33:36,11.6,--,71,82360,买盘
348,14:33:33,11.6,--,2,2320,买盘
349,14:33:30,11.6,--,2,2320,买盘
350,14:33:21,11.6,0.01,71,83438,买盘
351,14:33:18,11.59,-0.01,131,152478,卖盘
352,14:33:15,11.6,--,5,5800,买盘
353,14:33:12,11.6,--,2,2320,买盘
354,14:33:03,11.6,--,26,30160,买盘
355,14:33:00,11.6,--,2,2320,买盘
356,14:32:54,11.6,0.01,22,25520,买盘
357,14:32:51,11.59,--,15,17385,卖盘
358,14:32:45,11.59,-0.01,13,15067,卖盘
359,14:32:42,11.6,--,10,11600,买盘
360,14:32:27,11.6,0.01,10,11600,买盘
361,14:32:24,11.59,--,58,67222,卖盘
362,14:32:21,11.59,--,67,78151,卖盘
363,14:32:15,11.59,-0.02,116,134513,卖盘
364,14:32:03,11.61,--,27,31347,买盘
365,14:32:00,11.61,--,10,11610,买盘
366,14:31:57,11.61,0.01,2,2322,买盘
367,14:31:51,11.6,-0.01,5,5800,中性盘
368,14:31:48,11.61,0.02,11,12771,买盘
369,14:31:45,11.59,-0.02,305,353495,卖盘
370,14:31:39,11.61,0.01,57,66177,买盘
371,14:31:33,11.6,--,22,25520,买盘
372,14:31:30,11.6,--,6,6960,买盘
373,14:31:24,11.6,0.01,2,2320,买盘
374,14:31:21,11.59,--,51,59294,卖盘
375,14:31:18,11.59,-0.01,132,153370,卖盘
376,14:31:12,11.6,--,28,32480,卖盘
377,14:31:09,11.6,-0.01,34,39440,卖盘
378,14:31:03,11.61,0.01,26,30186,买盘
379,14:31:00,11.6,-0.01,2,2320,买盘
380,14:30:54,11.61,0.01,64,74304,买盘
381,14:30:51,11.6,--,7,8120,买盘
382,14:30:48,11.6,--,281,326006,卖盘
383,14:30:45,11.6,--,11,12760,卖盘
384,14:30:42,11.6,-0.01,205,237800,卖盘
385,14:30:36,11.61,--,7,8127,买盘
386,14:30:30,11.61,0.01,8,9288,买盘
387,14:30:24,11.6,--,1,1160,卖盘
388,14:30:18,11.6,--,64,74379,卖盘
389,14:30:15,11.6,-0.02,123,143109,卖盘
390,14:30:06,11.62,0.01,47,54613,买盘
391,14:30:03,11.61,--,17,19737,买盘
392,14:30:00,11.61,-0.01,506,587466,卖盘
393,14:29:57,11.62,0.01,7,8133,买盘
394,14:29:51,11.61,--,13,15093,卖盘
395,14:29:45,11.61,-0.01,8,9288,卖盘
396,14:29:42,11.62,--,7,8133,买盘
397,14:29:36,11.62,0.01,12,13943,买盘
398,14:29:30,11.61,--,1,1161,卖盘
399,14:29:27,11.61,--,5,5805,卖盘
400,14:29:24,11.61,--,17,19737,买盘
401,14:29:21,11.61,0.01,500,580500,买盘
402,14:29:15,11.6,--,50,58730,卖盘
403,14:29:12,11.6,-0.01,142,165717,卖盘
404,14:29:09,11.61,--,36,41796,买盘
405,14:29:06,11.61,--,14,16254,买盘
406,14:29:03,11.61,--,34,39474,买盘
407,14:29:00,11.61,--,502,582822,买盘
408,14:28:57,11.61,0.01,33,38313,买盘
409,14:28:51,11.6,-0.01,1,1160,卖盘
410,14:28:48,11.61,--,6,6966,买盘
411,14:28:42,11.61,--,5,5805,买盘
412,14:28:39,11.61,--,28,32508,卖盘
413,14:28:33,11.61,--,5,5805,卖盘
414,14:28:24,11.61,-0.01,1,1161,中性盘
415,14:28:18,11.62,0.02,20,23240,买盘
416,14:28:15,11.6,--,72,83624,卖盘
417,14:28:12,11.6,-0.02,121,140824,卖盘
418,14:28:09,11.62,--,7,8133,买盘
419,14:28:06,11.62,--,19,22078,买盘
420,14:28:03,11.62,0.01,71,82502,买盘
421,14:27:57,11.61,--,12,13932,卖盘
422,14:27:54,11.61,--,1,1161,卖盘
423,14:27:48,11.61,--,12,13932,买盘
424,14:27:39,11.61,0.01,500,580500,买盘
425,14:27:36,11.6,-0.01,1,1160,卖盘
426,14:27:33,11.61,--,15,17415,买盘
427,14:27:30,11.61,0.01,47,54567,买盘
428,14:27:27,11.6,-0.01,1,1160,卖盘
429,14:27:24,11.61,--,1,1161,买盘
430,14:27:18,11.61,0.01,30,34830,买盘
431,14:27:15,11.6,-0.01,52,60540,卖盘
432,14:27:12,11.61,--,154,179142,买盘
433,14:27:03,11.61,0.01,66,76626,买盘
434,14:27:00,11.6,--,1,1160,卖盘
435,14:26:57,11.6,--,17,19720,卖盘
436,14:26:45,11.6,--,28,32480,卖盘
437,14:26:39,11.6,--,53,61480,卖盘
438,14:26:33,11.6,--,852,988320,买盘
439,14:26:30,11.6,--,15,17400,买盘
440,14:26:24,11.6,--,13,15080,买盘
441,14:26:18,11.6,--,11,12760,买盘
442,14:26:15,11.6,0.01,23,26680,买盘
443,14:26:12,11.59,-0.01,59,68612,卖盘
444,14:26:09,11.6,--,129,149976,买盘
445,14:26:03,11.6,0.01,26,30160,买盘
446,14:26:00,11.59,-0.01,11,12749,卖盘
447,14:25:57,11.6,0.01,74,85840,买盘
448,14:25:45,11.59,-0.01,1,1159,卖盘
449,14:25:42,11.6,0.01,45,52200,买盘
450,14:25:27,11.59,-0.01,5,5795,卖盘
451,14:25:24,11.6,--,307,356120,买盘
452,14:25:21,11.6,--,17,19720,买盘
453,14:25:18,11.6,--,20,23200,买盘
454,14:25:15,11.6,0.01,21,24360,买盘
455,14:25:12,11.59,-0.01,67,78626,卖盘
456,14:25:09,11.6,0.01,7,8120,买盘
457,14:25:06,11.59,-0.01,116,135197,卖盘
458,14:25:03,11.6,0.01,26,30160,买盘
459,14:24:48,11.59,-0.01,82,95038,卖盘
460,14:24:42,11.6,--,2,2320,买盘
461,14:24:27,11.6,0.01,11,12760,买盘
462,14:24:24,11.59,--,2,2318,卖盘
463,14:24:21,11.59,-0.01,35,40565,卖盘
464,14:24:18,11.6,--,3,3480,买盘
465,14:24:12,11.6,0.01,7,8120,买盘
466,14:24:09,11.59,--,73,85082,卖盘
467,14:24:06,11.59,-0.01,241,279411,卖盘
468,14:24:03,11.6,--,26,30160,买盘
469,14:23:57,11.6,--,8,9280,买盘
470,14:23:54,11.6,0.01,67,77720,买盘
471,14:23:51,11.59,--,11,12749,卖盘
472,14:23:48,11.59,-0.01,70,81130,卖盘
473,14:23:45,11.6,0.01,12,13920,买盘
474,14:23:42,11.59,-0.01,10,11590,卖盘
475,14:23:33,11.6,--,54,62640,买盘
476,14:23:30,11.6,0.01,8,9280,买盘
477,14:23:27,11.59,--,6,6954,卖盘
478,14:23:24,11.59,--,53,61427,买盘
479,14:23:21,11.59,--,20,23180,买盘
480,14:23:18,11.59,0.01,66,76494,买盘
481,14:23:09,11.58,--,34,39372,卖盘
482,14:23:06,11.58,--,69,80191,卖盘
483,14:23:03,11.58,--,201,233035,卖盘
484,14:22:54,11.58,--,14,16212,卖盘
485,14:22:51,11.58,-0.01,20,23160,卖盘
486,14:22:42,11.59,--,11,12749,买盘
487,14:22:36,11.59,--,17,19703,买盘
488,14:22:33,11.59,0.01,10,11590,买盘
489,14:22:30,11.58,-0.01,41,47478,卖盘
490,14:22:27,11.59,0.01,8,9272,买盘
491,14:22:24,11.58,-0.01,11,12738,卖盘
492,14:22:21,11.59,--,36,41724,买盘
493,14:22:12,11.59,0.01,60,69540,买盘
494,14:22:06,11.58,-0.01,67,78176,卖盘
495,14:22:03,11.59,0.01,26,30134,买盘
496,14:22:00,11.58,--,115,134304,卖盘
497,14:21:54,11.58,--,9,10422,卖盘
498,14:21:51,11.58,-0.01,1,1158,卖盘
499,14:21:48,11.59,--,67,77653,买盘
500,14:21:42,11.59,0.01,17,19703,买盘
501,14:21:39,11.58,-0.01,10,11580,卖盘
502,14:21:30,11.59,--,10,11590,买盘
503,14:21:27,11.59,0.01,7,8113,买盘
504,14:21:15,11.58,--,41,47478,卖盘
505,14:21:12,11.58,--,11,12738,卖盘
506,14:21:09,11.58,-0.01,6,6948,卖盘
507,14:21:06,11.59,0.01,10,11590,买盘
508,14:21:03,11.58,--,86,99958,卖盘
509,14:21:00,11.58,-0.01,125,144946,卖盘
510,14:20:57,11.59,--,27,31293,买盘
511,14:20:48,11.59,0.01,8,9272,买盘
512,14:20:45,11.58,--,6,6948,卖盘
513,14:20:36,11.58,-0.01,1,1158,卖盘
514,14:20:33,11.59,--,19,22021,买盘
515,14:20:27,11.59,0.01,211,244549,买盘
516,14:20:24,11.58,--,1,1158,卖盘
517,14:20:18,11.58,--,13,15054,卖盘
518,14:20:12,11.58,-0.01,14,16212,卖盘
519,14:20:09,11.59,--,61,70699,买盘
520,14:20:03,11.59,0.02,48,55632,买盘
521,14:20:00,11.57,-0.01,183,212297,卖盘
522,14:19:57,11.58,-0.01,2,2316,卖盘
523,14:19:51,11.59,0.01,66,76494,买盘
524,14:19:45,11.58,--,14,16212,卖盘
525,14:19:42,11.58,--,8,9264,卖盘
526,14:19:39,11.58,-0.01,380,440040,卖盘
527,14:19:36,11.59,--,9,10431,买盘
528,14:19:33,11.59,0.01,1,1159,买盘
529,14:19:27,11.58,--,80,92640,卖盘
530,14:19:21,11.58,-0.01,15,17370,卖盘
531,14:19:18,11.59,0.01,35,40565,买盘
532,14:19:12,11.58,--,1,1158,卖盘
533,14:19:06,11.58,--,50,57900,卖盘
534,14:19:03,11.58,--,79,91482,卖盘
535,14:19:00,11.58,-0.01,84,97630,卖盘
536,14:18:57,11.59,--,116,134652,买盘
537,14:18:54,11.59,--,50,57950,买盘
538,14:18:45,11.59,--,9,10431,买盘
539,14:18:42,11.59,0.01,21,24339,买盘
540,14:18:39,11.58,--,1,1158,卖盘
541,14:18:36,11.58,-0.01,7,8106,卖盘
542,14:18:33,11.59,--,23,26657,买盘
543,14:18:27,11.59,0.01,5,5795,买盘
544,14:18:24,11.58,-0.01,2,2316,卖盘
545,14:18:21,11.59,--,13,15067,买盘
546,14:18:15,11.59,0.01,1,1159,买盘
547,14:18:12,11.58,-0.01,16,18528,卖盘
548,14:18:03,11.59,--,34,39406,买盘
549,14:18:00,11.59,0.01,14,16226,买盘
550,14:17:57,11.58,-0.01,183,212481,卖盘
551,14:17:48,11.59,--,7,8113,买盘
552,14:17:45,11.59,0.01,3,3477,买盘
553,14:17:39,11.58,--,2,2316,卖盘
554,14:17:30,11.58,-0.01,1,1158,卖盘
555,14:17:27,11.59,--,4,4636,买盘
556,14:17:18,11.59,--,26,30134,买盘
557,14:17:12,11.59,--,20,23180,买盘
558,14:17:09,11.59,--,7,8113,买盘
559,14:17:06,11.59,--,28,32452,买盘
560,14:17:03,11.59,0.01,26,30134,买盘
561,14:16:57,11.58,--,69,80747,卖盘
562,14:16:51,11.58,-0.01,113,131734,卖盘
563,14:16:48,11.59,0.01,6,6954,买盘
564,14:16:45,11.58,-0.01,130,150540,卖盘
565,14:16:42,11.59,--,10,11590,买盘
566,14:16:36,11.59,--,10,11590,买盘
567,14:16:33,11.59,--,54,62586,买盘
568,14:16:24,11.59,--,2,2318,买盘
569,14:16:18,11.59,--,156,180804,买盘
570,14:16:12,11.59,0.01,7,8113,买盘
571,14:16:09,11.58,--,10,11580,卖盘
572,14:16:06,11.58,-0.01,1,1158,卖盘
573,14:16:03,11.59,0.01,27,31293,买盘
574,14:15:54,11.58,--,74,86641,卖盘
575,14:15:51,11.58,-0.01,117,136261,卖盘
576,14:15:36,11.59,0.01,88,101992,买盘
577,14:15:33,11.58,--,51,59058,卖盘
578,14:15:30,11.58,--,20,23160,卖盘
579,14:15:18,11.58,-0.01,11,12738,卖盘
580,14:15:09,11.59,0.01,2,2318,买盘
581,14:15:06,11.58,-0.01,20,23160,卖盘
582,14:15:03,11.59,--,26,30134,买盘
583,14:15:00,11.59,0.01,7,8113,买盘
584,14:14:54,11.58,--,79,92431,卖盘
585,14:14:51,11.58,--,1,1158,卖盘
586,14:14:48,11.58,--,135,157105,卖盘
587,14:14:42,11.58,--,37,42846,卖盘
588,14:14:36,11.58,-0.01,181,210234,卖盘
589,14:14:30,11.59,0.01,2,2318,买盘
590,14:14:24,11.58,--,11,12738,卖盘
591,14:14:18,11.58,-0.01,27,31266,卖盘
592,14:14:15,11.59,0.01,12,13908,买盘
593,14:14:06,11.58,-0.01,3,3474,卖盘
594,14:14:03,11.59,0.01,32,37088,买盘
595,14:13:51,11.58,--,39,45602,卖盘
596,14:13:45,11.58,-0.01,80,92987,卖盘
597,14:13:36,11.59,--,1,1159,卖盘
598,14:13:33,11.59,--,3,3477,卖盘
599,14:13:27,11.59,--,57,66063,卖盘
600,14:13:24,11.59,--,10,11590,卖盘
601,14:13:15,11.59,-0.01,8,9272,卖盘
602,14:13:12,11.6,0.01,7,8120,买盘
603,14:13:09,11.59,--,1,1159,卖盘
604,14:13:06,11.59,-0.01,10,11590,卖盘
605,14:13:03,11.6,0.01,26,30160,买盘
606,14:13:00,11.59,--,148,171532,卖盘
607,14:12:57,11.59,--,1,1159,卖盘
608,14:12:54,11.59,--,11,12749,卖盘
609,14:12:48,11.59,--,44,51355,卖盘
610,14:12:45,11.59,-0.01,79,91989,卖盘
611,14:12:36,11.6,0.01,5,5800,买盘
612,14:12:33,11.59,--,87,100833,卖盘
613,14:12:30,11.59,--,15,17385,卖盘
614,14:12:24,11.59,--,11,12749,卖盘
615,14:12:21,11.59,-0.01,4,4636,卖盘
616,14:12:18,11.6,--,11,12760,买盘
617,14:12:15,11.6,--,7,8120,买盘
618,14:12:03,11.6,--,35,40600,买盘
619,14:11:48,11.6,0.01,10,11600,买盘
620,14:11:45,11.59,--,40,46974,卖盘
621,14:11:42,11.59,-0.01,82,95211,卖盘
622,14:11:39,11.6,0.01,19,22040,买盘
623,14:11:36,11.59,--,21,24339,卖盘
624,14:11:33,11.59,--,19,22021,卖盘
625,14:11:30,11.59,-0.01,4,4636,卖盘
626,14:11:24,11.6,0.01,6,6960,买盘
627,14:11:21,11.59,--,6,6954,卖盘
628,14:11:18,11.59,0.01,64,74222,买盘
629,14:11:15,11.58,--,47,54426,卖盘
630,14:11:12,11.58,-0.01,20,23160,卖盘
631,14:11:09,11.59,--,10,11590,买盘
632,14:11:06,11.59,--,7,8113,买盘
633,14:11:03,11.59,--,682,790438,买盘
634,14:11:00,11.59,0.01,11,12749,买盘
635,14:10:57,11.58,-0.01,50,57900,卖盘
636,14:10:54,11.59,--,11,12749,买盘
637,14:10:45,11.59,0.01,1,1159,买盘
638,14:10:42,11.58,--,47,54657,卖盘
639,14:10:39,11.58,-0.01,75,87405,卖盘
640,14:10:36,11.59,--,2,2318,买盘
641,14:10:33,11.59,--,24,27816,买盘
642,14:10:30,11.59,--,14,16226,买盘
643,14:10:27,11.59,--,29,33611,买盘
644,14:10:24,11.59,--,21,24339,买盘
645,14:10:15,11.59,0.01,27,31293,买盘
646,14:10:12,11.58,-0.01,9,10422,卖盘
647,14:10:09,11.59,--,2,2318,买盘
648,14:10:03,11.59,--,97,112423,卖盘
649,14:09:57,11.59,--,165,191235,买盘
650,14:09:51,11.59,--,7,8113,卖盘
651,14:09:48,11.59,0.01,41,47519,买盘
652,14:09:45,11.58,--,1,1158,卖盘
653,14:09:42,11.58,--,31,36812,卖盘
654,14:09:39,11.58,-0.01,102,119146,卖盘
655,14:09:36,11.59,-0.01,11,12749,卖盘
656,14:09:33,11.6,--,10,11600,买盘
657,14:09:30,11.6,0.02,17,19720,买盘
658,14:09:24,11.58,-0.01,50,57900,卖盘
659,14:09:21,11.59,--,6,6954,卖盘
660,14:09:18,11.59,--,86,99674,买盘
661,14:09:15,11.59,--,96,111264,买盘
662,14:09:12,11.59,--,13,15067,买盘
663,14:09:09,11.59,0.01,20,23180,买盘
664,14:09:06,11.58,-0.01,38,44004,卖盘
665,14:09:03,11.59,0.01,26,30134,买盘
666,14:08:57,11.58,-0.01,5,5790,卖盘
667,14:08:51,11.59,--,107,124013,买盘
668,14:08:39,11.59,--,190,220998,买盘
669,14:08:33,11.59,--,11,12749,买盘
670,14:08:30,11.59,0.01,18,20862,买盘
671,14:08:27,11.58,--,19,22002,卖盘
672,14:08:24,11.58,-0.02,86,99588,卖盘
673,14:08:21,11.6,0.02,1,1160,买盘
674,14:08:15,11.58,-0.01,8,9264,卖盘
675,14:08:12,11.59,--,5,5795,卖盘
676,14:08:09,11.59,--,80,93508,买盘
677,14:08:03,11.59,--,26,30134,买盘
678,14:08:00,11.59,0.01,35,40565,买盘
679,14:07:57,11.58,--,9,10422,卖盘
680,14:07:54,11.58,--,10,11580,卖盘
681,14:07:51,11.58,--,45,52110,卖盘
682,14:07:48,11.58,-0.01,1,1158,卖盘
683,14:07:45,11.59,-0.01,50,58320,卖盘
684,14:07:42,11.6,0.01,7,8120,买盘
685,14:07:39,11.59,--,73,85371,卖盘
686,14:07:33,11.59,--,72,83471,卖盘
687,14:07:27,11.59,--,59,68381,卖盘
688,14:07:24,11.59,--,70,81130,卖盘
689,14:07:12,11.59,--,191,221369,买盘
690,14:07:09,11.59,--,2,2318,买盘
691,14:07:03,11.59,--,26,30134,买盘
692,14:07:00,11.59,--,2,2318,买盘
693,14:06:57,11.59,0.01,28,32452,买盘
694,14:06:54,11.58,-0.01,24,27792,卖盘
695,14:06:51,11.59,--,10,11590,买盘
696,14:06:48,11.59,--,7,8113,买盘
697,14:06:45,11.59,0.01,7,8113,买盘
698,14:06:39,11.58,--,36,42081,卖盘
699,14:06:33,11.58,-0.01,85,98823,卖盘
700,14:06:30,11.59,0.01,1,1159,中性盘
701,14:06:27,11.58,-0.01,8,9264,卖盘
702,14:06:24,11.59,--,20,23180,买盘
703,14:06:21,11.59,--,52,60268,卖盘
704,14:06:18,11.59,--,10,11590,卖盘
705,14:06:12,11.59,--,11,12749,卖盘
706,14:06:09,11.59,--,8,9272,卖盘
707,14:06:06,11.59,0.01,79,91561,买盘
708,14:06:03,11.58,--,56,64848,卖盘
709,14:05:54,11.58,-0.01,1,1158,卖盘
710,14:05:51,11.59,0.01,25,28975,买盘
711,14:05:42,11.58,--,24,27792,卖盘
712,14:05:39,11.58,-0.01,35,41491,卖盘
713,14:05:36,11.59,0.01,6,6954,买盘
714,14:05:33,11.58,--,78,91308,卖盘
715,14:05:30,11.58,-0.01,7,8106,卖盘
716,14:05:24,11.59,0.01,13,15067,买盘
717,14:05:15,11.58,--,1,1158,卖盘
718,14:05:12,11.58,-0.01,11,12738,卖盘
719,14:05:09,11.59,0.01,10,11590,买盘
720,14:05:03,11.58,-0.01,66,76428,卖盘
721,14:04:57,11.59,0.01,7,8113,买盘
722,14:04:54,11.58,--,19,22002,卖盘
723,14:04:51,11.58,--,10,11580,卖盘
724,14:04:48,11.58,--,11,12738,卖盘
725,14:04:45,11.58,-0.01,57,66006,卖盘
726,14:04:42,11.59,0.01,2,2318,买盘
727,14:04:33,11.58,--,90,104266,卖盘
728,14:04:30,11.58,-0.01,81,94539,卖盘
729,14:04:27,11.59,--,33,38247,卖盘
730,14:04:24,11.59,--,4,4636,卖盘
731,14:04:21,11.59,--,5,5795,卖盘
732,14:04:18,11.59,--,28,32452,买盘
733,14:04:15,11.59,--,10,11590,买盘
734,14:04:06,11.59,--,22,25498,卖盘
735,14:04:03,11.59,0.01,14,16226,买盘
736,14:04:00,11.58,-0.01,114,132012,卖盘
737,14:03:54,11.59,0.01,8,9272,买盘
738,14:03:51,11.58,-0.01,28,32424,卖盘
739,14:03:48,11.59,--,4,4636,买盘
740,14:03:42,11.59,--,3,3477,买盘
741,14:03:39,11.59,--,15,17385,卖盘
742,14:03:36,11.59,0.01,17,19703,中性盘
743,14:03:33,11.58,--,43,50569,卖盘
744,14:03:27,11.58,-0.01,71,82229,卖盘
745,14:03:24,11.59,0.01,1,1159,中性盘
746,14:03:18,11.58,--,5,5790,卖盘
747,14:03:15,11.58,--,45,52445,卖盘
748,14:03:12,11.58,--,12,13896,卖盘
749,14:03:09,11.58,--,1,1158,卖盘
750,14:03:06,11.58,-0.02,20,23160,卖盘
751,14:03:03,11.6,0.01,26,30160,买盘
752,14:03:00,11.59,--,45,52155,卖盘
753,14:02:57,11.59,0.01,14,16272,买盘
754,14:02:54,11.58,--,15,17370,卖盘
755,14:02:51,11.58,-0.01,36,41688,卖盘
756,14:02:48,11.59,0.01,19,22021,买盘
757,14:02:42,11.58,-0.01,71,82218,卖盘
758,14:02:39,11.59,0.01,48,55632,买盘
759,14:02:36,11.58,-0.01,119,138913,卖盘
760,14:02:30,11.59,--,32,37088,卖盘
761,14:02:27,11.59,--,82,95826,卖盘
762,14:02:24,11.59,--,1,1159,卖盘
763,14:02:18,11.59,--,20,23180,卖盘
764,14:02:06,11.59,--,1,1159,卖盘
765,14:02:03,11.59,--,46,53314,卖盘
766,14:02:00,11.59,--,64,74176,卖盘
767,14:01:48,11.59,--,16,18544,卖盘
768,14:01:42,11.59,--,7,8113,卖盘
769,14:01:33,11.59,-0.01,13,15067,卖盘
770,14:01:30,11.6,0.01,55,63962,买盘
771,14:01:27,11.59,--,14,16226,卖盘
772,14:01:24,11.59,--,81,94504,卖盘
773,14:01:21,11.59,--,11,12749,卖盘
774,14:01:12,11.59,--,11,12749,卖盘
775,14:01:09,11.59,--,20,23180,卖盘
776,14:01:06,11.59,--,20,23180,卖盘
777,14:01:03,11.59,--,76,88084,卖盘
778,14:01:00,11.59,--,107,124013,卖盘
779,14:00:57,11.59,--,12,13908,卖盘
780,14:00:51,11.59,--,35,40565,卖盘
781,14:00:48,11.59,-0.01,117,135603,卖盘
782,14:00:45,11.6,0.01,4,4640,买盘
783,14:00:39,11.59,--,7,8113,卖盘
784,14:00:36,11.59,-0.01,17,19703,卖盘
785,14:00:33,11.6,0.01,2,2320,买盘
786,14:00:30,11.59,--,51,60094,卖盘
787,14:00:24,11.59,-0.01,83,97158,卖盘
788,14:00:12,11.6,0.01,1,1160,买盘
789,14:00:09,11.59,--,111,128649,卖盘
790,14:00:06,11.59,-0.01,52,60268,卖盘
791,14:00:03,11.6,--,47,54520,买盘
792,13:59:54,11.6,-0.01,276,320751,卖盘
793,13:59:51,11.61,--,12,13932,买盘
794,13:59:48,11.61,0.01,42,48762,买盘
795,13:59:45,11.6,--,27,31320,卖盘
796,13:59:42,11.6,--,40,46400,卖盘
797,13:59:39,11.6,--,513,595080,卖盘
798,13:59:33,11.6,-0.01,1,1160,卖盘
799,13:59:30,11.61,--,28,32508,买盘
800,13:59:27,11.61,0.01,39,45406,买盘
801,13:59:24,11.6,--,100,116661,卖盘
802,13:59:15,11.6,--,23,26680,卖盘
803,13:59:12,11.6,--,37,42920,卖盘
804,13:59:06,11.6,-0.01,15,17400,卖盘
805,13:59:03,11.61,--,27,31347,买盘
806,13:59:00,11.61,--,28,32508,买盘
807,13:58:57,11.61,0.01,20,23220,买盘
808,13:58:54,11.6,--,1,1160,卖盘
809,13:58:51,11.6,-0.01,1,1160,卖盘
810,13:58:48,11.61,0.01,21,24381,买盘
811,13:58:45,11.6,-0.01,28,32480,卖盘
812,13:58:42,11.61,--,36,41796,买盘
813,13:58:39,11.61,-0.01,12,13932,卖盘
814,13:58:30,11.62,--,8,9296,买盘
815,13:58:27,11.62,0.02,117,136558,买盘
816,13:58:24,11.6,--,1,1160,卖盘
817,13:58:21,11.6,--,88,102265,卖盘
818,13:58:18,11.6,-0.01,1,1160,卖盘
819,13:58:15,11.61,--,2,2322,卖盘
820,13:58:09,11.61,--,18,20898,卖盘
821,13:58:06,11.61,--,1,1161,卖盘
822,13:58:03,11.61,0.01,5,5805,买盘
823,13:58:00,11.6,-0.01,48,55680,卖盘
824,13:57:51,11.61,--,5,5805,卖盘
825,13:57:36,11.61,-0.01,1,1161,中性盘
826,13:57:33,11.62,0.02,59,68558,买盘
827,13:57:30,11.6,--,30,34800,卖盘
828,13:57:24,11.6,-0.02,32,38187,卖盘
829,13:57:21,11.62,--,82,96167,买盘
830,13:57:12,11.62,--,32,37184,买盘
831,13:57:09,11.62,0.01,16,18592,买盘
832,13:57:06,11.61,-0.01,1,1161,卖盘
833,13:57:03,11.62,0.01,27,31373,买盘
834,13:57:00,11.61,-0.01,1,1161,卖盘
835,13:56:57,11.62,--,15,17430,买盘
836,13:56:48,11.62,0.01,103,119685,买盘
837,13:56:45,11.61,--,10,11610,买盘
838,13:56:39,11.61,-0.01,1,1161,中性盘
839,13:56:30,11.62,0.01,17,19754,买盘
840,13:56:27,11.61,--,27,31347,卖盘
841,13:56:24,11.61,--,9,10449,卖盘
842,13:56:21,11.61,0.01,37,43792,中性盘
843,13:56:18,11.6,-0.02,84,98553,卖盘
844,13:56:12,11.62,0.02,119,138278,买盘
845,13:56:09,11.6,--,10,11600,卖盘
846,13:56:06,11.6,-0.01,10,11600,卖盘
847,13:56:03,11.61,0.01,26,30186,买盘
848,13:56:00,11.6,-0.01,6,6960,卖盘
849,13:55:57,11.61,--,56,65016,买盘
850,13:55:51,11.61,--,7,8127,买盘
851,13:55:45,11.61,0.01,3,3483,买盘
852,13:55:42,11.6,-0.01,47,54520,卖盘
853,13:55:39,11.61,0.01,6,6966,买盘
854,13:55:36,11.6,-0.01,47,54520,卖盘
855,13:55:30,11.61,0.01,5,5805,买盘
856,13:55:21,11.6,-0.01,47,55494,卖盘
857,13:55:18,11.61,0.01,77,89397,买盘
858,13:55:15,11.6,--,71,83334,卖盘
859,13:55:09,11.6,-0.01,5,5800,卖盘
860,13:55:03,11.61,--,35,40635,买盘
861,13:55:00,11.61,0.01,10,11610,买盘
862,13:54:57,11.6,--,30,34800,卖盘
863,13:54:54,11.6,-0.01,10,11600,卖盘
864,13:54:51,11.61,--,10,11610,买盘
865,13:54:48,11.61,--,2,2322,买盘
866,13:54:45,11.61,0.01,67,77787,中性盘
867,13:54:39,11.6,-0.01,22,25520,卖盘
868,13:54:36,11.61,0.01,8,9288,买盘
869,13:54:27,11.6,-0.01,47,54520,卖盘
870,13:54:24,11.61,0.01,2,2322,买盘
871,13:54:21,11.6,--,2,2320,卖盘
872,13:54:18,11.6,-0.01,226,263204,卖盘
873,13:54:15,11.61,--,89,104478,卖盘
874,13:54:12,11.61,--,24,27864,卖盘
875,13:54:06,11.61,-0.01,18,20898,卖盘
876,13:54:03,11.62,0.01,85,98770,买盘
877,13:53:57,11.61,--,10,11610,卖盘
878,13:53:51,11.61,--,30,34830,卖盘
879,13:53:48,11.61,--,31,35991,卖盘
880,13:53:42,11.61,--,83,96363,卖盘
881,13:53:33,11.61,-0.01,30,34830,卖盘
882,13:53:27,11.62,0.01,64,74368,买盘
883,13:53:21,11.61,--,2,2322,卖盘
884,13:53:18,11.61,-0.01,39,45998,卖盘
885,13:53:15,11.62,0.01,79,91867,买盘
886,13:53:12,11.61,-0.01,1,1161,卖盘
887,13:53:09,11.62,--,2,2324,买盘
888,13:53:03,11.62,0.01,26,30211,买盘
889,13:52:51,11.61,-0.01,124,143964,卖盘
890,13:52:48,11.62,0.01,45,52290,买盘
891,13:52:36,11.61,--,1,1161,卖盘
892,13:52:33,11.61,--,30,34830,卖盘
893,13:52:24,11.61,-0.01,92,106812,卖盘
894,13:52:21,11.62,--,48,55775,买盘
895,13:52:18,11.62,0.01,2,2324,买盘
896,13:52:15,11.61,--,34,40507,卖盘
897,13:52:12,11.61,-0.01,86,100763,卖盘
898,13:52:09,11.62,--,5,5810,买盘
899,13:52:06,11.62,--,2,2324,买盘
900,13:52:03,11.62,0.01,26,30211,买盘
901,13:51:57,11.61,-0.01,1,1161,卖盘
902,13:51:54,11.62,--,34,39508,买盘
903,13:51:48,11.62,0.01,10,11620,买盘
904,13:51:45,11.61,--,18,20898,卖盘
905,13:51:39,11.61,-0.01,150,174150,卖盘
906,13:51:33,11.62,0.01,103,119685,买盘
907,13:51:30,11.61,-0.01,18,20898,卖盘
908,13:51:27,11.62,--,11,12782,买盘
909,13:51:21,11.62,-0.01,5,5810,买盘
910,13:51:18,11.63,0.02,50,58150,买盘
911,13:51:15,11.61,--,33,39311,卖盘
912,13:51:12,11.61,-0.01,91,106603,卖盘
913,13:51:09,11.62,--,14,16267,买盘
914,13:51:06,11.62,0.01,16,18592,买盘
915,13:51:03,11.61,-0.01,57,66177,卖盘
916,13:50:57,11.62,-0.01,7,8133,中性盘
917,13:50:51,11.63,0.02,50,58150,买盘
918,13:50:48,11.61,-0.02,39,45279,卖盘
919,13:50:45,11.63,0.02,58,67454,买盘
920,13:50:39,11.61,--,32,37152,卖盘
921,13:50:36,11.61,--,18,20898,卖盘
922,13:50:33,11.61,--,10,11610,卖盘
923,13:50:24,11.61,--,1,1161,卖盘
924,13:50:21,11.61,-0.01,38,44118,卖盘
925,13:50:18,11.62,--,151,175462,卖盘
926,13:50:15,11.62,--,62,72590,卖盘
927,13:50:09,11.62,-0.01,77,89718,卖盘
928,13:50:03,11.63,--,25,29075,买盘
929,13:50:00,11.63,--,24,27912,买盘
930,13:49:57,11.63,0.01,72,83736,买盘
931,13:49:54,11.62,--,1,1162,卖盘
932,13:49:51,11.62,--,5,5810,卖盘
933,13:49:42,11.62,--,13,15105,卖盘
934,13:49:30,11.62,-0.01,28,32535,卖盘
935,13:49:27,11.63,0.01,106,123278,买盘
936,13:49:24,11.62,-0.01,10,11620,卖盘
937,13:49:15,11.63,--,3,3489,买盘
938,13:49:12,11.63,0.02,60,69861,买盘
939,13:49:09,11.61,-0.01,103,120291,卖盘
940,13:49:06,11.62,-0.01,11,12782,卖盘
941,13:49:03,11.63,0.01,73,84899,买盘
942,13:48:57,11.62,-0.01,4,4648,卖盘
943,13:48:54,11.63,0.01,32,37216,买盘
944,13:48:42,11.62,-0.01,1,1162,中性盘
945,13:48:39,11.63,--,38,44194,买盘
946,13:48:36,11.63,0.01,30,34890,买盘
947,13:48:33,11.62,--,96,111923,卖盘
948,13:48:30,11.62,--,20,23240,卖盘
949,13:48:24,11.62,-0.01,1,1162,卖盘
950,13:48:21,11.63,--,34,39542,买盘
951,13:48:18,11.63,--,5,5815,买盘
952,13:48:15,11.63,0.01,4,4652,买盘
953,13:48:12,11.62,-0.01,45,52929,卖盘
954,13:48:09,11.63,0.01,119,138548,买盘
955,13:48:06,11.62,-0.01,106,123171,卖盘
956,13:48:03,11.63,0.01,26,30238,买盘
957,13:47:57,11.62,--,28,32535,卖盘
958,13:47:51,11.62,--,36,41832,买盘
959,13:47:45,11.62,--,23,26726,卖盘
960,13:47:36,11.62,-0.01,20,23240,卖盘
961,13:47:33,11.63,0.01,7,8513,买盘
962,13:47:30,11.62,-0.02,21,24402,卖盘
963,13:47:27,11.64,0.02,2,2328,买盘
964,13:47:24,11.62,-0.02,10,11620,卖盘
965,13:47:15,11.64,--,12,13968,买盘
966,13:47:12,11.64,0.02,59,68676,买盘
967,13:47:09,11.62,--,53,62155,卖盘
968,13:47:06,11.62,-0.01,83,96666,卖盘
969,13:47:03,11.63,--,27,31401,买盘
970,13:46:57,11.63,0.01,123,143049,买盘
971,13:46:54,11.62,--,20,23240,卖盘
972,13:46:48,11.62,-0.01,1,1162,卖盘
973,13:46:45,11.63,--,43,50009,买盘
974,13:46:42,11.63,0.01,126,146538,买盘
975,13:46:39,11.62,--,14,16267,卖盘
976,13:46:36,11.62,-0.01,10,11620,卖盘
977,13:46:30,11.63,0.01,50,58150,买盘
978,13:46:27,11.62,-0.01,50,58099,卖盘
979,13:46:24,11.63,0.01,2,2326,买盘
980,13:46:21,11.62,-0.01,20,23240,卖盘
981,13:46:18,11.63,0.01,9,10467,买盘
982,13:46:15,11.62,-0.01,30,34860,卖盘
983,13:46:12,11.63,0.01,21,24423,买盘
984,13:46:09,11.62,--,18,20916,卖盘
985,13:46:06,11.62,--,92,107217,卖盘
986,13:46:03,11.62,-0.01,98,114352,卖盘
987,13:45:57,11.63,--,31,36053,买盘
988,13:45:54,11.63,--,108,125604,买盘
989,13:45:39,11.63,--,13,15119,买盘
990,13:45:30,11.63,--,25,29075,买盘
991,13:45:27,11.63,-0.01,78,90714,卖盘
992,13:45:21,11.64,--,19,22116,买盘
993,13:45:18,11.64,--,10,11640,买盘
994,13:45:12,11.64,--,2,2328,买盘
995,13:45:06,11.64,0.01,83,96612,买盘
996,13:45:03,11.63,-0.01,63,73269,卖盘
997,13:44:54,11.64,--,26,30264,卖盘
998,13:44:51,11.64,--,13,15132,卖盘
999,13:44:30,11.64,--,101,117564,卖盘
1000,13:44:24,11.64,--,9,10476,卖盘
1001,13:44:21,11.64,--,3,3492,卖盘
1002,13:44:18,11.64,--,26,30264,卖盘
1003,13:44:15,11.64,-0.01,38,44232,卖盘
1004,13:44:12,11.65,--,45,52425,买盘
1005,13:44:09,11.65,0.03,104,121160,买盘
1006,13:44:06,11.62,--,35,40879,卖盘
1007,13:44:03,11.62,-0.03,130,151641,卖盘
1008,13:44:00,11.65,0.01,332,386780,买盘
1009,13:43:57,11.64,0.02,1458,1697112,买盘
1010,13:43:54,11.62,-0.02,35,40670,卖盘
1011,13:43:51,11.64,--,112,130368,买盘
1012,13:43:45,11.64,--,15,17460,买盘
1013,13:43:39,11.64,--,2,2328,买盘
1014,13:43:36,11.64,--,18,20952,卖盘
1015,13:43:30,11.64,--,60,69840,卖盘
1016,13:43:27,11.64,-0.01,10,11640,中性盘
1017,13:43:21,11.65,0.01,21,24465,买盘
1018,13:43:18,11.64,-0.01,85,98940,卖盘
1019,13:43:15,11.65,0.01,84,97860,买盘
1020,13:43:12,11.64,--,285,331740,买盘
1021,13:43:09,11.64,--,21,24444,买盘
1022,13:43:06,11.64,--,65,76463,买盘
1023,13:43:03,11.64,0.02,26,30264,买盘
1024,13:43:00,11.62,--,77,90624,卖盘
1025,13:42:54,11.62,--,9,10458,卖盘
1026,13:42:51,11.62,-0.02,9,10458,卖盘
1027,13:42:45,11.64,0.02,18,20952,买盘
1028,13:42:42,11.62,-0.02,5,5810,卖盘
1029,13:42:30,11.64,0.01,101,117564,买盘
1030,13:42:27,11.63,0.01,60,69780,买盘
1031,13:42:24,11.62,--,11,12782,卖盘
1032,13:42:18,11.62,-0.01,1,1162,卖盘
1033,13:42:15,11.63,--,13,15119,买盘
1034,13:42:09,11.63,0.01,20,23260,买盘
1035,13:42:03,11.62,-0.02,66,76994,卖盘
1036,13:42:00,11.64,0.02,47,54708,买盘
1037,13:41:57,11.62,-0.01,74,86476,卖盘
1038,13:41:54,11.63,--,4,4652,卖盘
1039,13:41:48,11.63,--,10,11630,卖盘
1040,13:41:42,11.63,--,1,1163,卖盘
1041,13:41:39,11.63,-0.01,14,16282,卖盘
1042,13:41:36,11.64,0.01,28,32592,买盘
1043,13:41:30,11.63,-0.01,111,129093,卖盘
1044,13:41:27,11.64,0.01,6,6984,买盘
1045,13:41:24,11.63,--,5,5815,卖盘
1046,13:41:15,11.63,-0.01,4,4652,卖盘
1047,13:41:12,11.64,0.01,32,37248,买盘
1048,13:41:09,11.63,-0.01,1,1163,买盘
1049,13:41:03,11.64,0.02,68,79640,买盘
1050,13:41:00,11.62,-0.02,72,83966,卖盘
1051,13:40:54,11.64,0.02,23,26772,买盘
1052,13:40:51,11.62,-0.02,7,8133,卖盘
1053,13:40:45,11.64,0.01,93,108252,买盘
1054,13:40:42,11.63,0.01,1,1163,买盘
1055,13:40:27,11.62,--,2,2324,卖盘
1056,13:40:24,11.62,--,5,5810,卖盘
1057,13:40:21,11.62,-0.02,46,53452,卖盘
1058,13:40:12,11.64,--,56,65184,买盘
1059,13:40:09,11.64,--,17,19788,买盘
1060,13:40:06,11.64,-0.01,5,5820,买盘
1061,13:40:03,11.65,0.01,56,65240,买盘
1062,13:40:00,11.64,0.02,73,85588,卖盘
1063,13:39:57,11.62,-0.03,95,110564,卖盘
1064,13:39:54,11.65,0.01,29,33785,买盘
1065,13:39:51,11.64,--,7,8148,买盘
1066,13:39:48,11.64,0.01,18,20952,买盘
1067,13:39:45,11.63,-0.01,15,17445,卖盘
1068,13:39:36,11.64,--,87,101268,卖盘
1069,13:39:33,11.64,-0.01,80,93120,卖盘
1070,13:39:30,11.65,0.01,20,23300,买盘
1071,13:39:27,11.64,--,25,29100,卖盘
1072,13:39:15,11.64,-0.01,38,44232,卖盘
1073,13:39:12,11.65,0.02,25,29125,买盘
1074,13:39:09,11.63,-0.01,25,29075,卖盘
1075,13:39:06,11.64,--,86,100104,买盘
1076,13:39:03,11.64,0.01,50,58200,买盘
1077,13:39:00,11.63,--,72,84561,卖盘
1078,13:38:57,11.63,--,72,83736,卖盘
1079,13:38:54,11.63,--,86,101146,卖盘
1080,13:38:51,11.63,--,74,86062,买盘
1081,13:38:48,11.63,0.01,20,23260,买盘
1082,13:38:45,11.62,--,67,77854,卖盘
1083,13:38:42,11.62,-0.01,6,6971,卖盘
1084,13:38:39,11.63,--,13,15119,买盘
1085,13:38:24,11.63,--,6,6978,买盘
1086,13:38:21,11.63,--,18,20934,买盘
1087,13:38:18,11.63,0.01,76,88388,买盘
1088,13:38:15,11.62,-0.01,25,29049,卖盘
1089,13:38:12,11.63,0.01,20,23260,买盘
1090,13:38:09,11.62,--,13,15105,卖盘
1091,13:38:03,11.62,0.01,30,34860,中性盘
1092,13:37:57,11.61,-0.01,43,50503,卖盘
1093,13:37:54,11.62,--,71,82711,卖盘
1094,13:37:51,11.62,--,1,1162,卖盘
1095,13:37:48,11.62,--,62,72044,卖盘
1096,13:37:42,11.62,-0.01,23,26726,卖盘
1097,13:37:39,11.63,0.01,72,83736,买盘
1098,13:37:36,11.62,0.01,32,37974,买盘
1099,13:37:33,11.61,-0.01,9,10449,卖盘
1100,13:37:30,11.62,--,60,69720,买盘
1101,13:37:27,11.62,0.01,10,11620,买盘
1102,13:37:24,11.61,--,1,1161,卖盘
1103,13:37:21,11.61,--,92,106812,卖盘
1104,13:37:18,11.61,-0.01,265,307665,卖盘
1105,13:37:06,11.62,--,53,61585,买盘
1106,13:37:03,11.62,0.01,46,53452,买盘
1107,13:37:00,11.61,--,10,11610,卖盘
1108,13:36:54,11.61,-0.01,134,156363,卖盘
1109,13:36:51,11.62,0.01,22,25564,买盘
1110,13:36:48,11.61,-0.01,73,84753,卖盘
1111,13:36:39,11.62,--,31,36022,买盘
1112,13:36:36,11.62,--,8,9296,买盘
1113,13:36:30,11.62,0.01,1,1162,买盘
1114,13:36:27,11.61,--,140,162540,卖盘
1115,13:36:24,11.61,--,2,2322,卖盘
1116,13:36:21,11.61,--,1,1161,卖盘
1117,13:36:15,11.61,-0.01,210,243810,卖盘
1118,13:36:12,11.62,0.01,70,81340,买盘
1119,13:36:09,11.61,--,1,1161,卖盘
1120,13:36:03,11.61,--,29,33669,卖盘
1121,13:36:00,11.61,--,80,92880,卖盘
1122,13:35:57,11.61,--,1,1161,卖盘
1123,13:35:54,11.61,--,72,84683,卖盘
1124,13:35:51,11.61,--,81,94900,卖盘
1125,13:35:48,11.61,--,109,126549,卖盘
1126,13:35:45,11.61,--,80,92880,卖盘
1127,13:35:42,11.61,-0.01,30,34830,卖盘
1128,13:35:39,11.62,0.01,76,88312,买盘
1129,13:35:33,11.61,0.01,557,647466,买盘
1130,13:35:30,11.6,--,88,102080,卖盘
1131,13:35:27,11.6,--,29,33640,卖盘
1132,13:35:24,11.6,--,1,1160,卖盘
1133,13:35:21,11.6,--,5,5800,卖盘
1134,13:35:18,11.6,-0.01,436,505760,卖盘
1135,13:35:15,11.61,--,3,3483,买盘
1136,13:35:12,11.61,--,24,27864,买盘
1137,13:35:09,11.61,--,10,11610,买盘
1138,13:35:06,11.61,--,9,10449,买盘
1139,13:35:03,11.61,--,924,1073135,卖盘
1140,13:35:00,11.61,-0.01,68,78948,卖盘
1141,13:34:57,11.62,0.01,10,11620,买盘
1142,13:34:54,11.61,-0.01,43,50143,卖盘
1143,13:34:51,11.62,--,73,85395,买盘
1144,13:34:48,11.62,--,76,88312,买盘
1145,13:34:45,11.62,-0.01,245,285061,卖盘
1146,13:34:42,11.63,--,45,52335,卖盘
1147,13:34:39,11.63,--,1,1163,卖盘
1148,13:34:36,11.63,--,71,82573,卖盘
1149,13:34:33,11.63,--,51,59313,卖盘
1150,13:34:30,11.63,--,58,67454,卖盘
1151,13:34:27,11.63,--,88,102344,卖盘
1152,13:34:24,11.63,--,8,9304,卖盘
1153,13:34:21,11.63,--,7,8141,卖盘
1154,13:34:15,11.63,--,19,22097,卖盘
1155,13:34:12,11.63,0.01,14,16282,买盘
1156,13:34:09,11.62,--,13,15105,卖盘
1157,13:34:06,11.62,--,20,23240,卖盘
1158,13:34:03,11.62,-0.01,43,49966,卖盘
1159,13:34:00,11.63,--,40,46520,卖盘
1160,13:33:57,11.63,--,10,11630,买盘
1161,13:33:54,11.63,0.01,10,11630,买盘
1162,13:33:51,11.62,--,33,38520,卖盘
1163,13:33:48,11.62,-0.01,1229,1428713,卖盘
1164,13:33:45,11.63,--,28,32564,卖盘
1165,13:33:42,11.63,--,6,6978,卖盘
1166,13:33:36,11.63,--,4,4652,卖盘
1167,13:33:33,11.63,-0.01,6,6978,卖盘
1168,13:33:30,11.64,0.01,138,160632,买盘
1169,13:33:27,11.63,--,68,79084,卖盘
1170,13:33:24,11.63,--,36,41868,卖盘
1171,13:33:21,11.63,--,298,346574,卖盘
1172,13:33:18,11.63,--,32,37216,卖盘
1173,13:33:15,11.63,-0.01,378,440183,卖盘
1174,13:33:03,11.64,0.01,26,30264,买盘
1175,13:33:00,11.63,--,50,58150,卖盘
1176,13:32:57,11.63,--,78,90714,卖盘
1177,13:32:54,11.63,--,21,24423,卖盘
1178,13:32:51,11.63,--,43,50939,卖盘
1179,13:32:48,11.63,-0.01,114,133372,卖盘
1180,13:32:45,11.64,0.01,11,12804,买盘
1181,13:32:42,11.63,--,5,5815,卖盘
1182,13:32:33,11.63,--,4,4652,卖盘
1183,13:32:30,11.63,-0.01,20,23260,卖盘
1184,13:32:27,11.64,0.01,50,58200,买盘
1185,13:32:24,11.63,-0.02,1,1163,卖盘
1186,13:32:18,11.65,0.02,144,167760,买盘
1187,13:32:09,11.63,--,1,1163,卖盘
1188,13:32:06,11.63,-0.01,14,16282,卖盘
1189,13:32:03,11.64,--,26,30264,买盘
1190,13:32:00,11.64,-0.01,78,91443,卖盘
1191,13:31:48,11.65,0.01,38,44444,买盘
1192,13:31:45,11.64,--,212,247384,卖盘
1193,13:31:42,11.64,--,3,3492,卖盘
1194,13:31:36,11.64,--,20,23280,卖盘
1195,13:31:33,11.64,-0.01,191,222324,卖盘
1196,13:31:30,11.65,0.01,22,25630,买盘
1197,13:31:24,11.64,-0.01,58,67512,卖盘
1198,13:31:15,11.65,0.01,8,9320,买盘
1199,13:31:12,11.64,-0.01,30,34920,卖盘
1200,13:31:06,11.65,0.01,107,124655,买盘
1201,13:31:03,11.64,-0.01,51,59364,卖盘
1202,13:31:00,11.65,--,17,19805,买盘
1203,13:30:57,11.65,0.01,10,11650,买盘
1204,13:30:54,11.64,-0.01,58,67512,卖盘
1205,13:30:51,11.65,0.01,13,15145,买盘
1206,13:30:48,11.64,--,39,46536,卖盘
1207,13:30:45,11.64,--,74,86950,卖盘
1208,13:30:39,11.64,-0.01,50,58200,卖盘
1209,13:30:33,11.65,0.01,7,8155,买盘
1210,13:30:24,11.64,-0.01,59,68676,卖盘
1211,13:30:21,11.65,0.01,4,4660,买盘
1212,13:30:18,11.64,-0.01,31,36084,卖盘
1213,13:30:15,11.65,--,106,123490,买盘
1214,13:30:12,11.65,--,154,179410,买盘
1215,13:30:09,11.65,--,82,95530,买盘
1216,13:30:03,11.65,--,26,30290,买盘
1217,13:30:00,11.65,0.01,20,23300,买盘
1218,13:29:57,11.64,-0.01,12,13968,卖盘
1219,13:29:54,11.65,0.01,93,108345,买盘
1220,13:29:51,11.64,--,4,4656,卖盘
1221,13:29:48,11.64,-0.01,1,1164,卖盘
1222,13:29:45,11.65,0.01,306,356548,买盘
1223,13:29:42,11.64,-0.01,74,86869,卖盘
1224,13:29:27,11.65,-0.01,24,27960,卖盘
1225,13:29:24,11.66,0.01,149,173734,买盘
1226,13:29:21,11.65,--,18,20970,卖盘
1227,13:29:18,11.65,--,109,126985,买盘
1228,13:29:03,11.65,0.01,26,30290,买盘
1229,13:28:57,11.64,-0.01,1,1164,卖盘
1230,13:28:54,11.65,0.01,59,68735,买盘
1231,13:28:51,11.64,--,60,69840,卖盘
1232,13:28:45,11.64,--,37,43196,卖盘
1233,13:28:39,11.64,-0.01,92,107751,卖盘
1234,13:28:36,11.65,--,20,23300,卖盘
1235,13:28:33,11.65,0.01,10,11650,买盘
1236,13:28:30,11.64,--,39,45396,卖盘
1237,13:28:27,11.64,--,2,2328,卖盘
1238,13:28:24,11.64,--,91,105924,卖盘
1239,13:28:21,11.64,-0.01,58,67512,卖盘
1240,13:28:18,11.65,-0.01,1,1165,卖盘
1241,13:28:15,11.66,0.01,50,58300,买盘
1242,13:28:12,11.65,--,5,5825,买盘
1243,13:28:03,11.65,--,26,30290,买盘
1244,13:28:00,11.65,--,13,15145,买盘
1245,13:27:57,11.65,--,35,40775,卖盘
1246,13:27:51,11.65,-0.01,223,259795,中性盘
1247,13:27:45,11.66,0.02,80,93839,买盘
1248,13:27:42,11.64,-0.01,82,95680,卖盘
1249,13:27:30,11.65,--,50,58250,买盘
1250,13:27:24,11.65,0.01,44,51260,买盘
1251,13:27:21,11.64,--,78,90792,卖盘
1252,13:27:06,11.64,-0.01,52,60528,卖盘
1253,13:27:03,11.65,--,25,29125,买盘
1254,13:27:00,11.65,0.01,38,44270,买盘
1255,13:26:57,11.64,-0.01,17,19788,卖盘
1256,13:26:51,11.65,0.01,100,116500,中性盘
1257,13:26:45,11.64,-0.01,104,122103,卖盘
1258,13:26:42,11.65,--,91,106923,卖盘
1259,13:26:39,11.65,0.01,67,78905,买盘
1260,13:26:36,11.64,--,8,9312,卖盘
1261,13:26:30,11.64,-0.01,15,17460,卖盘
1262,13:26:27,11.65,0.01,1,1165,买盘
1263,13:26:24,11.64,--,32,37248,卖盘
1264,13:26:21,11.64,--,20,23280,卖盘
1265,13:26:18,11.64,-0.01,58,67512,卖盘
1266,13:26:15,11.65,0.01,29,33785,买盘
1267,13:26:03,11.64,--,28,32592,卖盘
1268,13:25:57,11.64,-0.01,21,24444,卖盘
1269,13:25:54,11.65,-0.01,25,29439,卖盘
1270,13:25:51,11.66,--,22,25652,买盘
1271,13:25:48,11.66,0.01,131,152746,买盘
1272,13:25:45,11.65,-0.01,68,79220,卖盘
1273,13:25:42,11.66,--,1,1166,买盘
1274,13:25:39,11.66,0.01,147,171646,买盘
1275,13:25:36,11.65,-0.01,73,85592,卖盘
1276,13:25:33,11.66,--,99,115434,买盘
1277,13:25:30,11.66,0.01,100,116600,买盘
1278,13:25:27,11.65,--,11,12815,卖盘
1279,13:25:21,11.65,--,2,2330,卖盘
1280,13:25:18,11.65,-0.01,58,67570,卖盘
1281,13:25:12,11.66,0.01,5,5830,买盘
1282,13:25:09,11.65,--,27,31455,卖盘
1283,13:25:06,11.65,-0.01,2,2330,卖盘
1284,13:25:03,11.66,--,26,30316,买盘
1285,13:25:00,11.66,--,30,34980,买盘
1286,13:24:54,11.66,0.01,91,106106,买盘
1287,13:24:48,11.65,-0.01,59,68735,卖盘
1288,13:24:45,11.66,0.01,79,92114,买盘
1289,13:24:42,11.65,--,17,19805,卖盘
1290,13:24:39,11.65,0.01,42,48988,卖盘
1291,13:24:36,11.64,-0.02,85,99673,卖盘
1292,13:24:30,11.66,0.01,1,1166,买盘
1293,13:24:27,11.65,--,3,3495,卖盘
1294,13:24:24,11.65,--,21,24465,卖盘
1295,13:24:21,11.65,0.01,3,3495,卖盘
1296,13:24:09,11.64,--,7,8148,卖盘
1297,13:24:06,11.64,-0.01,100,116400,卖盘
1298,13:24:03,11.65,--,58,67570,卖盘
1299,13:24:00,11.65,--,17,19805,买盘
1300,13:23:57,11.65,0.01,11,12815,买盘
1301,13:23:54,11.64,--,4,4656,卖盘
1302,13:23:51,11.64,-0.02,20,23280,卖盘
1303,13:23:48,11.66,0.02,108,125928,买盘
1304,13:23:39,11.64,-0.01,55,64439,卖盘
1305,13:23:36,11.65,--,76,88726,卖盘
1306,13:23:33,11.65,--,16,18640,卖盘
1307,13:23:27,11.65,--,40,46600,卖盘
1308,13:23:21,11.65,-0.01,1,1165,卖盘
1309,13:23:18,11.66,0.02,2,2332,买盘
1310,13:23:06,11.64,-0.02,2,2328,卖盘
1311,13:23:03,11.66,0.01,26,30316,买盘
1312,13:23:00,11.65,--,31,36115,卖盘
1313,13:22:57,11.65,--,30,34950,卖盘
1314,13:22:45,11.65,0.01,5,5825,买盘
1315,13:22:39,11.64,--,45,53031,卖盘
1316,13:22:36,11.64,-0.02,69,80455,卖盘
1317,13:22:27,11.66,0.01,6,6996,买盘
1318,13:22:24,11.65,--,4,4660,卖盘
1319,13:22:21,11.65,-0.01,166,193390,卖盘
1320,13:22:18,11.66,0.01,5,5830,买盘
1321,13:22:09,11.65,-0.01,16,18640,卖盘
1322,13:22:03,11.66,0.01,26,30316,买盘
1323,13:22:00,11.65,--,3,3495,卖盘
1324,13:21:57,11.65,-0.01,63,73395,卖盘
1325,13:21:54,11.66,0.01,3,3498,买盘
1326,13:21:51,11.65,0.01,8,9320,买盘
1327,13:21:48,11.64,--,25,29100,卖盘
1328,13:21:45,11.64,-0.01,2,2328,卖盘
1329,13:21:36,11.65,0.01,45,53007,买盘
1330,13:21:33,11.64,-0.01,79,92165,卖盘
1331,13:21:27,11.65,--,10,11650,买盘
1332,13:21:18,11.65,--,5,5825,买盘
1333,13:21:15,11.65,-0.01,3,3495,中性盘
1334,13:21:12,11.66,0.01,96,111936,买盘
1335,13:21:06,11.65,--,11,12815,买盘
1336,13:21:03,11.65,--,40,46600,买盘
1337,13:20:54,11.65,0.01,5,5825,买盘
1338,13:20:48,11.64,-0.01,65,75660,卖盘
1339,13:20:39,11.65,-0.01,1,1165,卖盘
1340,13:20:36,11.66,0.02,51,59466,买盘
1341,13:20:33,11.64,-0.02,119,139307,卖盘
1342,13:20:30,11.66,0.01,60,69960,买盘
1343,13:20:24,11.65,-0.01,1,1165,卖盘
1344,13:20:21,11.66,--,34,39644,买盘
1345,13:20:15,11.66,0.01,10,11660,买盘
1346,13:20:06,11.65,-0.01,18,20970,卖盘
1347,13:20:03,11.66,0.01,76,88616,买盘
1348,13:20:00,11.65,--,1,1165,卖盘
1349,13:19:57,11.65,--,1,1165,卖盘
1350,13:19:48,11.65,--,5,5825,卖盘
1351,13:19:39,11.65,--,6,6990,卖盘
1352,13:19:36,11.65,--,52,60580,卖盘
1353,13:19:33,11.65,--,42,49687,卖盘
1354,13:19:27,11.65,--,77,89739,卖盘
1355,13:19:24,11.65,--,5,5825,卖盘
1356,13:19:15,11.65,0.01,5,5825,中性盘
1357,13:19:12,11.64,--,21,24444,卖盘
1358,13:19:06,11.64,-0.02,5,5820,卖盘
1359,13:19:03,11.66,0.02,140,163240,买盘
1360,13:18:57,11.64,--,2,2328,卖盘
1361,13:18:54,11.64,--,8,9312,卖盘
1362,13:18:51,11.64,--,8,9312,卖盘
1363,13:18:45,11.64,--,1,1164,卖盘
1364,13:18:42,11.64,-0.01,5,5820,卖盘
1365,13:18:36,11.65,0.01,35,40775,买盘
1366,13:18:33,11.64,--,5,5820,卖盘
1367,13:18:30,11.64,-0.01,45,52624,卖盘
1368,13:18:27,11.65,0.01,75,87922,买盘
1369,13:18:24,11.64,--,31,36084,卖盘
1370,13:18:18,11.64,--,4,4656,卖盘
1371,13:18:12,11.64,--,5,5820,卖盘
1372,13:18:06,11.64,-0.01,10,11640,卖盘
1373,13:18:03,11.65,--,26,30290,买盘
1374,13:17:57,11.65,--,18,20970,买盘
1375,13:17:54,11.65,0.01,5,5825,买盘
1376,13:17:51,11.64,--,198,230472,卖盘
1377,13:17:48,11.64,-0.02,1242,1446432,卖盘
1378,13:17:39,11.66,0.01,10,11660,买盘
1379,13:17:36,11.65,--,4,4660,卖盘
1380,13:17:27,11.65,-0.02,172,201172,卖盘
1381,13:17:18,11.67,0.01,2,2334,买盘
1382,13:17:15,11.66,--,28,32648,卖盘
1383,13:17:12,11.66,--,18,20988,卖盘
1384,13:17:09,11.66,-0.01,3,3498,卖盘
1385,13:17:06,11.67,0.01,26,30342,买盘
1386,13:17:03,11.66,--,54,62964,卖盘
1387,13:17:00,11.66,-0.01,8,9328,卖盘
1388,13:16:57,11.67,0.01,80,93360,买盘
1389,13:16:54,11.66,0.01,98,114268,买盘
1390,13:16:51,11.65,--,5,5825,卖盘
1391,13:16:48,11.65,--,1,1165,卖盘
1392,13:16:45,11.65,--,2,2330,卖盘
1393,13:16:39,11.65,-0.01,69,81130,卖盘
1394,13:16:36,11.66,--,60,69960,卖盘
1395,13:16:30,11.66,--,17,19822,卖盘
1396,13:16:27,11.66,--,113,132889,卖盘
1397,13:16:24,11.66,--,83,97605,卖盘
1398,13:16:21,11.66,-0.01,29,33814,卖盘
1399,13:16:18,11.67,0.01,81,94527,买盘
1400,13:16:12,11.66,--,1,1166,卖盘
1401,13:16:09,11.66,--,5,5830,卖盘
1402,13:16:03,11.66,--,35,40810,卖盘
1403,13:16:00,11.66,--,20,23320,卖盘
1404,13:15:57,11.66,--,9,10494,卖盘
1405,13:15:54,11.66,-0.01,105,122430,卖盘
1406,13:15:51,11.67,--,4,4668,买盘
1407,13:15:48,11.67,--,11,12837,买盘
1408,13:15:45,11.67,--,52,60684,买盘
1409,13:15:42,11.67,--,2,2334,买盘
1410,13:15:39,11.67,0.01,5,5835,买盘
1411,13:15:36,11.66,--,6,6996,卖盘
1412,13:15:33,11.66,--,7,8162,卖盘
1413,13:15:27,11.66,--,48,57040,卖盘
1414,13:15:24,11.66,-0.01,99,116320,卖盘
1415,13:15:21,11.67,0.01,4,4668,买盘
1416,13:15:15,11.66,-0.01,11,12826,卖盘
1417,13:15:03,11.67,0.01,107,124869,买盘
1418,13:15:00,11.66,--,334,389444,买盘
1419,13:14:54,11.66,--,71,82786,卖盘
1420,13:14:51,11.66,0.01,1,1166,买盘
1421,13:14:48,11.65,--,126,146790,卖盘
1422,13:14:39,11.65,--,25,29125,卖盘
1423,13:14:30,11.65,-0.01,20,23300,卖盘
1424,13:14:27,11.66,0.01,44,51338,买盘
1425,13:14:24,11.65,-0.01,88,103277,卖盘
1426,13:14:21,11.66,--,11,12826,买盘
1427,13:14:18,11.66,-0.01,2,2332,中性盘
1428,13:14:12,11.67,0.01,79,92193,买盘
1429,13:14:09,11.66,0.01,10,11660,买盘
1430,13:14:06,11.65,--,7,8155,卖盘
1431,13:14:03,11.65,--,127,147955,买盘
1432,13:14:00,11.65,--,6,6990,卖盘
1433,13:13:54,11.65,0.01,5,5825,卖盘
1434,13:13:48,11.64,-0.03,5,5820,卖盘
1435,13:13:42,11.67,0.03,3,3501,买盘
1436,13:13:39,11.64,--,27,31428,卖盘
1437,13:13:36,11.64,--,6,6984,卖盘
1438,13:13:33,11.64,-0.01,21,24444,卖盘
1439,13:13:30,11.65,-0.02,2,2330,中性盘
1440,13:13:27,11.67,0.03,80,93360,买盘
1441,13:13:24,11.64,--,35,41845,卖盘
1442,13:13:21,11.64,-0.02,83,97461,卖盘
1443,13:13:18,11.66,--,11,12826,买盘
1444,13:13:15,11.66,--,7,8162,买盘
1445,13:13:12,11.66,--,3,3498,买盘
1446,13:13:06,11.66,--,22,25652,卖盘
1447,13:13:03,11.66,0.02,4,4664,买盘
1448,13:13:00,11.64,-0.02,5,5820,卖盘
1449,13:12:54,11.66,0.02,51,59466,买盘
1450,13:12:51,11.64,-0.01,5,5820,卖盘
1451,13:12:48,11.65,0.01,4,4660,买盘
1452,13:12:45,11.64,--,1,1164,卖盘
1453,13:12:39,11.64,--,5,5820,卖盘
1454,13:12:33,11.64,--,1,1164,卖盘
1455,13:12:27,11.64,--,5,5820,卖盘
1456,13:12:24,11.64,--,2,2328,卖盘
1457,13:12:21,11.64,-0.01,114,133487,卖盘
1458,13:12:18,11.65,--,55,64075,卖盘
1459,13:12:15,11.65,-0.01,8,9320,卖盘
1460,13:12:12,11.66,0.01,86,100276,买盘
1461,13:12:09,11.65,-0.01,5,5825,卖盘
1462,13:12:03,11.66,--,26,30316,买盘
1463,13:12:00,11.66,--,84,97944,买盘
1464,13:11:57,11.66,0.01,9,10494,买盘
1465,13:11:54,11.65,-0.01,9,10485,卖盘
1466,13:11:45,11.66,0.01,91,106106,买盘
1467,13:11:42,11.65,--,5,5825,卖盘
1468,13:11:33,11.65,-0.01,5,5825,卖盘
1469,13:11:27,11.66,0.01,98,114268,买盘
1470,13:11:24,11.65,--,2,2330,卖盘
1471,13:11:21,11.65,--,40,47555,卖盘
1472,13:11:18,11.65,--,74,87211,卖盘
1473,13:11:15,11.65,--,28,32620,卖盘
1474,13:11:12,11.65,--,4,4660,卖盘
1475,13:11:09,11.65,--,2,2330,卖盘
1476,13:11:06,11.65,--,24,27960,卖盘
1477,13:11:03,11.65,--,29,33785,卖盘
1478,13:11:00,11.65,--,14,16310,买盘
1479,13:10:57,11.65,--,60,69900,卖盘
1480,13:10:48,11.65,--,10,11650,卖盘
1481,13:10:39,11.65,--,15,17475,卖盘
1482,13:10:30,11.65,0.01,1,1165,买盘
1483,13:10:27,11.64,--,2,2328,卖盘
1484,13:10:24,11.64,--,1,1164,卖盘
1485,13:10:21,11.64,-0.02,40,47153,卖盘
1486,13:10:18,11.66,--,154,179762,买盘
1487,13:10:03,11.66,--,26,30316,买盘
1488,13:10:00,11.66,0.01,63,73458,买盘
1489,13:09:57,11.65,0.01,5,5825,卖盘
1490,13:09:54,11.64,-0.01,47,54708,卖盘
1491,13:09:48,11.65,--,25,29125,卖盘
1492,13:09:45,11.65,--,36,41940,卖盘
1493,13:09:42,11.65,--,21,24465,卖盘
1494,13:09:36,11.65,--,4,4660,卖盘
1495,13:09:24,11.65,0.01,141,164265,买盘
1496,13:09:18,11.64,--,56,66103,卖盘
1497,13:09:15,11.64,--,83,97647,卖盘
1498,13:09:06,11.64,--,2,2328,卖盘
1499,13:09:03,11.64,-0.02,31,36084,卖盘
1500,13:08:54,11.66,0.02,123,143418,买盘
1501,13:08:51,11.64,--,5,5820,卖盘
1502,13:08:42,11.64,-0.01,3,3492,卖盘
1503,13:08:39,11.65,0.01,45,52425,买盘
1504,13:08:33,11.64,-0.01,1,1164,卖盘
1505,13:08:30,11.65,0.01,10,11650,买盘
1506,13:08:27,11.64,--,8,9312,卖盘
1507,13:08:24,11.64,--,11,12804,卖盘
1508,13:08:18,11.64,--,43,51169,卖盘
1509,13:08:12,11.64,--,81,95122,卖盘
1510,13:08:06,11.64,-0.01,46,53544,卖盘
1511,13:08:00,11.65,-0.01,15,17475,买盘
1512,13:07:57,11.66,0.02,103,120098,买盘
1513,13:07:51,11.64,--,138,160632,卖盘
1514,13:07:48,11.64,--,5,5820,卖盘
1515,13:07:42,11.64,--,22,25608,买盘
1516,13:07:36,11.64,--,10,11640,买盘
1517,13:07:33,11.64,0.01,10,11640,中性盘
1518,13:07:24,11.63,-0.01,13,15119,卖盘
1519,13:07:18,11.64,--,3,3492,卖盘
1520,13:07:15,11.64,--,7,8148,卖盘
1521,13:07:12,11.64,--,119,139307,卖盘
1522,13:07:03,11.64,--,30,34920,卖盘
1523,13:06:54,11.64,--,115,133860,卖盘
1524,13:06:51,11.64,-0.01,6,6984,卖盘
1525,13:06:48,11.65,0.01,2,2330,买盘
1526,13:06:45,11.64,--,5,5820,卖盘
1527,13:06:42,11.64,--,1,1164,卖盘
1528,13:06:39,11.64,--,4,4656,卖盘
1529,13:06:30,11.64,-0.01,24,27936,卖盘
1530,13:06:27,11.65,0.01,10,11650,买盘
1531,13:06:24,11.64,-0.01,11,13060,卖盘
1532,13:06:18,11.65,--,14,16310,卖盘
1533,13:06:12,11.65,0.01,38,45178,中性盘
1534,13:06:09,11.64,-0.01,75,88347,卖盘
1535,13:06:06,11.65,--,16,18640,买盘
1536,13:06:03,11.65,--,42,48930,买盘
1537,13:06:00,11.65,0.01,2,2330,买盘
1538,13:05:54,11.64,-0.02,6,6984,卖盘
1539,13:05:48,11.66,0.01,110,128260,买盘
1540,13:05:45,11.65,0.01,10,11650,买盘
1541,13:05:42,11.64,--,5,5820,卖盘
1542,13:05:36,11.64,--,5,5820,卖盘
1543,13:05:24,11.64,-0.01,61,71004,卖盘
1544,13:05:21,11.65,0.01,97,113005,买盘
1545,13:05:15,11.64,-0.01,5,5820,卖盘
1546,13:05:12,11.65,0.01,64,75375,买盘
1547,13:05:06,11.64,-0.01,69,81456,卖盘
1548,13:05:03,11.65,0.01,32,37280,买盘
1549,13:05:00,11.64,-0.01,16,18624,卖盘
1550,13:04:54,11.65,0.01,17,19805,中性盘
1551,13:04:51,11.64,-0.01,5,5820,卖盘
1552,13:04:48,11.65,0.01,9,10485,买盘
1553,13:04:45,11.64,--,1,1164,卖盘
1554,13:04:42,11.64,--,75,87300,卖盘
1555,13:04:39,11.64,--,6,6984,卖盘
1556,13:04:36,11.64,-0.01,10,11640,卖盘
1557,13:04:33,11.65,0.01,10,11650,买盘
1558,13:04:30,11.64,--,5,5820,卖盘
1559,13:04:24,11.64,--,1,1164,卖盘
1560,13:04:18,11.64,--,40,46560,卖盘
1561,13:04:15,11.64,--,5,5820,卖盘
1562,13:04:12,11.64,--,62,72168,卖盘
1563,13:04:09,11.64,--,80,94062,卖盘
1564,13:04:06,11.64,-0.02,102,119740,卖盘
1565,13:04:03,11.66,0.02,46,53636,买盘
1566,13:04:00,11.64,--,20,23280,卖盘
1567,13:03:54,11.64,--,5,5820,卖盘
1568,13:03:51,11.64,--,9,10476,卖盘
1569,13:03:48,11.64,--,37,43068,卖盘
1570,13:03:45,11.64,-0.02,17,19788,卖盘
1571,13:03:39,11.66,--,11,12826,卖盘
1572,13:03:36,11.66,0.01,153,178398,买盘
1573,13:03:33,11.65,0.01,30,34950,买盘
1574,13:03:30,11.64,--,20,23280,卖盘
1575,13:03:27,11.64,0.01,29,33756,买盘
1576,13:03:24,11.63,-0.02,47,54661,卖盘
1577,13:03:21,11.65,0.01,43,50095,买盘
1578,13:03:18,11.64,0.01,68,79152,中性盘
1579,13:03:09,11.63,--,41,47822,卖盘
1580,13:03:06,11.63,--,78,91365,卖盘
1581,13:03:03,11.63,-0.01,33,38379,卖盘
1582,13:03:00,11.64,--,6,6984,卖盘
1583,13:02:54,11.64,--,214,249096,卖盘
1584,13:02:48,11.64,-0.01,106,123384,卖盘
1585,13:02:42,11.65,0.01,167,194555,买盘
1586,13:02:39,11.64,--,61,71004,卖盘
1587,13:02:36,11.64,--,18,20952,卖盘
1588,13:02:33,11.64,--,1,1164,卖盘
1589,13:02:30,11.64,-0.01,2,2328,卖盘
1590,13:02:27,11.65,0.01,61,71065,买盘
1591,13:02:24,11.64,--,2,2328,卖盘
1592,13:02:15,11.64,--,9,10476,卖盘
1593,13:02:09,11.64,-0.01,58,68513,卖盘
1594,13:02:03,11.65,-0.02,105,123280,卖盘
1595,13:01:57,11.67,0.02,60,70020,买盘
1596,13:01:54,11.65,--,53,61745,卖盘
1597,13:01:51,11.65,--,52,60580,卖盘
1598,13:01:42,11.65,--,1,1165,卖盘
1599,13:01:39,11.65,--,1,1165,卖盘
1600,13:01:27,11.65,--,18,20970,卖盘
1601,13:01:24,11.65,-0.02,10,11650,卖盘
1602,13:01:09,11.67,0.02,80,93360,买盘
1603,13:01:03,11.65,-0.01,73,85045,卖盘
1604,13:01:00,11.66,--,80,94072,卖盘
1605,13:00:57,11.66,--,49,57134,卖盘
1606,13:00:54,11.66,--,14,16324,卖盘
1607,13:00:42,11.66,--,1,1166,卖盘
1608,13:00:36,11.66,--,0,23,卖盘
1609,13:00:33,11.66,--,5,5830,卖盘
1610,13:00:30,11.66,--,10,11660,卖盘
1611,13:00:24,11.66,--,6,6996,卖盘
1612,13:00:12,11.66,--,92,107272,卖盘
1613,13:00:09,11.66,--,35,40810,卖盘
1614,13:00:06,11.66,--,59,68794,卖盘
1615,13:00:03,11.66,--,1037,1209526,买盘
1616,13:00:00,11.66,0.02,26,30316,买盘
1617,11:30:00,11.64,-0.02,70,81840,卖盘
1618,11:29:57,11.66,--,2,2332,买盘
1619,11:29:54,11.66,0.01,100,116600,买盘
1620,11:29:48,11.65,--,5,5825,卖盘
1621,11:29:42,11.65,--,17,19805,卖盘
1622,11:29:39,11.65,-0.01,10,11650,卖盘
1623,11:29:36,11.66,--,16,18656,买盘
1624,11:29:33,11.66,--,50,58300,买盘
1625,11:29:30,11.66,0.01,98,114268,买盘
1626,11:29:27,11.65,-0.01,5,5825,卖盘
1627,11:29:21,11.66,0.01,357,416262,买盘
1628,11:29:15,11.65,--,5,5825,卖盘
1629,11:29:06,11.65,-0.01,5,5825,卖盘
1630,11:29:03,11.66,0.01,118,137588,买盘
1631,11:29:00,11.65,-0.01,123,144087,卖盘
1632,11:28:54,11.66,0.02,59,68794,买盘
1633,11:28:42,11.64,-0.02,5,5820,卖盘
1634,11:28:39,11.66,0.01,30,34980,买盘
1635,11:28:33,11.65,--,43,50467,卖盘
1636,11:28:30,11.65,--,67,78055,卖盘
1637,11:28:24,11.65,--,78,90870,卖盘
1638,11:28:12,11.65,--,50,58250,卖盘
1639,11:28:09,11.65,--,5,5825,卖盘
1640,11:28:06,11.65,-0.01,30,34950,卖盘
1641,11:28:03,11.66,0.01,45,52470,买盘
1642,11:28:00,11.65,--,185,216317,卖盘
1643,11:27:57,11.65,-0.01,6,6990,卖盘
1644,11:27:51,11.66,0.01,23,26818,买盘
1645,11:27:48,11.65,--,5,5825,卖盘
1646,11:27:45,11.65,--,50,58250,卖盘
1647,11:27:42,11.65,--,56,65240,买盘
1648,11:27:39,11.65,0.01,110,128150,买盘
1649,11:27:36,11.64,--,5,5820,卖盘
1650,11:27:33,11.64,-0.01,6,6984,卖盘
1651,11:27:30,11.65,--,32,37280,卖盘
1652,11:27:27,11.65,--,6,6990,卖盘
1653,11:27:24,11.65,--,1,1165,卖盘
1654,11:27:21,11.65,--,4,4660,卖盘
1655,11:27:18,11.65,--,12,13980,卖盘
1656,11:27:15,11.65,--,6,6990,卖盘
1657,11:27:12,11.65,-0.01,5,5825,卖盘
1658,11:27:09,11.66,-0.01,4,4664,卖盘
1659,11:27:06,11.67,0.03,48,56016,买盘
1660,11:27:03,11.64,--,31,36084,卖盘
1661,11:27:00,11.64,-0.03,47,54766,卖盘
1662,11:26:57,11.67,0.02,90,105765,买盘
1663,11:26:54,11.65,--,2,2330,卖盘
1664,11:26:51,11.65,-0.01,14,16310,卖盘
1665,11:26:48,11.66,-0.01,5,5830,卖盘
1666,11:26:45,11.67,0.01,23,26841,买盘
1667,11:26:42,11.66,--,10,11660,中性盘
1668,11:26:36,11.66,0.01,10,11660,买盘
1669,11:26:33,11.65,-0.01,18,20970,卖盘
1670,11:26:30,11.66,--,68,79288,中性盘
1671,11:26:24,11.66,-0.01,1,1166,卖盘
1672,11:26:21,11.67,0.01,34,39678,买盘
1673,11:26:18,11.66,-0.01,21,24486,卖盘
1674,11:26:15,11.67,0.01,641,748047,买盘
1675,11:26:12,11.66,--,110,128260,卖盘
1676,11:26:09,11.66,--,107,124762,卖盘
1677,11:26:06,11.66,-0.01,5,5830,卖盘
1678,11:26:03,11.67,0.01,293,341931,买盘
1679,11:26:00,11.66,0.02,65,76384,买盘
1680,11:25:57,11.64,-0.01,145,168977,卖盘
1681,11:25:51,11.65,0.01,5,5825,买盘
1682,11:25:48,11.64,-0.01,3,3492,卖盘
1683,11:25:45,11.65,-0.01,5,5825,卖盘
1684,11:25:42,11.66,--,57,66462,卖盘
1685,11:25:39,11.66,0.02,243,283338,买盘
1686,11:25:36,11.64,-0.01,11,12804,卖盘
1687,11:25:33,11.65,--,19,22135,卖盘
1688,11:25:30,11.65,--,137,159605,卖盘
1689,11:25:27,11.65,--,71,82715,卖盘
1690,11:25:24,11.65,--,23,26795,卖盘
1691,11:25:18,11.65,--,1,1165,卖盘
1692,11:25:15,11.65,--,31,36115,卖盘
1693,11:25:12,11.65,--,16,18640,卖盘
1694,11:25:09,11.65,--,38,44270,卖盘
1695,11:25:03,11.65,--,32,37280,卖盘
1696,11:24:57,11.65,--,217,253014,卖盘
1697,11:24:54,11.65,-0.01,74,86792,卖盘
1698,11:24:51,11.66,0.01,120,139920,买盘
1699,11:24:48,11.65,0.02,30,34950,买盘
1700,11:24:45,11.63,--,13,15119,卖盘
1701,11:24:42,11.63,-0.02,5,5815,卖盘
1702,11:24:33,11.65,0.02,7,8155,买盘
1703,11:24:30,11.63,-0.02,8,9304,卖盘
1704,11:24:27,11.65,0.02,89,103685,买盘
1705,11:24:24,11.63,--,22,25586,卖盘
1706,11:24:21,11.63,-0.02,7,8141,卖盘
1707,11:24:18,11.65,-0.01,24,27960,买盘
1708,11:24:15,11.66,--,110,128260,卖盘
1709,11:24:12,11.66,0.03,390,454740,买盘
1710,11:24:09,11.63,--,5,5815,卖盘
1711,11:24:06,11.63,-0.02,4,4652,卖盘
1712,11:24:03,11.65,--,26,30290,买盘
1713,11:24:00,11.65,0.02,20,23300,买盘
1714,11:23:57,11.63,-0.03,85,99820,卖盘
1715,11:23:54,11.66,0.01,183,214369,买盘
1716,11:23:51,11.65,--,11,12815,卖盘
1717,11:23:48,11.65,-0.01,6,6990,卖盘
1718,11:23:39,11.66,0.03,50,58300,买盘
1719,11:23:36,11.63,--,5,5815,卖盘
1720,11:23:33,11.63,-0.02,2,2326,卖盘
1721,11:23:30,11.65,--,9,10485,买盘
1722,11:23:27,11.65,--,2,2330,买盘
1723,11:23:24,11.65,--,96,111840,买盘
1724,11:23:12,11.65,--,98,114170,卖盘
1725,11:23:09,11.65,--,1,1165,卖盘
1726,11:23:03,11.65,-0.01,5,5825,中性盘
1727,11:23:00,11.66,0.01,500,583000,买盘
1728,11:22:57,11.65,0.02,36,41940,买盘
1729,11:22:54,11.63,--,188,219434,卖盘
1730,11:22:51,11.63,-0.02,5,5815,卖盘
1731,11:22:45,11.65,0.02,164,191060,买盘
1732,11:22:39,11.63,-0.03,65,75595,卖盘
1733,11:22:36,11.66,0.03,117,136422,买盘
1734,11:22:30,11.63,--,15,17445,卖盘
1735,11:22:27,11.63,--,8,9304,卖盘
1736,11:22:24,11.63,--,1,1163,卖盘
1737,11:22:18,11.63,--,5,5815,卖盘
1738,11:22:15,11.63,-0.02,58,67454,卖盘
1739,11:22:12,11.65,--,27,31455,买盘
1740,11:22:09,11.65,--,14,17055,卖盘
1741,11:22:06,11.65,-0.01,3,3495,卖盘
1742,11:22:03,11.66,0.01,93,108438,买盘
1743,11:21:54,11.65,--,116,135710,卖盘
1744,11:21:51,11.65,--,108,126041,卖盘
1745,11:21:48,11.65,0.02,257,300197,买盘
1746,11:21:45,11.63,-0.01,14,16282,卖盘
1747,11:21:42,11.64,--,3,3492,买盘
1748,11:21:39,11.64,0.01,6,6984,买盘
1749,11:21:36,11.63,--,1,1163,卖盘
1750,11:21:27,11.63,-0.01,3,3489,卖盘
1751,11:21:21,11.64,--,78,90792,买盘
1752,11:21:18,11.64,--,30,34920,买盘
1753,11:21:15,11.64,--,7,8439,卖盘
1754,11:21:12,11.64,-0.01,1,1164,卖盘
1755,11:21:03,11.65,--,26,30290,买盘
1756,11:21:00,11.65,0.01,26,30290,买盘
1757,11:20:57,11.64,--,8,9312,卖盘
1758,11:20:54,11.64,-0.01,31,36957,卖盘
1759,11:20:51,11.65,--,89,103685,卖盘
1760,11:20:39,11.65,-0.01,60,69900,卖盘
1761,11:20:36,11.66,0.01,9,10494,买盘
1762,11:20:33,11.65,--,12,13980,卖盘
1763,11:20:30,11.65,--,31,36115,卖盘
1764,11:20:27,11.65,--,9,10485,卖盘
1765,11:20:24,11.65,--,7,8155,卖盘
1766,11:20:21,11.65,--,3,3495,卖盘
1767,11:20:15,11.65,--,10,11650,卖盘
1768,11:20:12,11.65,--,15,17475,卖盘
1769,11:20:09,11.65,--,59,68735,卖盘
1770,11:20:03,11.65,0.02,375,436875,买盘
1771,11:20:00,11.63,-0.02,6,6978,卖盘
1772,11:19:57,11.65,0.02,6,6990,买盘
1773,11:19:54,11.63,-0.01,39,46043,卖盘
1774,11:19:51,11.64,0.01,10,11640,中性盘
1775,11:19:48,11.63,-0.02,92,107100,卖盘
1776,11:19:45,11.65,0.02,138,160770,买盘
1777,11:19:39,11.63,-0.01,5,5815,卖盘
1778,11:19:33,11.64,--,11,12804,卖盘
1779,11:19:30,11.64,--,127,147828,卖盘
1780,11:19:27,11.64,--,7,8148,卖盘
1781,11:19:21,11.64,-0.03,5,5820,卖盘
1782,11:19:18,11.67,0.03,30,35010,买盘
1783,11:19:15,11.64,--,5,5820,卖盘
1784,11:19:03,11.64,0.01,30,34920,中性盘
1785,11:19:00,11.63,-0.04,42,48846,卖盘
1786,11:18:57,11.67,0.04,112,130704,买盘
1787,11:18:54,11.63,-0.01,83,96529,卖盘
1788,11:18:51,11.64,--,12,13968,买盘
1789,11:18:48,11.64,-0.02,6,6984,卖盘
1790,11:18:42,11.66,--,5,5830,卖盘
1791,11:18:39,11.66,--,12,13992,卖盘
1792,11:18:36,11.66,--,10,11660,卖盘
1793,11:18:33,11.66,-0.01,5,5830,卖盘
1794,11:18:30,11.67,0.01,14,16338,买盘
1795,11:18:24,11.66,0.03,14,16324,买盘
1796,11:18:21,11.63,-0.04,925,1075775,卖盘
1797,11:18:15,11.67,--,11,12837,卖盘
1798,11:18:09,11.67,0.02,167,194889,买盘
1799,11:18:06,11.65,--,23,26795,卖盘
1800,11:18:03,11.65,--,27,31455,卖盘
1801,11:18:00,11.65,--,14,16310,卖盘
1802,11:17:57,11.65,-0.02,63,73395,卖盘
1803,11:17:54,11.67,0.02,114,133038,买盘
1804,11:17:51,11.65,--,1,1165,卖盘
1805,11:17:48,11.65,--,42,49920,卖盘
1806,11:17:45,11.65,-0.02,76,89506,卖盘
1807,11:17:42,11.67,--,97,113199,买盘
1808,11:17:39,11.67,0.02,19,22173,买盘
1809,11:17:36,11.65,--,25,29125,卖盘
1810,11:17:27,11.65,-0.01,108,125820,卖盘
1811,11:17:24,11.66,--,76,88616,卖盘
1812,11:17:21,11.66,-0.01,1,1166,卖盘
1813,11:17:18,11.67,0.02,2,2334,买盘
1814,11:17:15,11.65,--,4,4660,卖盘
1815,11:17:09,11.65,-0.02,56,65240,卖盘
1816,11:17:06,11.67,0.02,3,3501,买盘
1817,11:17:03,11.65,--,69,80385,卖盘
1818,11:17:00,11.65,-0.02,12,13980,卖盘
1819,11:16:57,11.67,--,10,11670,买盘
1820,11:16:54,11.67,0.02,11,12837,买盘
1821,11:16:48,11.65,--,152,177080,卖盘
1822,11:16:45,11.65,-0.01,118,138262,卖盘
1823,11:16:42,11.66,-0.01,24,27984,卖盘
1824,11:16:39,11.67,-0.01,1,1167,卖盘
1825,11:16:33,11.68,0.01,6,7008,买盘
1826,11:16:24,11.67,--,1,1167,卖盘
1827,11:16:21,11.67,--,81,94527,卖盘
1828,11:16:18,11.67,--,15,17505,卖盘
1829,11:16:15,11.67,-0.01,1,1167,中性盘
1830,11:16:09,11.68,--,8,9344,买盘
1831,11:16:06,11.68,0.01,144,168192,买盘
1832,11:16:03,11.67,0.02,26,30342,买盘
1833,11:16:00,11.65,--,5,5825,卖盘
1834,11:15:54,11.65,-0.03,30,34950,卖盘
1835,11:15:51,11.68,--,5,5840,买盘
1836,11:15:45,11.68,--,79,92972,买盘
1837,11:15:42,11.68,--,93,108717,买盘
1838,11:15:39,11.68,--,11,12848,买盘
1839,11:15:36,11.68,--,115,134320,买盘
1840,11:15:30,11.68,0.02,22,25696,买盘
1841,11:15:27,11.66,--,9,10494,卖盘
1842,11:15:24,11.66,-0.02,63,73458,卖盘
1843,11:15:15,11.68,0.01,28,32704,买盘
1844,11:15:12,11.67,0.01,29,33843,中性盘
1845,11:15:03,11.66,--,112,130592,卖盘
1846,11:15:00,11.66,--,53,61798,卖盘
1847,11:14:54,11.66,--,20,23320,卖盘
1848,11:14:51,11.66,--,188,219208,卖盘
1849,11:14:45,11.66,-0.01,45,53624,卖盘
1850,11:14:42,11.67,0.01,64,74688,买盘
1851,11:14:39,11.66,-0.01,976,1138016,卖盘
1852,11:14:30,11.67,--,50,58350,卖盘
1853,11:14:27,11.67,--,5,5835,卖盘
1854,11:14:24,11.67,--,1,1167,卖盘
1855,11:14:21,11.67,-0.01,7,8169,卖盘
1856,11:14:18,11.68,0.01,7,8176,买盘
1857,11:14:15,11.67,--,5,5835,卖盘
1858,11:14:09,11.67,--,20,23340,卖盘
1859,11:14:06,11.67,--,10,11670,卖盘
1860,11:14:03,11.67,0.01,135,157545,买盘
1861,11:14:00,11.66,-0.01,3,3498,卖盘
1862,11:13:57,11.67,--,120,140040,买盘
1863,11:13:51,11.67,--,8,9336,买盘
1864,11:13:48,11.67,0.01,11,12837,买盘
1865,11:13:45,11.66,--,58,68724,中性盘
1866,11:13:42,11.66,0.01,10,11660,中性盘
1867,11:13:39,11.65,--,71,83577,卖盘
1868,11:13:36,11.65,--,1,1165,卖盘
1869,11:13:33,11.65,--,5,5825,卖盘
1870,11:13:24,11.65,--,56,65240,卖盘
1871,11:13:21,11.65,--,16,18640,卖盘
1872,11:13:12,11.65,--,34,40402,买盘
1873,11:13:09,11.65,--,27,31455,买盘
1874,11:13:06,11.65,--,105,122325,买盘
1875,11:13:03,11.65,--,41,47765,买盘
1876,11:13:00,11.65,0.01,14,16310,买盘
1877,11:12:57,11.64,-0.02,12,13968,卖盘
1878,11:12:54,11.66,--,19,22527,卖盘
1879,11:12:48,11.66,-0.02,5,5830,卖盘
1880,11:12:42,11.68,0.01,139,163239,买盘
1881,11:12:39,11.67,--,4,4668,卖盘
1882,11:12:36,11.67,--,81,95600,卖盘
1883,11:12:30,11.67,-0.01,41,47847,卖盘
1884,11:12:27,11.68,--,110,128480,买盘
1885,11:12:24,11.68,0.02,276,322368,买盘
1886,11:12:21,11.66,--,99,115434,卖盘
1887,11:12:18,11.66,-0.01,6,6996,卖盘
1888,11:12:15,11.67,0.01,57,66519,买盘
1889,11:12:12,11.66,0.02,381,444246,买盘
1890,11:12:09,11.64,--,10,11640,卖盘
1891,11:12:06,11.64,-0.01,13,15132,卖盘
1892,11:12:03,11.65,--,76,88540,买盘
1893,11:12:00,11.65,0.01,2,2330,买盘
1894,11:11:54,11.64,-0.01,6,6984,卖盘
1895,11:11:45,11.65,0.01,9,10485,中性盘
1896,11:11:42,11.64,--,85,98940,卖盘
1897,11:11:39,11.64,-0.01,44,51297,卖盘
1898,11:11:36,11.65,--,76,89250,卖盘
1899,11:11:33,11.65,-0.01,18,20970,卖盘
1900,11:11:27,11.66,--,2,2332,买盘
1901,11:11:24,11.66,0.01,11,12826,买盘
1902,11:11:21,11.65,-0.01,9,10485,卖盘
1903,11:11:09,11.66,--,2,2332,买盘
1904,11:11:06,11.66,--,20,23320,买盘
1905,11:11:03,11.66,0.01,25,29150,买盘
1906,11:10:57,11.65,--,8,9320,卖盘
1907,11:10:54,11.65,--,384,448152,买盘
1908,11:10:51,11.65,0.02,80,93200,买盘
1909,11:10:48,11.63,--,18,20934,卖盘
1910,11:10:45,11.63,--,26,30238,卖盘
1911,11:10:42,11.63,-0.02,2,2326,卖盘
1912,11:10:39,11.65,0.02,122,143236,买盘
1913,11:10:36,11.63,--,68,79932,卖盘
1914,11:10:33,11.63,--,224,260512,卖盘
1915,11:10:30,11.63,-0.02,18,20934,卖盘
1916,11:10:24,11.65,0.02,12,13980,买盘
1917,11:10:21,11.63,--,71,82573,卖盘
1918,11:10:12,11.63,--,9,10467,卖盘
1919,11:10:09,11.63,-0.02,18,20934,卖盘
1920,11:10:03,11.65,--,26,30290,买盘
1921,11:09:51,11.65,--,12,13980,买盘
1922,11:09:48,11.65,0.02,13,15145,买盘
1923,11:09:45,11.63,--,7,8141,卖盘
1924,11:09:39,11.63,--,43,50009,卖盘
1925,11:09:36,11.63,-0.01,45,52428,卖盘
1926,11:09:33,11.64,0.01,99,115934,中性盘
1927,11:09:27,11.63,--,10,11630,卖盘
1928,11:09:21,11.63,-0.02,9,10467,卖盘
1929,11:09:15,11.65,0.01,106,123490,买盘
1930,11:09:03,11.64,--,31,36084,买盘
1931,11:09:00,11.64,-0.01,10,11640,中性盘
1932,11:08:51,11.65,0.01,58,67570,买盘
1933,11:08:45,11.64,-0.01,20,23280,中性盘
1934,11:08:42,11.65,0.02,124,144460,买盘
1935,11:08:39,11.63,-0.01,17,19771,卖盘
1936,11:08:36,11.64,0.01,50,58549,中性盘
1937,11:08:30,11.63,-0.02,74,86503,卖盘
1938,11:08:24,11.65,--,119,138635,买盘
1939,11:08:21,11.65,0.01,3,3495,买盘
1940,11:08:15,11.64,-0.01,2,2328,卖盘
1941,11:08:12,11.65,--,7,8155,买盘
1942,11:08:09,11.65,--,92,107552,卖盘
1943,11:08:06,11.65,--,5,5825,卖盘
1944,11:08:03,11.65,--,45,52425,卖盘
1945,11:08:00,11.65,--,3,3495,卖盘
1946,11:07:57,11.65,0.01,111,130107,买盘
1947,11:07:54,11.64,--,6,6984,卖盘
1948,11:07:51,11.64,--,12,13968,卖盘
1949,11:07:42,11.64,--,5,5820,卖盘
1950,11:07:36,11.64,0.01,43,50075,中性盘
1951,11:07:33,11.63,--,23,26749,卖盘
1952,11:07:30,11.63,-0.02,81,94970,卖盘
1953,11:07:27,11.65,0.02,4,4660,买盘
1954,11:07:21,11.63,-0.02,4,4652,卖盘
1955,11:07:15,11.65,0.02,105,122325,买盘
1956,11:07:09,11.63,--,13,15119,卖盘
1957,11:07:03,11.63,-0.01,544,632672,卖盘
1958,11:06:57,11.64,--,5,5820,卖盘
1959,11:06:54,11.64,--,4,4656,卖盘
1960,11:06:48,11.64,--,4,4656,卖盘
1961,11:06:45,11.64,-0.01,6,6984,中性盘
1962,11:06:42,11.65,0.02,65,75725,买盘
1963,11:06:36,11.63,--,5,6489,卖盘
1964,11:06:33,11.63,-0.01,37,43461,卖盘
1965,11:06:30,11.64,0.01,96,111744,买盘
1966,11:06:27,11.63,--,104,121172,卖盘
1967,11:06:24,11.63,-0.01,31,36053,卖盘
1968,11:06:21,11.64,--,45,52380,卖盘
1969,11:06:18,11.64,--,56,65184,卖盘
1970,11:06:15,11.64,--,5,5820,卖盘
1971,11:06:09,11.64,--,27,31428,买盘
1972,11:06:06,11.64,-0.01,96,111744,中性盘
1973,11:06:03,11.65,0.01,26,30290,买盘
1974,11:06:00,11.64,-0.01,9,10476,卖盘
1975,11:05:57,11.65,0.01,95,111816,买盘
1976,11:05:51,11.64,--,215,250888,买盘
1977,11:05:45,11.64,--,285,332147,买盘
1978,11:05:42,11.64,0.01,123,143172,买盘
1979,11:05:39,11.63,--,17,19771,卖盘
1980,11:05:36,11.63,--,12,13956,卖盘
1981,11:05:33,11.63,-0.01,30,34890,卖盘
1982,11:05:30,11.64,--,64,75206,中性盘
1983,11:05:27,11.64,-0.01,292,339969,买盘
1984,11:05:24,11.65,0.02,8,9320,买盘
1985,11:05:18,11.63,-0.02,11,12793,卖盘
1986,11:05:12,11.65,0.02,38,44270,买盘
1987,11:05:09,11.63,--,13,15119,卖盘
1988,11:05:06,11.63,-0.02,2,2326,卖盘
1989,11:05:03,11.65,0.02,285,332025,买盘
1990,11:05:00,11.63,-0.01,128,148864,卖盘
1991,11:04:57,11.64,--,170,197880,卖盘
1992,11:04:54,11.64,-0.01,18,20952,卖盘
1993,11:04:51,11.65,0.01,85,99025,买盘
1994,11:04:48,11.64,--,6,6984,卖盘
1995,11:04:45,11.64,-0.01,50,58200,卖盘
1996,11:04:39,11.65,0.01,45,52425,买盘
1997,11:04:36,11.64,--,5,5820,卖盘
1998,11:04:33,11.64,--,3,3492,卖盘
1999,11:04:30,11.64,--,34,40332,卖盘
2000,11:04:27,11.64,--,87,101302,卖盘
2001,11:04:24,11.64,--,47,54708,卖盘
2002,11:04:21,11.64,0.01,240,279360,买盘
2003,11:04:18,11.63,--,24,27912,卖盘
2004,11:04:15,11.63,--,21,24423,卖盘
2005,11:04:12,11.63,--,23,26749,卖盘
2006,11:04:09,11.63,--,12,13956,卖盘
2007,11:04:03,11.63,-0.01,31,36053,卖盘
2008,11:04:00,11.64,0.01,153,178092,买盘
2009,11:03:51,11.63,--,4,4652,卖盘
2010,11:03:42,11.63,--,34,39542,卖盘
2011,11:03:39,11.63,-0.01,14,16282,卖盘
2012,11:03:33,11.64,0.01,27,31428,买盘
2013,11:03:30,11.63,--,89,103507,卖盘
2014,11:03:27,11.63,--,85,98901,卖盘
2015,11:03:24,11.63,-0.01,112,131000,卖盘
2016,11:03:18,11.64,0.01,21,24444,买盘
2017,11:03:15,11.63,-0.01,46,53498,卖盘
2018,11:03:12,11.64,--,63,73332,买盘
2019,11:03:09,11.64,-0.01,55,64020,卖盘
2020,11:03:03,11.65,--,26,30290,买盘
2021,11:03:00,11.65,0.01,32,37280,买盘
2022,11:02:57,11.64,-0.01,57,66348,卖盘
2023,11:02:51,11.65,0.01,22,25630,买盘
2024,11:02:45,11.64,--,110,128040,卖盘
2025,11:02:42,11.64,-0.01,38,44232,卖盘
2026,11:02:39,11.65,0.01,104,121160,买盘
2027,11:02:33,11.64,-0.01,23,26772,卖盘
2028,11:02:30,11.65,--,99,115707,卖盘
2029,11:02:27,11.65,--,37,44083,卖盘
2030,11:02:24,11.65,--,83,97673,卖盘
2031,11:02:21,11.65,--,16,18640,卖盘
2032,11:02:15,11.65,--,52,60580,卖盘
2033,11:02:12,11.65,--,6,6990,卖盘
2034,11:02:03,11.65,-0.01,7,8155,中性盘
2035,11:02:00,11.66,0.01,206,240196,买盘
2036,11:01:57,11.65,0.01,12,13980,买盘
2037,11:01:54,11.64,-0.01,1,1164,卖盘
2038,11:01:51,11.65,--,162,188730,买盘
2039,11:01:48,11.65,--,14,16310,买盘
2040,11:01:45,11.65,0.01,4,4660,买盘
2041,11:01:42,11.64,-0.01,23,26772,卖盘
2042,11:01:39,11.65,--,62,72230,买盘
2043,11:01:36,11.65,0.02,75,87375,买盘
2044,11:01:33,11.63,--,259,301217,卖盘
2045,11:01:30,11.63,-0.01,26,30238,卖盘
2046,11:01:27,11.64,--,66,76824,卖盘
2047,11:01:24,11.64,-0.01,118,138143,卖盘
2048,11:01:21,11.65,--,10,11650,买盘
2049,11:01:18,11.65,0.01,20,23300,买盘
2050,11:01:15,11.64,--,5,5820,卖盘
2051,11:01:12,11.64,--,10,11640,卖盘
2052,11:01:06,11.64,0.01,5,5820,中性盘
2053,11:01:03,11.63,-0.02,54,62802,卖盘
2054,11:01:00,11.65,0.02,2,2330,买盘
2055,11:00:57,11.63,-0.01,121,140723,卖盘
2056,11:00:54,11.64,--,74,86136,卖盘
2057,11:00:42,11.64,-0.01,6,6984,卖盘
2058,11:00:39,11.65,--,28,32620,买盘
2059,11:00:36,11.65,0.01,55,64075,买盘
2060,11:00:33,11.64,--,21,24444,卖盘
2061,11:00:30,11.64,-0.01,28,32592,卖盘
2062,11:00:27,11.65,0.01,123,143295,买盘
2063,11:00:24,11.64,--,57,66417,卖盘
2064,11:00:21,11.64,--,5,5820,卖盘
2065,11:00:18,11.64,--,123,143195,买盘
2066,11:00:15,11.64,0.01,2,2328,买盘
2067,11:00:12,11.63,-0.01,5,5815,卖盘
2068,11:00:09,11.64,-0.01,37,43766,卖盘
2069,11:00:00,11.65,0.01,24,27960,买盘
2070,10:59:57,11.64,--,8,9312,卖盘
2071,10:59:51,11.64,--,18,20952,卖盘
2072,10:59:48,11.64,--,5,5820,卖盘
2073,10:59:42,11.64,-0.02,35,40740,卖盘
2074,10:59:39,11.66,0.02,130,151580,买盘
2075,10:59:36,11.64,-0.01,74,86136,卖盘
2076,10:59:30,11.65,0.01,235,273775,中性盘
2077,10:59:27,11.64,-0.01,4,4656,卖盘
2078,10:59:21,11.65,--,44,52122,卖盘
2079,10:59:18,11.65,--,120,140895,卖盘
2080,10:59:15,11.65,--,17,19805,卖盘
2081,10:59:12,11.65,--,5,5825,卖盘
2082,10:59:09,11.65,--,5,5825,卖盘
2083,10:59:06,11.65,--,19,22135,卖盘
2084,10:59:03,11.65,0.01,82,95530,买盘
2085,10:59:00,11.64,-0.01,6,6984,卖盘
2086,10:58:57,11.65,--,28,32620,买盘
2087,10:58:54,11.65,0.01,9,10485,买盘
2088,10:58:51,11.64,--,8,9312,卖盘
2089,10:58:48,11.64,-0.02,105,122220,卖盘
2090,10:58:45,11.66,0.01,98,114268,买盘
2091,10:58:42,11.65,-0.01,17,19805,卖盘
2092,10:58:39,11.66,0.01,77,89782,买盘
2093,10:58:36,11.65,-0.01,16,18640,卖盘
2094,10:58:33,11.66,--,37,43142,买盘
2095,10:58:30,11.66,--,15,17490,买盘
2096,10:58:27,11.66,--,11,12826,买盘
2097,10:58:24,11.66,0.01,146,170236,中性盘
2098,10:58:21,11.65,-0.02,121,141361,卖盘
2099,10:58:18,11.67,--,118,138102,买盘
2100,10:58:12,11.67,0.01,5,5835,买盘
2101,10:58:09,11.66,--,23,26818,卖盘
2102,10:58:06,11.66,--,7,8162,卖盘
2103,10:58:03,11.66,--,57,66462,买盘
2104,10:58:00,11.66,--,124,144584,买盘
2105,10:57:57,11.66,0.01,60,69960,买盘
2106,10:57:54,11.65,--,6,6990,卖盘
2107,10:57:51,11.65,--,9,10485,卖盘
2108,10:57:45,11.65,--,21,24465,卖盘
2109,10:57:42,11.65,-0.01,256,298240,卖盘
2110,10:57:39,11.66,0.01,58,67628,买盘
2111,10:57:36,11.65,--,26,30290,卖盘
2112,10:57:33,11.65,--,27,31455,卖盘
2113,10:57:30,11.65,--,6,6990,卖盘
2114,10:57:27,11.65,-0.01,46,53590,卖盘
2115,10:57:24,11.66,0.01,30,34980,买盘
2116,10:57:21,11.65,0.01,1,1165,中性盘
2117,10:57:18,11.64,--,42,49376,卖盘
2118,10:57:15,11.64,--,72,84110,卖盘
2119,10:57:09,11.64,-0.01,30,34920,卖盘
2120,10:57:06,11.65,-0.01,46,53590,买盘
2121,10:57:03,11.66,0.02,25,29150,买盘
2122,10:57:00,11.64,-0.02,8,9312,卖盘
2123,10:56:57,11.66,0.02,94,109604,买盘
2124,10:56:54,11.64,-0.01,38,44232,卖盘
2125,10:56:51,11.65,--,32,37280,买盘
2126,10:56:48,11.65,0.01,4,4660,买盘
2127,10:56:45,11.64,-0.01,13,15132,卖盘
2128,10:56:42,11.65,--,22,25630,买盘
2129,10:56:39,11.65,0.01,22,25630,买盘
2130,10:56:36,11.64,--,2,2328,卖盘
2131,10:56:33,11.64,--,16,18624,卖盘
2132,10:56:30,11.64,--,16,18624,卖盘
2133,10:56:24,11.64,--,22,25608,卖盘
2134,10:56:21,11.64,--,16,18624,卖盘
2135,10:56:18,11.64,-0.01,132,154311,卖盘
2136,10:56:15,11.65,0.01,141,164265,买盘
2137,10:56:12,11.64,--,79,92084,卖盘
2138,10:56:09,11.64,--,27,31428,卖盘
2139,10:56:06,11.64,-0.01,8,9312,卖盘
2140,10:56:03,11.65,--,109,126985,买盘
2141,10:56:00,11.65,0.01,30,34950,买盘
2142,10:55:48,11.64,-0.01,52,60528,卖盘
2143,10:55:45,11.65,--,3,3495,卖盘
2144,10:55:42,11.65,0.01,93,108345,买盘
2145,10:55:39,11.64,--,14,16296,卖盘
2146,10:55:36,11.64,--,3,3492,卖盘
2147,10:55:33,11.64,-0.01,33,38412,卖盘
2148,10:55:30,11.65,--,16,18640,买盘
2149,10:55:27,11.65,--,83,96695,卖盘
2150,10:55:24,11.65,--,12,13980,买盘
2151,10:55:21,11.65,0.01,109,126985,买盘
2152,10:55:18,11.64,--,32,37248,卖盘
2153,10:55:15,11.64,--,114,133487,卖盘
2154,10:55:12,11.64,-0.01,121,140844,卖盘
2155,10:55:09,11.65,-0.01,35,40775,卖盘
2156,10:55:03,11.66,--,26,30316,买盘
2157,10:54:57,11.66,0.01,27,31482,买盘
2158,10:54:54,11.65,--,13,15145,卖盘
2159,10:54:51,11.65,-0.01,22,25630,买盘
2160,10:54:48,11.66,--,55,64130,买盘
2161,10:54:45,11.66,0.02,1,1166,买盘
2162,10:54:42,11.64,-0.01,82,95448,卖盘
2163,10:54:39,11.65,--,2,2330,卖盘
2164,10:54:36,11.65,-0.01,10,11650,卖盘
2165,10:54:30,11.66,0.01,1,1166,买盘
2166,10:54:27,11.65,--,311,362501,卖盘
2167,10:54:24,11.65,-0.01,19,22135,卖盘
2168,10:54:21,11.66,0.01,106,123596,买盘
2169,10:54:18,11.65,--,56,65682,卖盘
2170,10:54:15,11.65,-0.01,63,73662,卖盘
2171,10:54:12,11.66,--,91,106630,买盘
2172,10:54:09,11.66,0.01,22,25652,买盘
2173,10:54:06,11.65,--,23,26795,卖盘
2174,10:54:03,11.65,--,56,65240,卖盘
2175,10:54:00,11.65,--,2,2330,卖盘
2176,10:53:57,11.65,--,23,26795,卖盘
2177,10:53:54,11.65,--,60,69900,卖盘
2178,10:53:51,11.65,-0.01,37,43105,卖盘
2179,10:53:48,11.66,--,5,5830,买盘
2180,10:53:45,11.66,0.01,196,228536,买盘
2181,10:53:42,11.65,--,41,47765,卖盘
2182,10:53:39,11.65,--,6,6990,卖盘
2183,10:53:36,11.65,--,8,9320,卖盘
2184,10:53:33,11.65,--,10,11650,卖盘
2185,10:53:30,11.65,-0.01,10,11650,卖盘
2186,10:53:27,11.66,0.01,1,1166,买盘
2187,10:53:24,11.65,--,4,4660,卖盘
2188,10:53:21,11.65,--,11,12815,卖盘
2189,10:53:18,11.65,-0.01,5,5825,卖盘
2190,10:53:15,11.66,0.01,54,63745,买盘
2191,10:53:12,11.65,-0.01,85,99036,卖盘
2192,10:53:09,11.66,0.01,98,114979,买盘
2193,10:53:06,11.65,-0.01,2,2330,卖盘
2194,10:53:03,11.66,0.01,28,32648,买盘
2195,10:53:00,11.65,--,5,5825,卖盘
2196,10:52:57,11.65,--,30,34950,卖盘
2197,10:52:54,11.65,--,14,16310,卖盘
2198,10:52:51,11.65,-0.01,6,6990,卖盘
2199,10:52:45,11.66,--,97,113556,卖盘
2200,10:52:42,11.66,--,20,23320,卖盘
2201,10:52:39,11.66,--,1,1166,卖盘
2202,10:52:36,11.66,--,15,17490,卖盘
2203,10:52:33,11.66,--,46,53636,卖盘
2204,10:52:30,11.66,-0.01,40,46640,卖盘
2205,10:52:27,11.67,0.01,30,35010,买盘
2206,10:52:24,11.66,--,76,88616,卖盘
2207,10:52:21,11.66,--,63,73458,卖盘
2208,10:52:18,11.66,--,23,26818,卖盘
2209,10:52:15,11.66,--,117,136422,卖盘
2210,10:52:12,11.66,--,205,239624,卖盘
2211,10:52:09,11.66,-0.01,77,89980,卖盘
2212,10:52:03,11.67,--,26,30342,买盘
2213,10:51:57,11.67,--,2,2334,买盘
2214,10:51:51,11.67,--,21,24507,买盘
2215,10:51:48,11.67,0.01,6,7002,买盘
2216,10:51:45,11.66,-0.01,6,6996,卖盘
2217,10:51:42,11.67,--,56,65352,买盘
2218,10:51:39,11.67,--,78,91026,卖盘
2219,10:51:36,11.67,-0.01,39,45513,卖盘
2220,10:51:33,11.68,--,16,18688,买盘
2221,10:51:30,11.68,0.01,54,63072,买盘
2222,10:51:27,11.67,0.01,77,89859,买盘
2223,10:51:21,11.66,--,106,123596,卖盘
2224,10:51:18,11.66,--,93,108438,卖盘
2225,10:51:15,11.66,--,10,11660,卖盘
2226,10:51:12,11.66,-0.02,114,133716,卖盘
2227,10:51:06,11.68,0.01,10,11680,买盘
2228,10:51:03,11.67,-0.01,78,91026,卖盘
2229,10:51:00,11.68,--,177,206736,买盘
2230,10:50:57,11.68,0.01,42,49056,买盘
2231,10:50:51,11.67,--,3,3501,卖盘
2232,10:50:48,11.67,--,20,23340,卖盘
2233,10:50:45,11.67,--,148,172716,卖盘
2234,10:50:42,11.67,--,26,30342,卖盘
2235,10:50:39,11.67,-0.01,190,221730,卖盘
2236,10:50:36,11.68,--,555,648240,卖盘
2237,10:50:33,11.68,--,697,814096,买盘
2238,10:50:30,11.68,0.01,4,4672,买盘
2239,10:50:27,11.67,--,19,22173,卖盘
2240,10:50:24,11.67,--,31,36177,卖盘
2241,10:50:21,11.67,--,52,60684,卖盘
2242,10:50:18,11.67,--,94,109698,卖盘
2243,10:50:15,11.67,-0.01,2,2334,卖盘
2244,10:50:12,11.68,--,49,57232,买盘
2245,10:50:09,11.68,--,34,40728,买盘
2246,10:50:06,11.68,0.01,121,142274,买盘
2247,10:50:03,11.67,-0.01,28,32676,卖盘
2248,10:50:00,11.68,--,50,58400,买盘
2249,10:49:57,11.68,--,20,23360,买盘
2250,10:49:54,11.68,--,6,7008,买盘
2251,10:49:51,11.68,--,16,18688,买盘
2252,10:49:48,11.68,--,87,101616,买盘
2253,10:49:42,11.68,0.01,80,93440,买盘
2254,10:49:39,11.67,--,10,11670,卖盘
2255,10:49:36,11.67,-0.01,35,40845,卖盘
2256,10:49:33,11.68,0.01,348,406464,买盘
2257,10:49:27,11.67,-0.01,75,87525,卖盘
2258,10:49:24,11.68,0.01,5,5840,买盘
2259,10:49:21,11.67,--,98,114366,卖盘
2260,10:49:18,11.67,-0.01,13,15171,卖盘
2261,10:49:15,11.68,0.01,7,8176,买盘
2262,10:49:12,11.67,--,128,149376,卖盘
2263,10:49:09,11.67,--,35,41696,卖盘
2264,10:49:06,11.67,--,11,12837,卖盘
2265,10:49:03,11.67,--,120,141148,卖盘
2266,10:49:00,11.67,--,111,129537,卖盘
2267,10:48:57,11.67,--,81,94527,卖盘
2268,10:48:54,11.67,--,91,106197,卖盘
2269,10:48:48,11.67,--,3,3501,卖盘
2270,10:48:45,11.67,--,227,265947,买盘
2271,10:48:39,11.67,--,5,5835,买盘
2272,10:48:36,11.67,--,30,35010,买盘
2273,10:48:33,11.67,--,88,102696,买盘
2274,10:48:30,11.67,--,35,40845,买盘
2275,10:48:27,11.67,--,158,184514,卖盘
2276,10:48:24,11.67,-0.01,730,852435,卖盘
2277,10:48:21,11.68,--,1,1168,卖盘
2278,10:48:18,11.68,--,20,23360,卖盘
2279,10:48:15,11.68,--,4,4672,卖盘
2280,10:48:12,11.68,0.01,94,109885,买盘
2281,10:48:09,11.67,--,9,10503,卖盘
2282,10:48:06,11.67,-0.01,67,78574,卖盘
2283,10:48:03,11.68,--,135,158088,买盘
2284,10:48:00,11.68,--,190,222994,卖盘
2285,10:47:57,11.68,--,14,16352,卖盘
2286,10:47:54,11.68,--,100,116800,卖盘
2287,10:47:51,11.68,--,10,11680,卖盘
2288,10:47:48,11.68,-0.01,21,24528,卖盘
2289,10:47:45,11.69,--,27,31563,买盘
2290,10:47:39,11.69,--,30,35070,买盘
2291,10:47:36,11.69,--,21,24549,买盘
2292,10:47:33,11.69,--,204,238476,买盘
2293,10:47:30,11.69,--,29,33901,买盘
2294,10:47:27,11.69,--,12,14028,买盘
2295,10:47:24,11.69,--,55,64295,买盘
2296,10:47:21,11.69,0.01,991,1158479,买盘
2297,10:47:18,11.68,--,364,425152,卖盘
2298,10:47:15,11.68,-0.01,207,241776,卖盘
2299,10:47:12,11.69,0.01,38,44422,买盘
2300,10:47:09,11.68,--,263,307184,卖盘
2301,10:47:06,11.68,-0.01,223,261211,卖盘
2302,10:47:03,11.69,0.01,26,30394,买盘
2303,10:47:00,11.68,--,175,204446,卖盘
2304,10:46:57,11.68,--,268,313024,卖盘
2305,10:46:54,11.68,--,252,294336,卖盘
2306,10:46:51,11.68,--,141,164688,卖盘
2307,10:46:48,11.68,--,9,10512,卖盘
2308,10:46:45,11.68,--,5,5840,卖盘
2309,10:46:42,11.68,--,141,165155,买盘
2310,10:46:36,11.68,0.01,100,116800,买盘
2311,10:46:33,11.67,--,1,1167,卖盘
2312,10:46:30,11.67,--,4,4668,卖盘
2313,10:46:24,11.67,-0.01,19,22173,卖盘
2314,10:46:21,11.68,0.01,29,33872,买盘
2315,10:46:18,11.67,-0.01,1,1167,卖盘
2316,10:46:12,11.68,--,8,9344,买盘
2317,10:46:09,11.68,--,189,220752,买盘
2318,10:46:06,11.68,--,36,42048,买盘
2319,10:46:03,11.68,--,496,580355,买盘
2320,10:46:00,11.68,0.01,74,87366,买盘
2321,10:45:57,11.67,--,123,143541,卖盘
2322,10:45:54,11.67,--,14,16338,卖盘
2323,10:45:51,11.67,-0.01,77,89859,卖盘
2324,10:45:45,11.68,--,66,77088,买盘
2325,10:45:42,11.68,0.01,4,4672,买盘
2326,10:45:39,11.67,--,61,71187,卖盘
2327,10:45:36,11.67,--,15,17505,卖盘
2328,10:45:33,11.67,--,177,206559,买盘
2329,10:45:30,11.67,--,48,56016,买盘
2330,10:45:27,11.67,0.01,130,151710,买盘
2331,10:45:24,11.66,--,19,22154,卖盘
2332,10:45:21,11.66,--,104,121264,买盘
2333,10:45:18,11.66,0.01,51,59466,买盘
2334,10:45:15,11.65,--,3,3495,卖盘
2335,10:45:09,11.65,--,3,3495,卖盘
2336,10:45:06,11.65,--,8,9320,卖盘
2337,10:45:03,11.65,-0.01,61,71332,卖盘
2338,10:45:00,11.66,0.01,33,38478,买盘
2339,10:44:57,11.65,-0.01,131,153139,卖盘
2340,10:44:54,11.66,--,36,41976,卖盘
2341,10:44:51,11.66,0.01,11,12826,卖盘
2342,10:44:48,11.65,--,6,6990,卖盘
2343,10:44:45,11.65,-0.01,36,42732,卖盘
2344,10:44:42,11.66,-0.02,86,100649,卖盘
2345,10:44:39,11.68,0.02,832,971776,买盘
2346,10:44:36,11.66,--,148,172568,卖盘
2347,10:44:33,11.66,--,34,39644,卖盘
2348,10:44:30,11.66,--,137,159742,卖盘
2349,10:44:27,11.66,-0.01,158,184228,卖盘
2350,10:44:24,11.67,0.01,120,140833,买盘
2351,10:44:21,11.66,--,30,34980,卖盘
2352,10:44:18,11.66,--,9,10494,卖盘
2353,10:44:15,11.66,-0.01,133,155078,卖盘
2354,10:44:12,11.67,--,57,66892,卖盘
2355,10:44:06,11.67,--,78,91026,卖盘
2356,10:44:03,11.67,--,101,117867,卖盘
2357,10:44:00,11.67,-0.01,58,67907,卖盘
2358,10:43:57,11.68,0.01,120,140732,买盘
2359,10:43:54,11.67,--,84,98028,卖盘
2360,10:43:51,11.67,-0.01,2,2334,卖盘
2361,10:43:48,11.68,-0.01,79,92272,卖盘
2362,10:43:45,11.69,0.01,93,108717,买盘
2363,10:43:42,11.68,--,21,24528,买盘
2364,10:43:39,11.68,--,145,169360,买盘
2365,10:43:36,11.68,--,52,60736,买盘
2366,10:43:33,11.68,--,579,676272,卖盘
2367,10:43:30,11.68,--,51,59568,买盘
2368,10:43:27,11.68,--,99,115632,买盘
2369,10:43:24,11.68,--,65,75920,买盘
2370,10:43:21,11.68,--,20,23360,买盘
2371,10:43:18,11.68,--,1,1168,买盘
2372,10:43:15,11.68,--,39,45552,买盘
2373,10:43:12,11.68,0.01,60,70080,买盘
2374,10:43:09,11.67,-0.01,517,603549,卖盘
2375,10:43:06,11.68,--,441,515088,卖盘
2376,10:43:03,11.68,-0.01,321,375885,卖盘
2377,10:43:00,11.69,--,1242,1451898,买盘
2378,10:42:57,11.69,0.03,358,418502,买盘
2379,10:42:54,11.66,-0.02,160,187562,卖盘
2380,10:42:48,11.68,--,18,21024,买盘
2381,10:42:42,11.68,0.02,1296,1513728,买盘
2382,10:42:39,11.66,--,59,68794,卖盘
2383,10:42:36,11.66,0.01,39,45474,买盘
2384,10:42:33,11.65,--,18,20970,卖盘
2385,10:42:30,11.65,--,10029,11683785,卖盘
2386,10:42:27,11.65,-0.01,102,118830,卖盘
2387,10:42:24,11.66,0.01,90,104940,买盘
2388,10:42:21,11.65,-0.01,23,26795,卖盘
2389,10:42:18,11.66,0.01,200,233200,买盘
2390,10:42:15,11.65,--,70,81550,卖盘
2391,10:42:12,11.65,--,63,73395,卖盘
2392,10:42:09,11.65,--,20,23300,卖盘
2393,10:42:06,11.65,--,154,179410,买盘
2394,10:42:03,11.65,--,32,37280,买盘
2395,10:42:00,11.65,--,22,26585,卖盘
2396,10:41:57,11.65,--,39,46378,卖盘
2397,10:41:54,11.65,--,201,235178,卖盘
2398,10:41:48,11.65,-0.01,25,29125,卖盘
2399,10:41:42,11.66,0.01,13,15158,买盘
2400,10:41:39,11.65,--,16,18640,卖盘
2401,10:41:36,11.65,-0.01,12,13980,卖盘
2402,10:41:27,11.66,0.01,20,23320,买盘
2403,10:41:24,11.65,0.01,2842,3311512,买盘
2404,10:41:21,11.64,--,437,509040,卖盘
2405,10:41:18,11.64,--,100,116400,卖盘
2406,10:41:12,11.64,--,48,55872,卖盘
2407,10:41:09,11.64,--,3,3492,卖盘
2408,10:41:06,11.64,-0.01,305,355020,卖盘
2409,10:41:03,11.65,0.01,34,39610,买盘
2410,10:41:00,11.64,--,39,45396,卖盘
2411,10:40:57,11.64,--,58,67756,卖盘
2412,10:40:51,11.64,--,94,109963,卖盘
2413,10:40:48,11.64,--,3,3492,卖盘
2414,10:40:45,11.64,-0.01,16,18624,卖盘
2415,10:40:42,11.65,0.01,14,16310,买盘
2416,10:40:39,11.64,--,14,16296,卖盘
2417,10:40:36,11.64,--,253,294492,卖盘
2418,10:40:33,11.64,--,13,15132,卖盘
2419,10:40:30,11.64,--,27,31428,卖盘
2420,10:40:27,11.64,--,15,17460,卖盘
2421,10:40:24,11.64,--,20,23280,卖盘
2422,10:40:15,11.64,--,22,25608,卖盘
2423,10:40:12,11.64,--,98,114072,卖盘
2424,10:40:09,11.64,--,10,11640,卖盘
2425,10:40:06,11.64,-0.01,9,10476,卖盘
2426,10:40:03,11.65,0.02,25,29125,买盘
2427,10:40:00,11.63,-0.02,5,5815,卖盘
2428,10:39:57,11.65,0.02,79,92035,买盘
2429,10:39:54,11.63,-0.01,46,53567,卖盘
2430,10:39:51,11.64,--,211,245976,卖盘
2431,10:39:48,11.64,--,120,139680,卖盘
2432,10:39:45,11.64,--,15,17460,卖盘
2433,10:39:42,11.64,-0.01,119,138516,卖盘
2434,10:39:39,11.65,0.01,9,10485,买盘
2435,10:39:36,11.64,-0.01,144,167616,卖盘
2436,10:39:30,11.65,0.01,43,50095,买盘
2437,10:39:27,11.64,--,83,96612,卖盘
2438,10:39:24,11.64,--,11,12804,卖盘
2439,10:39:21,11.64,--,33,38412,卖盘
2440,10:39:18,11.64,--,10,11640,卖盘
2441,10:39:12,11.64,-0.01,6,6984,卖盘
2442,10:39:06,11.65,0.01,102,118830,买盘
2443,10:39:03,11.64,--,44,51216,卖盘
2444,10:39:00,11.64,-0.01,71,82644,卖盘
2445,10:38:57,11.65,0.01,80,93200,买盘
2446,10:38:54,11.64,--,503,585922,卖盘
2447,10:38:51,11.64,--,9,10476,卖盘
2448,10:38:48,11.64,-0.01,103,120252,卖盘
2449,10:38:39,11.65,--,5,5825,买盘
2450,10:38:33,11.65,--,30,34950,买盘
2451,10:38:30,11.65,0.01,70,81550,买盘
2452,10:38:27,11.64,--,8,9312,卖盘
2453,10:38:24,11.64,--,1,1164,卖盘
2454,10:38:21,11.64,--,1,1164,卖盘
2455,10:38:18,11.64,--,5,5820,卖盘
2456,10:38:15,11.64,--,6,6984,卖盘
2457,10:38:12,11.64,--,39,45396,卖盘
2458,10:38:09,11.64,-0.01,25,29100,卖盘
2459,10:38:06,11.65,0.01,16,18640,买盘
2460,10:38:03,11.64,--,19,22116,卖盘
2461,10:38:00,11.64,0.01,50,58200,买盘
2462,10:37:57,11.63,-0.01,24,27912,卖盘
2463,10:37:54,11.64,0.01,34,39576,买盘
2464,10:37:51,11.63,--,114,133372,卖盘
2465,10:37:48,11.63,-0.02,14,16282,卖盘
2466,10:37:45,11.65,0.01,26,30849,买盘
2467,10:37:42,11.64,--,23,26772,卖盘
2468,10:37:39,11.64,--,102,118728,卖盘
2469,10:37:33,11.64,--,42,48888,卖盘
2470,10:37:30,11.64,--,66,77429,买盘
2471,10:37:27,11.64,--,216,251424,买盘
2472,10:37:24,11.64,0.01,455,529620,买盘
2473,10:37:21,11.63,-0.01,1,1163,卖盘
2474,10:37:12,11.64,--,10,11640,买盘
2475,10:37:09,11.64,--,160,186798,卖盘
2476,10:37:06,11.64,-0.01,61,71004,卖盘
2477,10:37:03,11.65,--,31,36115,买盘
2478,10:37:00,11.65,0.01,39,45435,买盘
2479,10:36:57,11.64,--,18,20952,卖盘
2480,10:36:54,11.64,--,10,11640,卖盘
2481,10:36:51,11.64,--,63,74472,卖盘
2482,10:36:45,11.64,--,72,84622,卖盘
2483,10:36:42,11.64,--,10,11640,卖盘
2484,10:36:36,11.64,--,1,1164,卖盘
2485,10:36:33,11.64,--,1400,1630577,买盘
2486,10:36:30,11.64,0.01,39,45396,买盘
2487,10:36:27,11.63,--,9,10467,卖盘
2488,10:36:24,11.63,--,13,15119,卖盘
2489,10:36:21,11.63,--,31,36053,卖盘
2490,10:36:18,11.63,-0.01,50,58150,卖盘
2491,10:36:12,11.64,0.01,73,84972,买盘
2492,10:36:06,11.63,-0.01,7,8141,卖盘
2493,10:36:00,11.64,0.01,26,30264,买盘
2494,10:35:54,11.63,0.01,1828,2125964,买盘
2495,10:35:51,11.62,0.01,10,11620,买盘
2496,10:35:48,11.61,--,38,44419,卖盘
2497,10:35:45,11.61,-0.01,84,98011,卖盘
2498,10:35:42,11.62,--,26,30211,卖盘
2499,10:35:33,11.62,-0.01,3,3485,卖盘
2500,10:35:30,11.63,0.01,2,2326,买盘
2501,10:35:24,11.62,--,7,8133,卖盘
2502,10:35:18,11.62,0.01,8,9296,中性盘
2503,10:35:12,11.61,-0.01,18,20898,卖盘
2504,10:35:09,11.62,--,29,33698,卖盘
2505,10:35:03,11.62,-0.01,31,36022,卖盘
2506,10:35:00,11.63,0.01,150,174450,买盘
2507,10:34:57,11.62,--,50,58099,卖盘
2508,10:34:48,11.62,-0.01,54,63561,卖盘
2509,10:34:45,11.63,0.01,35,40705,买盘
2510,10:34:42,11.62,--,91,106880,卖盘
2511,10:34:39,11.62,-0.01,110,127819,卖盘
2512,10:34:36,11.63,0.01,28,32564,买盘
2513,10:34:33,11.62,--,5,5810,卖盘
2514,10:34:30,11.62,0.01,835,970316,买盘
2515,10:34:27,11.61,--,8,9288,卖盘
2516,10:34:24,11.61,--,11,12771,卖盘
2517,10:34:21,11.61,-0.01,3,3483,卖盘
2518,10:34:03,11.62,--,10,11620,买盘
2519,10:34:00,11.62,--,39,45318,买盘
2520,10:33:57,11.62,0.01,28,32535,买盘
2521,10:33:54,11.61,--,3,3483,卖盘
2522,10:33:51,11.61,--,50,58050,卖盘
2523,10:33:45,11.61,-0.01,38,44826,卖盘
2524,10:33:42,11.62,0.01,30,34860,买盘
2525,10:33:39,11.61,-0.01,118,137079,卖盘
2526,10:33:36,11.62,0.01,10,11620,买盘
2527,10:33:33,11.61,-0.01,28,32508,卖盘
2528,10:33:27,11.62,0.01,101,117361,买盘
2529,10:33:21,11.61,-0.01,6,6966,卖盘
2530,10:33:18,11.62,--,1,1162,买盘
2531,10:33:15,11.62,0.01,47,54613,买盘
2532,10:33:12,11.61,-0.01,9,10449,卖盘
2533,10:33:09,11.62,--,28,32535,买盘
2534,10:33:03,11.62,--,484,562408,买盘
2535,10:33:00,11.62,0.01,42,48804,买盘
2536,10:32:57,11.61,--,5,5805,卖盘
2537,10:32:48,11.61,--,116,134676,卖盘
2538,10:32:42,11.61,--,32,37210,卖盘
2539,10:32:39,11.61,--,90,105221,卖盘
2540,10:32:33,11.61,--,51,59211,卖盘
2541,10:32:30,11.61,-0.01,53,61533,卖盘
2542,10:32:27,11.62,0.01,10,11620,买盘
2543,10:32:24,11.61,-0.01,21,24381,卖盘
2544,10:32:18,11.62,0.02,1,1162,买盘
2545,10:32:12,11.6,-0.01,8,9280,卖盘
2546,10:32:09,11.61,0.01,63,73143,买盘
2547,10:32:06,11.6,-0.01,23,26680,卖盘
2548,10:32:00,11.61,-0.01,36,41796,中性盘
2549,10:31:54,11.62,--,68,79759,买盘
2550,10:31:51,11.62,0.01,87,101094,买盘
2551,10:31:48,11.61,--,5,5805,卖盘
2552,10:31:45,11.61,--,62,71982,卖盘
2553,10:31:42,11.61,--,39,45859,卖盘
2554,10:31:39,11.61,--,93,108181,卖盘
2555,10:31:36,11.61,--,8,9288,卖盘
2556,10:31:33,11.61,-0.01,27,31347,卖盘
2557,10:31:30,11.62,--,64,74368,买盘
2558,10:31:27,11.62,--,1,1162,买盘
2559,10:31:24,11.62,--,8,9296,买盘
2560,10:31:21,11.62,--,19,22078,买盘
2561,10:31:12,11.62,--,38,44156,买盘
2562,10:31:09,11.62,0.01,45,52290,买盘
2563,10:31:06,11.61,-0.01,38,44118,卖盘
2564,10:31:03,11.62,--,43,49966,买盘
2565,10:31:00,11.62,0.01,41,47642,买盘
2566,10:30:54,11.61,--,2,2322,卖盘
2567,10:30:51,11.61,--,1,1161,卖盘
2568,10:30:48,11.61,--,17,19737,卖盘
2569,10:30:45,11.61,--,9,10449,卖盘
2570,10:30:42,11.61,-0.01,40,47264,卖盘
2571,10:30:36,11.62,--,244,284655,买盘
2572,10:30:33,11.62,--,159,185129,卖盘
2573,10:30:30,11.62,--,68,79016,卖盘
2574,10:30:27,11.62,--,16,18592,卖盘
2575,10:30:24,11.62,--,8,9296,卖盘
2576,10:30:21,11.62,-0.01,24,27887,卖盘
2577,10:30:18,11.63,--,76,88388,买盘
2578,10:30:15,11.63,0.01,1,1163,买盘
2579,10:30:09,11.62,-0.01,12,13943,卖盘
2580,10:30:06,11.63,--,39,45357,买盘
2581,10:30:03,11.63,--,20,23260,买盘
2582,10:30:00,11.63,0.01,571,664073,买盘
2583,10:29:57,11.62,--,53,61585,卖盘
2584,10:29:54,11.62,-0.01,20,23240,卖盘
2585,10:29:48,11.63,0.01,1,1163,买盘
2586,10:29:45,11.62,--,301,349762,卖盘
2587,10:29:42,11.62,--,36,41832,卖盘
2588,10:29:39,11.62,--,35,41285,卖盘
2589,10:29:36,11.62,--,92,107078,卖盘
2590,10:29:33,11.62,--,78,90636,买盘
2591,10:29:30,11.62,0.01,10,11620,买盘
2592,10:29:27,11.61,--,9,10449,卖盘
2593,10:29:24,11.61,--,52,60372,卖盘
2594,10:29:21,11.61,--,25,29025,卖盘
2595,10:29:12,11.61,-0.01,5,5805,卖盘
2596,10:29:09,11.62,0.01,81,94122,买盘
2597,10:29:06,11.61,-0.01,15,17415,卖盘
2598,10:29:03,11.62,--,36,41832,买盘
2599,10:29:00,11.62,0.01,52,60423,买盘
2600,10:28:57,11.61,-0.01,3,3483,卖盘
2601,10:28:51,11.62,0.01,33,38346,买盘
2602,10:28:45,11.61,--,100,116100,卖盘
2603,10:28:42,11.61,--,18,20898,卖盘
2604,10:28:36,11.61,--,46,53475,卖盘
2605,10:28:33,11.61,-0.01,76,88955,卖盘
2606,10:28:27,11.62,0.01,93,108066,买盘
2607,10:28:24,11.61,--,1,1161,卖盘
2608,10:28:21,11.61,-0.01,1,1161,卖盘
2609,10:28:18,11.62,0.01,31,36022,买盘
2610,10:28:12,11.61,--,17,19737,卖盘
2611,10:28:09,11.61,--,12,13932,卖盘
2612,10:28:03,11.61,-0.01,18,20898,卖盘
2613,10:28:00,11.62,--,22,25564,买盘
2614,10:27:51,11.62,--,26,30211,买盘
2615,10:27:48,11.62,0.01,81,94122,买盘
2616,10:27:45,11.61,--,8,9288,卖盘
2617,10:27:42,11.61,--,7,8127,卖盘
2618,10:27:39,11.61,--,6,6966,卖盘
2619,10:27:36,11.61,--,35,41203,卖盘
2620,10:27:33,11.61,-0.01,79,91939,卖盘
2621,10:27:30,11.62,-0.01,29,33698,买盘
2622,10:27:27,11.63,--,14,16282,买盘
2623,10:27:24,11.63,0.01,1,1163,买盘
2624,10:27:21,11.62,--,8,9296,卖盘
2625,10:27:18,11.62,--,9,10458,卖盘
2626,10:27:12,11.62,--,52,60423,卖盘
2627,10:27:09,11.62,--,76,88312,卖盘
2628,10:27:06,11.62,--,30,34860,卖盘
2629,10:27:03,11.62,--,7,8133,卖盘
2630,10:27:00,11.62,--,73,84826,买盘
2631,10:26:57,11.62,0.01,75,87150,买盘
2632,10:26:48,11.61,-0.01,15,17415,卖盘
2633,10:26:45,11.62,0.01,30,34860,中性盘
2634,10:26:39,11.61,-0.02,69,80109,卖盘
2635,10:26:33,11.63,0.01,95,110717,买盘
2636,10:26:30,11.62,--,97,113271,卖盘
2637,10:26:27,11.62,--,66,76692,卖盘
2638,10:26:24,11.62,--,216,250991,卖盘
2639,10:26:21,11.62,--,28,32535,卖盘
2640,10:26:15,11.62,--,15,17430,卖盘
2641,10:26:09,11.62,--,167,194054,卖盘
2642,10:26:06,11.62,--,20,23240,卖盘
2643,10:26:03,11.62,-0.02,3,3485,中性盘
2644,10:26:00,11.64,0.01,1257,1463148,买盘
2645,10:25:57,11.63,0.03,1159,1347917,买盘
2646,10:25:54,11.6,--,65,75400,卖盘
2647,10:25:51,11.6,--,11,12760,卖盘
2648,10:25:45,11.6,--,55,63800,卖盘
2649,10:25:42,11.6,-0.01,9,10440,卖盘
2650,10:25:39,11.61,0.01,18,20898,中性盘
2651,10:25:36,11.6,--,2,2320,卖盘
2652,10:25:33,11.6,--,139,161588,卖盘
2653,10:25:30,11.6,-0.02,79,92080,卖盘
2654,10:25:27,11.62,0.01,7,8133,买盘
2655,10:25:24,11.61,--,335,388935,卖盘
2656,10:25:21,11.61,--,58,67338,卖盘
2657,10:25:18,11.61,-0.01,9,10449,卖盘
2658,10:25:15,11.62,--,7,8133,卖盘
2659,10:25:12,11.62,--,111,129772,买盘
2660,10:25:09,11.62,--,10,11620,买盘
2661,10:25:03,11.62,-0.01,270,314111,卖盘
2662,10:25:00,11.63,0.01,32,37216,买盘
2663,10:24:57,11.62,--,6,6971,卖盘
2664,10:24:54,11.62,--,76,88312,卖盘
2665,10:24:51,11.62,-0.01,72,83664,卖盘
2666,10:24:48,11.63,0.01,36,41868,买盘
2667,10:24:45,11.62,--,3,3485,卖盘
2668,10:24:42,11.62,--,22,25564,卖盘
2669,10:24:39,11.62,--,53,61585,卖盘
2670,10:24:33,11.62,--,43,50825,卖盘
2671,10:24:30,11.62,--,77,90566,卖盘
2672,10:24:27,11.62,--,3,3485,卖盘
2673,10:24:24,11.62,--,67,77854,卖盘
2674,10:24:21,11.62,--,20,23240,卖盘
2675,10:24:15,11.62,--,8,9296,卖盘
2676,10:24:12,11.62,--,33,38346,卖盘
2677,10:24:09,11.62,-0.01,112,130143,卖盘
2678,10:24:00,11.63,0.01,43,50009,买盘
2679,10:23:57,11.62,--,2,2324,卖盘
2680,10:23:54,11.62,--,91,105742,卖盘
2681,10:23:51,11.62,-0.01,10,11620,卖盘
2682,10:23:48,11.63,0.01,2,2326,买盘
2683,10:23:45,11.62,-0.01,18,20916,中性盘
2684,10:23:39,11.63,0.01,37,43031,买盘
2685,10:23:36,11.62,-0.01,13,15105,中性盘
2686,10:23:33,11.63,0.02,65,75595,买盘
2687,10:23:30,11.61,-0.01,24,27864,卖盘
2688,10:23:27,11.62,0.01,4,4648,买盘
2689,10:23:24,11.61,--,25,29025,卖盘
2690,10:23:18,11.61,-0.01,15,17415,卖盘
2691,10:23:15,11.62,--,20,23240,买盘
2692,10:23:12,11.62,0.01,10,11620,买盘
2693,10:23:06,11.61,-0.02,33,38313,卖盘
2694,10:23:03,11.63,0.01,32,37216,买盘
2695,10:23:00,11.62,--,20,23240,买盘
2696,10:22:57,11.62,-0.01,34,39508,卖盘
2697,10:22:54,11.63,--,5,5815,买盘
2698,10:22:51,11.63,--,206,239578,买盘
2699,10:22:48,11.63,0.01,39,45357,买盘
2700,10:22:42,11.62,--,34,39508,卖盘
2701,10:22:39,11.62,-0.01,4,4648,卖盘
2702,10:22:33,11.63,0.01,14,16282,买盘
2703,10:22:30,11.62,-0.01,52,60423,卖盘
2704,10:22:27,11.63,--,2,2326,买盘
2705,10:22:24,11.63,--,84,97692,买盘
2706,10:22:21,11.63,--,53,61639,买盘
2707,10:22:18,11.63,0.01,165,191895,买盘
2708,10:22:15,11.62,--,20,23240,卖盘
2709,10:22:09,11.62,-0.01,20,23240,卖盘
2710,10:22:06,11.63,--,2,2326,买盘
2711,10:22:03,11.63,--,50,58150,买盘
2712,10:22:00,11.63,0.01,44,51172,买盘
2713,10:21:57,11.62,--,19,22078,卖盘
2714,10:21:54,11.62,--,20,23240,卖盘
2715,10:21:51,11.62,-0.01,18,20916,卖盘
2716,10:21:48,11.63,--,7,8141,买盘
2717,10:21:45,11.63,--,43,50009,买盘
2718,10:21:42,11.63,0.01,48,55824,买盘
2719,10:21:39,11.62,--,34,39508,卖盘
2720,10:21:36,11.62,--,2,2324,卖盘
2721,10:21:33,11.62,--,8,9296,卖盘
2722,10:21:27,11.62,-0.01,71,82502,卖盘
2723,10:21:24,11.63,--,4,4652,卖盘
2724,10:21:21,11.63,--,95,110485,卖盘
2725,10:21:18,11.63,--,13,15119,卖盘
2726,10:21:15,11.63,--,71,82573,卖盘
2727,10:21:12,11.63,--,6,6978,卖盘
2728,10:21:09,11.63,-0.01,18,20934,卖盘
2729,10:21:06,11.64,--,61,71004,买盘
2730,10:21:03,11.64,--,41,47724,买盘
2731,10:21:00,11.64,--,56,65184,买盘
2732,10:20:57,11.64,0.01,20,23280,买盘
2733,10:20:54,11.63,-0.01,17,19771,卖盘
2734,10:20:48,11.64,0.01,5,5820,中性盘
2735,10:20:42,11.63,-0.01,178,207014,卖盘
2736,10:20:39,11.64,--,37,43068,卖盘
2737,10:20:36,11.64,--,13,15132,卖盘
2738,10:20:33,11.64,--,573,666972,卖盘
2739,10:20:30,11.64,--,24,27936,卖盘
2740,10:20:27,11.64,--,43,50052,卖盘
2741,10:20:24,11.64,--,11,12804,卖盘
2742,10:20:21,11.64,-0.01,25,29100,卖盘
2743,10:20:18,11.65,0.01,95,110675,买盘
2744,10:20:15,11.64,--,10,11640,卖盘
2745,10:20:12,11.64,--,10,11640,卖盘
2746,10:20:09,11.64,-0.01,3,3492,卖盘
2747,10:20:06,11.65,0.01,26,30290,买盘
2748,10:20:03,11.64,-0.01,30,34920,卖盘
2749,10:20:00,11.65,--,38,44270,买盘
2750,10:19:57,11.65,--,53,61745,买盘
2751,10:19:54,11.65,--,48,55920,买盘
2752,10:19:51,11.65,--,35,40775,买盘
2753,10:19:48,11.65,0.01,231,269115,买盘
2754,10:19:45,11.64,-0.01,22,25608,卖盘
2755,10:19:42,11.65,--,12,13980,买盘
2756,10:19:39,11.65,--,1171,1364215,卖盘
2757,10:19:36,11.65,--,20,23300,卖盘
2758,10:19:33,11.65,-0.01,238,277270,卖盘
2759,10:19:30,11.66,0.01,163,190058,买盘
2760,10:19:27,11.65,--,3,3495,卖盘
2761,10:19:24,11.65,--,96,111840,卖盘
2762,10:19:18,11.65,--,115,133975,卖盘
2763,10:19:15,11.65,-0.01,120,139800,卖盘
2764,10:19:12,11.66,0.01,10,11660,买盘
2765,10:19:06,11.65,--,10,11650,卖盘
2766,10:19:03,11.65,-0.01,30,34950,卖盘
2767,10:19:00,11.66,0.01,461,537526,买盘
2768,10:18:57,11.65,--,325,378625,卖盘
2769,10:18:54,11.65,--,98,114170,买盘
2770,10:18:51,11.65,--,27,31455,买盘
2771,10:18:48,11.65,--,5,5825,买盘
2772,10:18:45,11.65,0.01,22,25630,买盘
2773,10:18:42,11.64,-0.01,43,50052,卖盘
2774,10:18:39,11.65,--,425,495125,买盘
2775,10:18:36,11.65,0.01,19,22135,买盘
2776,10:18:33,11.64,-0.01,109,126876,卖盘
2777,10:18:30,11.65,--,55,64075,买盘
2778,10:18:27,11.65,0.01,2520,2935800,买盘
2779,10:18:24,11.64,-0.02,228,265392,卖盘
2780,10:18:21,11.66,0.01,444,517704,买盘
2781,10:18:18,11.65,-0.01,638,743270,卖盘
2782,10:18:15,11.66,--,313,364958,买盘
2783,10:18:12,11.66,--,61,71126,买盘
2784,10:18:09,11.66,0.01,134,156244,买盘
2785,10:18:06,11.65,--,90,104850,卖盘
2786,10:18:03,11.65,-0.01,74,86210,卖盘
2787,10:18:00,11.66,0.01,363,423258,买盘
2788,10:17:57,11.65,--,281,327365,卖盘
2789,10:17:54,11.65,0.01,4009,4670485,买盘
2790,10:17:51,11.64,0.01,684,796176,买盘
2791,10:17:48,11.63,-0.01,185,215155,卖盘
2792,10:17:45,11.64,0.01,41,47724,买盘
2793,10:17:42,11.63,--,23,26749,卖盘
2794,10:17:36,11.63,-0.01,65,75595,卖盘
2795,10:17:33,11.64,--,467,543588,买盘
2796,10:17:30,11.64,0.01,63,73332,买盘
2797,10:17:27,11.63,-0.01,15,17445,卖盘
2798,10:17:24,11.64,0.01,63,73332,买盘
2799,10:17:21,11.63,--,36,41868,卖盘
2800,10:17:18,11.63,-0.01,72,83736,卖盘
2801,10:17:15,11.64,0.01,18,20952,买盘
2802,10:17:12,11.63,--,22,25586,卖盘
2803,10:17:09,11.63,--,75,87225,卖盘
2804,10:17:06,11.63,--,42,48846,卖盘
2805,10:17:03,11.63,-0.01,183,212829,卖盘
2806,10:17:00,11.64,0.01,32,37248,买盘
2807,10:16:57,11.63,-0.01,65,75595,卖盘
2808,10:16:54,11.64,0.01,38,44232,买盘
2809,10:16:51,11.63,--,18,20934,卖盘
2810,10:16:48,11.63,-0.01,62,72106,卖盘
