,time,price,change,volume,amount,type
0,15:00:03,8.6,--,13975,12018500,买盘
1,14:57:00,8.6,0.01,226,194360,买盘
2,14:56:57,8.59,--,70,60130,卖盘
3,14:56:54,8.59,-0.01,401,344459,卖盘
4,14:56:51,8.6,0.01,162,139320,买盘
5,14:56:48,8.59,-0.01,3150,2705850,卖盘
6,14:56:45,8.6,0.01,338,290680,买盘
7,14:56:42,8.59,-0.01,790,678610,卖盘
8,14:56:39,8.6,0.01,172,147920,买盘
9,14:56:36,8.59,-0.01,147,126273,卖盘
10,14:56:33,8.6,--,303,260580,买盘
11,14:56:30,8.6,--,1298,1116280,买盘
12,14:56:27,8.6,0.01,99,85140,买盘
13,14:56:24,8.59,--,184,158056,卖盘
14,14:56:21,8.59,--,210,180664,买盘
15,14:56:18,8.59,--,173,148607,买盘
16,14:56:15,8.59,--,336,288624,买盘
17,14:56:12,8.59,--,134,115106,买盘
18,14:56:09,8.59,--,1888,1622376,卖盘
19,14:56:06,8.59,--,28,24052,卖盘
20,14:56:03,8.59,-0.01,151,129983,卖盘
21,14:56:00,8.6,--,258,221880,买盘
22,14:55:57,8.6,0.01,278,239080,买盘
23,14:55:54,8.59,--,5,4295,卖盘
24,14:55:51,8.59,-0.01,120,103080,卖盘
25,14:55:48,8.6,--,34,29240,买盘
26,14:55:45,8.6,0.01,305,262300,买盘
27,14:55:42,8.59,--,15,12885,卖盘
28,14:55:39,8.59,-0.01,510,438090,买盘
29,14:55:36,8.6,0.01,1155,993300,买盘
30,14:55:33,8.59,-0.01,71,60989,卖盘
31,14:55:30,8.6,--,552,474720,买盘
32,14:55:27,8.6,--,386,331960,买盘
33,14:55:24,8.6,--,51,43860,买盘
34,14:55:21,8.6,0.01,84,72240,买盘
35,14:55:18,8.59,--,599,514541,卖盘
36,14:55:15,8.59,--,50,42950,卖盘
37,14:55:12,8.59,-0.01,218,187262,卖盘
38,14:55:09,8.6,--,390,335400,买盘
39,14:55:06,8.6,0.01,217,186620,买盘
40,14:55:03,8.59,-0.01,252,216468,中性盘
41,14:55:00,8.6,0.01,533,458380,买盘
42,14:54:57,8.59,-0.01,1568,1347427,卖盘
43,14:54:54,8.6,--,90,77400,买盘
44,14:54:51,8.6,--,36,30960,买盘
45,14:54:48,8.6,0.01,163,140180,买盘
46,14:54:45,8.59,-0.01,629,540311,卖盘
47,14:54:42,8.6,0.01,131,112660,买盘
48,14:54:39,8.59,-0.01,136,116824,卖盘
49,14:54:36,8.6,--,232,199864,买盘
50,14:54:33,8.6,--,126,108360,买盘
51,14:54:30,8.6,--,3399,2923415,卖盘
52,14:54:27,8.6,-0.01,314,270040,卖盘
53,14:54:24,8.61,--,189,162729,买盘
54,14:54:21,8.61,--,694,597534,买盘
55,14:54:18,8.61,--,129,111068,买盘
56,14:54:15,8.61,-0.01,1181,1016840,卖盘
57,14:54:12,8.62,0.01,203,174985,买盘
58,14:54:09,8.61,-0.01,123,105903,卖盘
59,14:54:06,8.62,--,63,54305,买盘
60,14:54:03,8.62,--,50,43099,买盘
61,14:54:00,8.62,--,11,9482,买盘
62,14:53:57,8.62,0.01,47,40513,买盘
63,14:53:54,8.61,--,32,27552,买盘
64,14:53:51,8.61,--,751,646611,买盘
65,14:53:48,8.61,-0.01,1437,1237257,卖盘
66,14:53:45,8.62,--,88,75856,买盘
67,14:53:42,8.62,0.01,80,68960,买盘
68,14:53:39,8.61,-0.01,31,26691,卖盘
69,14:53:36,8.62,0.01,58,49995,买盘
70,14:53:33,8.61,--,52,44772,卖盘
71,14:53:30,8.61,0.01,94,80934,卖盘
72,14:53:27,8.6,-0.03,3163,2720180,卖盘
73,14:53:24,8.63,0.01,264,227832,买盘
74,14:53:21,8.62,0.01,2172,1872263,买盘
75,14:53:18,8.61,0.01,67,57686,中性盘
76,14:53:15,8.6,-0.02,570,490200,卖盘
77,14:53:12,8.62,--,83,71546,买盘
78,14:53:09,8.62,0.01,677,583574,买盘
79,14:53:06,8.61,-0.01,891,767839,卖盘
80,14:53:03,8.62,--,93,80166,买盘
81,14:53:00,8.62,--,169,145678,卖盘
82,14:52:57,8.62,-0.01,311,268082,卖盘
83,14:52:54,8.63,0.01,284,245092,买盘
84,14:52:51,8.62,-0.01,245,211189,卖盘
85,14:52:48,8.63,0.01,98,84574,买盘
86,14:52:45,8.62,--,173,149126,卖盘
87,14:52:42,8.62,-0.01,2232,1923983,卖盘
88,14:52:39,8.63,0.01,178,153614,买盘
89,14:52:36,8.62,--,67,57753,卖盘
90,14:52:33,8.62,--,172,148264,卖盘
91,14:52:30,8.62,--,375,323249,卖盘
92,14:52:27,8.62,-0.01,121,104301,卖盘
93,14:52:24,8.63,0.01,61,52643,买盘
94,14:52:21,8.62,--,133,114818,卖盘
95,14:52:18,8.62,--,120,103439,卖盘
96,14:52:15,8.62,--,15,12929,买盘
97,14:52:12,8.62,--,230,198259,买盘
98,14:52:09,8.62,--,37,31893,买盘
99,14:52:06,8.62,--,183,157746,卖盘
100,14:52:03,8.62,-0.01,2119,1826577,卖盘
101,14:52:00,8.63,--,137,118231,买盘
102,14:51:57,8.63,--,97,83711,买盘
103,14:51:54,8.63,--,84,72492,买盘
104,14:51:51,8.63,--,72,62136,买盘
105,14:51:48,8.63,0.01,52,44876,买盘
106,14:51:45,8.62,--,87,74994,卖盘
107,14:51:42,8.62,--,177,152574,卖盘
108,14:51:39,8.62,-0.01,307,264634,卖盘
109,14:51:36,8.63,0.01,145,125135,买盘
110,14:51:33,8.62,--,1022,880963,买盘
111,14:51:30,8.62,--,136,117231,买盘
112,14:51:27,8.62,--,550,474099,买盘
113,14:51:24,8.62,--,96,82751,买盘
114,14:51:21,8.62,0.01,34,29307,买盘
115,14:51:18,8.61,-0.01,356,306516,卖盘
116,14:51:15,8.62,--,146,125851,买盘
117,14:51:09,8.62,0.01,170,146540,买盘
118,14:51:06,8.61,-0.01,254,218694,卖盘
119,14:51:03,8.62,--,189,162917,买盘
120,14:51:00,8.62,--,17,14653,买盘
121,14:50:57,8.62,-0.01,48,41375,卖盘
122,14:50:54,8.63,0.01,321,277023,买盘
123,14:50:51,8.62,0.01,426,367211,中性盘
124,14:50:48,8.61,-0.01,2075,1786574,卖盘
125,14:50:42,8.62,--,19,16377,卖盘
126,14:50:39,8.62,--,311,268082,买盘
127,14:50:36,8.62,--,435,374969,买盘
128,14:50:33,8.62,--,152,131023,买盘
129,14:50:30,8.62,--,97,83613,买盘
130,14:50:27,8.62,--,108,93095,买盘
131,14:50:24,8.62,0.01,115,99129,买盘
132,14:50:21,8.61,-0.01,127,109347,卖盘
133,14:50:18,8.62,--,238,205155,买盘
134,14:50:15,8.62,--,17,14653,买盘
135,14:50:12,8.62,--,706,608572,买盘
136,14:50:09,8.62,0.01,573,493925,买盘
137,14:50:06,8.61,-0.01,289,248828,卖盘
138,14:50:03,8.62,--,22,18964,买盘
139,14:50:00,8.62,0.01,241,207741,买盘
140,14:49:57,8.61,--,251,216111,卖盘
141,14:49:54,8.61,-0.01,2,1722,卖盘
142,14:49:51,8.62,0.01,1641,1414541,买盘
143,14:49:48,8.61,-0.01,43,37023,卖盘
144,14:49:45,8.62,--,127,109473,买盘
145,14:49:42,8.62,--,287,247393,买盘
146,14:49:39,8.62,0.01,116,99991,买盘
147,14:49:36,8.61,--,25,21525,卖盘
148,14:49:33,8.61,--,50,43050,卖盘
149,14:49:30,8.61,--,65,55964,卖盘
150,14:49:27,8.61,-0.01,77,66297,卖盘
151,14:49:24,8.62,--,51,43961,买盘
152,14:49:21,8.62,0.02,62,53443,买盘
153,14:49:18,8.6,-0.01,192,165120,卖盘
154,14:49:15,8.61,-0.01,6,5166,卖盘
155,14:49:12,8.62,--,162,139644,买盘
156,14:49:09,8.62,--,39,33618,卖盘
157,14:49:06,8.62,--,446,384451,买盘
158,14:49:03,8.62,--,48,41375,卖盘
159,14:49:00,8.62,-0.01,106,91371,卖盘
160,14:48:57,8.63,0.01,433,373679,买盘
161,14:48:54,8.62,--,100,86199,卖盘
162,14:48:51,8.62,--,18,15515,卖盘
163,14:48:48,8.62,--,99,85337,卖盘
164,14:48:45,8.62,--,163,140506,卖盘
165,14:48:42,8.62,-0.01,32,27583,卖盘
166,14:48:39,8.63,--,6,5178,买盘
167,14:48:36,8.63,--,59,50917,买盘
168,14:48:33,8.63,0.01,1258,1085654,买盘
169,14:48:30,8.62,--,67,57753,卖盘
170,14:48:27,8.62,-0.01,111,95681,卖盘
171,14:48:24,8.63,0.01,308,265804,买盘
172,14:48:21,8.62,-0.01,13,11205,卖盘
173,14:48:18,8.63,--,283,244229,买盘
174,14:48:15,8.63,--,145,125135,买盘
175,14:48:12,8.63,0.01,25,21575,买盘
176,14:48:09,8.62,-0.01,230,198259,卖盘
177,14:48:06,8.63,--,72,62136,卖盘
178,14:48:03,8.63,0.01,154,132936,买盘
179,14:48:00,8.62,--,35,30169,卖盘
180,14:47:57,8.62,-0.01,130,112059,卖盘
181,14:47:54,8.63,--,45,38835,卖盘
182,14:47:51,8.63,--,15,12945,卖盘
183,14:47:48,8.63,0.01,62,54299,买盘
184,14:47:45,8.62,--,101,87061,卖盘
185,14:47:42,8.62,--,178,153436,卖盘
186,14:47:39,8.62,-0.01,142,122403,卖盘
187,14:47:36,8.63,--,265,228695,买盘
188,14:47:33,8.63,--,677,584251,买盘
189,14:47:30,8.63,--,19,16397,买盘
190,14:47:27,8.63,0.01,121,104423,买盘
191,14:47:24,8.62,-0.01,51,43961,卖盘
192,14:47:21,8.63,0.01,92,79396,买盘
193,14:47:18,8.62,-0.01,118,101715,卖盘
194,14:47:15,8.63,0.01,212,182956,买盘
195,14:47:12,8.62,-0.01,100,86199,卖盘
196,14:47:09,8.63,--,10,8630,买盘
197,14:47:06,8.63,--,40,34520,买盘
198,14:47:03,8.63,--,457,394460,卖盘
199,14:47:00,8.63,-0.01,45,38835,卖盘
200,14:46:57,8.64,0.01,38,32832,买盘
201,14:46:54,8.63,-0.01,35,30205,卖盘
202,14:46:51,8.64,--,278,240192,买盘
203,14:46:48,8.64,--,14,12096,买盘
204,14:46:45,8.64,--,60,51840,买盘
205,14:46:42,8.64,--,888,767232,卖盘
206,14:46:39,8.64,--,250,216000,卖盘
207,14:46:36,8.64,--,109,94176,卖盘
208,14:46:33,8.64,--,31,26784,卖盘
209,14:46:30,8.64,--,112,96768,卖盘
210,14:46:27,8.64,--,69,59616,卖盘
211,14:46:24,8.64,-0.01,44,38016,卖盘
212,14:46:21,8.65,--,756,653940,买盘
213,14:46:18,8.65,--,34,29410,买盘
214,14:46:15,8.65,0.01,156,134940,买盘
215,14:46:12,8.64,-0.01,25,21600,卖盘
216,14:46:09,8.65,--,165,142725,买盘
217,14:46:06,8.65,0.01,410,354650,买盘
218,14:46:03,8.64,-0.01,570,492480,卖盘
219,14:46:00,8.65,--,55,47575,买盘
220,14:45:57,8.65,--,107,92555,买盘
221,14:45:54,8.65,0.01,184,159160,买盘
222,14:45:51,8.64,--,337,291168,卖盘
223,14:45:48,8.64,-0.01,154,133056,卖盘
224,14:45:45,8.65,--,116,100340,买盘
225,14:45:42,8.65,0.01,230,198950,买盘
226,14:45:39,8.64,-0.01,23,19872,卖盘
227,14:45:36,8.65,0.01,21,18165,买盘
228,14:45:33,8.64,--,73,63072,买盘
229,14:45:30,8.64,--,3,2592,买盘
230,14:45:27,8.64,--,34,29376,买盘
231,14:45:24,8.64,0.01,58,50112,卖盘
232,14:45:21,8.63,-0.01,150,129450,卖盘
233,14:45:18,8.64,--,50,43200,卖盘
234,14:45:15,8.64,--,87,75168,买盘
235,14:45:12,8.64,--,76,65664,买盘
236,14:45:09,8.64,0.01,217,187488,买盘
237,14:45:06,8.63,-0.01,351,303361,卖盘
238,14:45:03,8.64,--,476,411264,买盘
239,14:45:00,8.64,0.01,30,25920,买盘
240,14:44:57,8.63,--,36,31413,卖盘
241,14:44:54,8.63,-0.01,12,10356,卖盘
242,14:44:51,8.64,0.01,389,336096,买盘
243,14:44:48,8.63,--,85,73355,卖盘
244,14:44:45,8.63,0.01,188,162675,买盘
245,14:44:42,8.62,--,44,37928,卖盘
246,14:44:39,8.62,0.01,816,703391,中性盘
247,14:44:36,8.61,0.01,132,113651,卖盘
248,14:44:33,8.6,-0.03,187,161164,卖盘
249,14:44:30,8.63,0.01,1064,918232,买盘
250,14:44:27,8.62,0.01,132,113783,买盘
251,14:44:24,8.61,0.01,162,139482,买盘
252,14:44:21,8.6,--,151,129860,卖盘
253,14:44:18,8.6,-0.01,112,96320,卖盘
254,14:44:15,8.61,0.01,465,400365,买盘
255,14:44:12,8.6,--,288,247955,卖盘
256,14:44:09,8.6,--,89,76540,卖盘
257,14:44:06,8.6,-0.01,272,233920,卖盘
258,14:44:03,8.61,--,349,300489,买盘
259,14:44:00,8.61,0.01,168,144648,买盘
260,14:43:57,8.6,--,438,376680,卖盘
261,14:43:54,8.6,--,261,224460,卖盘
262,14:43:51,8.6,--,10,8600,卖盘
263,14:43:48,8.6,--,204,175440,卖盘
264,14:43:45,8.6,--,42,36120,卖盘
265,14:43:42,8.6,--,140,120400,卖盘
266,14:43:39,8.6,-0.01,247,212420,卖盘
267,14:43:36,8.61,0.01,15,12915,买盘
268,14:43:33,8.6,-0.01,309,265740,卖盘
269,14:43:30,8.61,--,372,320292,买盘
270,14:43:27,8.61,0.01,153,131733,买盘
271,14:43:24,8.6,-0.01,164,141040,卖盘
272,14:43:21,8.61,0.01,61,52521,买盘
273,14:43:18,8.6,--,373,320780,买盘
274,14:43:15,8.6,--,135,116100,买盘
275,14:43:12,8.6,-0.01,188,162110,卖盘
276,14:43:09,8.61,--,428,368508,买盘
277,14:43:06,8.61,0.01,301,259591,买盘
278,14:43:03,8.6,0.01,49,42140,买盘
279,14:43:00,8.59,--,117,100503,卖盘
280,14:42:57,8.59,--,29,24911,卖盘
281,14:42:54,8.59,--,643,552543,卖盘
282,14:42:51,8.59,--,191,164069,卖盘
283,14:42:48,8.59,-0.01,85,73015,卖盘
284,14:42:45,8.6,--,233,200380,买盘
285,14:42:42,8.6,0.01,1327,1141220,买盘
286,14:42:39,8.59,--,310,266290,卖盘
287,14:42:36,8.59,--,229,196711,卖盘
288,14:42:33,8.59,-0.01,43,36937,卖盘
289,14:42:30,8.6,0.01,309,265740,买盘
290,14:42:27,8.59,-0.01,510,438090,卖盘
291,14:42:24,8.6,0.01,325,279500,买盘
292,14:42:21,8.59,-0.01,1383,1188426,卖盘
293,14:42:18,8.6,--,120,103200,卖盘
294,14:42:15,8.6,--,65,55900,卖盘
295,14:42:12,8.6,--,917,789050,买盘
296,14:42:09,8.6,0.01,429,368940,买盘
297,14:42:06,8.59,--,167,143453,卖盘
298,14:42:03,8.59,-0.01,265,227635,卖盘
299,14:42:00,8.6,--,2692,2315550,卖盘
300,14:41:57,8.6,--,99,85140,卖盘
301,14:41:54,8.6,--,588,506110,买盘
302,14:41:51,8.6,--,478,411080,买盘
303,14:41:48,8.6,-0.01,2472,2126350,卖盘
304,14:41:45,8.61,--,72,61991,买盘
305,14:41:42,8.61,--,255,219555,买盘
306,14:41:39,8.61,--,139,119678,买盘
307,14:41:36,8.61,--,88,75768,买盘
308,14:41:33,8.61,-0.02,1093,941072,卖盘
309,14:41:30,8.63,0.02,657,566991,买盘
310,14:41:27,8.61,-0.01,144,123983,卖盘
311,14:41:24,8.62,0.01,70,60339,买盘
312,14:41:21,8.61,--,648,557928,买盘
313,14:41:18,8.61,0.01,107,92127,买盘
314,14:41:15,8.6,-0.01,72,61920,卖盘
315,14:41:12,8.61,0.01,300,258299,买盘
316,14:41:09,8.6,--,664,571470,买盘
317,14:41:06,8.6,--,69,59340,买盘
318,14:41:03,8.6,--,353,303580,买盘
319,14:41:00,8.6,--,615,528900,买盘
320,14:40:57,8.6,--,87,74820,买盘
321,14:40:54,8.6,0.01,142,122120,买盘
322,14:40:51,8.59,--,154,132286,卖盘
323,14:40:48,8.59,-0.01,153,131427,卖盘
324,14:40:45,8.6,0.01,132,113520,买盘
325,14:40:42,8.59,-0.01,114,97926,卖盘
326,14:40:39,8.6,0.01,228,196080,买盘
327,14:40:36,8.59,-0.01,864,742176,卖盘
328,14:40:33,8.6,--,437,375820,买盘
329,14:40:30,8.6,--,677,582220,买盘
330,14:40:27,8.6,0.01,214,184040,买盘
331,14:40:24,8.59,--,467,401153,卖盘
332,14:40:21,8.59,--,500,429500,卖盘
333,14:40:18,8.59,--,342,293778,卖盘
334,14:40:15,8.59,--,288,247392,卖盘
335,14:40:12,8.59,--,217,186403,卖盘
336,14:40:09,8.59,--,4,3436,卖盘
337,14:40:06,8.59,--,119,102221,卖盘
338,14:40:03,8.59,--,200,171800,买盘
339,14:40:00,8.59,0.01,415,356485,买盘
340,14:39:57,8.58,--,636,545688,卖盘
341,14:39:54,8.58,-0.02,556,477048,卖盘
342,14:39:51,8.6,0.01,123,105780,买盘
343,14:39:48,8.59,--,99,85041,卖盘
344,14:39:45,8.59,0.01,85,73015,买盘
345,14:39:42,8.58,-0.01,161,138138,卖盘
346,14:39:39,8.59,-0.01,78,67002,中性盘
347,14:39:36,8.6,0.02,136,116960,买盘
348,14:39:33,8.58,--,262,224796,卖盘
349,14:39:30,8.58,--,121,103818,卖盘
350,14:39:27,8.58,-0.01,1029,882882,卖盘
351,14:39:24,8.59,--,44,37796,买盘
352,14:39:21,8.59,--,272,233648,买盘
353,14:39:18,8.59,-0.01,467,401153,卖盘
354,14:39:15,8.6,0.01,349,300140,买盘
355,14:39:12,8.59,--,360,309240,卖盘
356,14:39:09,8.59,--,195,167505,卖盘
357,14:39:06,8.59,--,434,372806,卖盘
358,14:39:03,8.59,--,1144,982696,卖盘
359,14:39:00,8.59,--,4,3436,卖盘
360,14:38:57,8.59,-0.01,59,50681,卖盘
361,14:38:54,8.6,--,1038,892680,卖盘
362,14:38:51,8.6,--,247,212420,卖盘
363,14:38:48,8.6,--,198,170280,卖盘
364,14:38:45,8.6,--,1257,1081020,卖盘
365,14:38:42,8.6,-0.01,282,242520,卖盘
366,14:38:39,8.61,0.01,730,628530,买盘
367,14:38:36,8.6,-0.01,136,116960,卖盘
368,14:38:33,8.61,--,1042,897161,买盘
369,14:38:30,8.61,--,1255,1080555,卖盘
370,14:38:27,8.61,-0.01,101,86961,卖盘
371,14:38:24,8.62,--,69,59477,买盘
372,14:38:21,8.62,-0.01,373,321525,卖盘
373,14:38:18,8.63,--,51,44013,买盘
374,14:38:15,8.63,0.01,350,302050,买盘
375,14:38:12,8.62,--,9,7757,卖盘
376,14:38:09,8.62,--,310,267220,卖盘
377,14:38:06,8.62,-0.02,589,507717,卖盘
378,14:38:03,8.64,--,146,126144,卖盘
379,14:38:00,8.64,--,308,266112,卖盘
380,14:37:54,8.64,-0.01,340,293760,卖盘
381,14:37:51,8.65,-0.01,1576,1363240,卖盘
382,14:37:48,8.66,--,11,9526,买盘
383,14:37:45,8.66,--,2020,1749320,卖盘
384,14:37:42,8.66,--,284,245944,卖盘
385,14:37:39,8.66,--,101,87466,卖盘
386,14:37:36,8.66,--,157,135962,卖盘
387,14:37:33,8.66,--,275,238150,卖盘
388,14:37:30,8.66,-0.01,1167,1010622,卖盘
389,14:37:27,8.67,--,114,98838,买盘
390,14:37:24,8.67,0.01,42,36414,买盘
391,14:37:21,8.66,--,80,69280,卖盘
392,14:37:18,8.66,-0.01,150,129900,卖盘
393,14:37:15,8.67,0.01,97,84099,买盘
394,14:37:12,8.66,--,392,339472,卖盘
395,14:37:09,8.66,--,153,132498,卖盘
396,14:37:06,8.66,--,7,6062,卖盘
397,14:37:03,8.66,-0.01,924,800184,卖盘
398,14:37:00,8.67,0.01,32,27744,买盘
399,14:36:57,8.66,-0.01,1,866,卖盘
400,14:36:54,8.67,0.01,226,195942,买盘
401,14:36:51,8.66,--,117,101322,卖盘
402,14:36:48,8.66,-0.01,114,98724,卖盘
403,14:36:45,8.67,0.01,114,98838,中性盘
404,14:36:42,8.66,--,152,131632,卖盘
405,14:36:39,8.66,--,815,705790,卖盘
406,14:36:36,8.66,--,86,74476,卖盘
407,14:36:33,8.66,-0.01,71,61486,卖盘
408,14:36:30,8.67,--,336,291312,买盘
409,14:36:27,8.67,0.01,75,65025,买盘
410,14:36:24,8.66,-0.01,418,361988,卖盘
411,14:36:21,8.67,--,62,53754,买盘
412,14:36:18,8.67,-0.01,2,1734,买盘
413,14:36:15,8.68,0.01,495,429833,买盘
414,14:36:12,8.67,-0.01,151,130917,卖盘
415,14:36:09,8.68,--,2,1736,买盘
416,14:36:06,8.68,--,253,219604,买盘
417,14:36:03,8.68,--,394,341992,买盘
418,14:36:00,8.68,--,572,496496,买盘
419,14:35:57,8.68,0.01,326,282968,买盘
420,14:35:54,8.67,--,39,33813,卖盘
421,14:35:51,8.67,--,190,164730,卖盘
422,14:35:48,8.67,--,12,10404,卖盘
423,14:35:45,8.67,--,97,84099,卖盘
424,14:35:42,8.67,--,113,97971,卖盘
425,14:35:39,8.67,-0.01,36,31212,卖盘
426,14:35:36,8.68,--,170,147560,买盘
427,14:35:33,8.68,0.01,153,132804,买盘
428,14:35:30,8.67,-0.01,17,14739,卖盘
429,14:35:27,8.68,--,163,141484,买盘
430,14:35:24,8.68,--,88,76384,买盘
431,14:35:21,8.68,0.01,55,47740,买盘
432,14:35:18,8.67,--,197,171492,卖盘
433,14:35:15,8.67,--,281,243627,卖盘
434,14:35:12,8.67,-0.01,257,222819,卖盘
435,14:35:09,8.68,0.01,178,154504,买盘
436,14:35:06,8.67,-0.01,152,131784,卖盘
437,14:35:03,8.68,--,114,98952,买盘
438,14:35:00,8.68,--,51,44268,买盘
439,14:34:57,8.68,0.01,128,111104,买盘
440,14:34:54,8.67,--,94,81498,卖盘
441,14:34:51,8.67,-0.01,2,1734,卖盘
442,14:34:48,8.68,0.01,281,243908,买盘
443,14:34:45,8.67,--,78,67626,卖盘
444,14:34:42,8.67,-0.01,15,13005,卖盘
445,14:34:39,8.68,--,401,348068,买盘
446,14:34:36,8.68,0.01,13,11284,买盘
447,14:34:33,8.67,--,150,130050,卖盘
448,14:34:30,8.67,-0.01,158,136986,卖盘
449,14:34:27,8.68,0.01,12,10416,买盘
450,14:34:24,8.67,--,325,281775,卖盘
451,14:34:21,8.67,-0.01,7,6069,卖盘
452,14:34:18,8.68,0.01,552,479136,买盘
453,14:34:15,8.67,-0.01,193,167331,卖盘
454,14:34:12,8.68,0.01,161,139748,买盘
455,14:34:09,8.67,--,102,88434,买盘
456,14:34:06,8.67,--,238,206346,买盘
457,14:34:03,8.67,-0.01,804,697328,卖盘
458,14:34:00,8.68,0.01,118,102424,买盘
459,14:33:57,8.67,-0.01,34,29478,卖盘
460,14:33:54,8.68,0.01,209,181412,买盘
461,14:33:51,8.67,--,102,88434,卖盘
462,14:33:48,8.67,--,17,14739,卖盘
463,14:33:45,8.67,--,22,19074,卖盘
464,14:33:42,8.67,--,96,83232,卖盘
465,14:33:39,8.67,-0.01,371,321657,卖盘
466,14:33:36,8.68,--,265,230020,买盘
467,14:33:33,8.68,--,520,451360,买盘
468,14:33:30,8.68,--,470,407960,买盘
469,14:33:27,8.68,--,112,97216,买盘
470,14:33:24,8.68,--,242,210056,买盘
471,14:33:21,8.68,--,167,144956,买盘
472,14:33:18,8.68,--,17,14756,买盘
473,14:33:15,8.68,--,61,52948,买盘
474,14:33:12,8.68,--,701,608468,买盘
475,14:33:09,8.68,0.01,251,217868,买盘
476,14:33:06,8.67,--,5,4335,卖盘
477,14:33:03,8.67,-0.01,139,120513,卖盘
478,14:33:00,8.68,0.01,64,55552,买盘
479,14:32:57,8.67,--,136,117912,卖盘
480,14:32:54,8.67,-0.01,50,43350,卖盘
481,14:32:51,8.68,0.01,241,209188,买盘
482,14:32:48,8.67,--,180,156060,卖盘
483,14:32:45,8.67,-0.01,43,37281,卖盘
484,14:32:42,8.68,--,1,868,买盘
485,14:32:39,8.68,--,139,120652,买盘
486,14:32:36,8.68,0.01,145,125860,买盘
487,14:32:33,8.67,-0.01,121,104907,卖盘
488,14:32:30,8.68,0.01,130,112840,买盘
489,14:32:27,8.67,--,34,29478,卖盘
490,14:32:24,8.67,--,107,92769,卖盘
491,14:32:21,8.67,-0.01,152,131784,卖盘
492,14:32:18,8.68,0.01,247,214396,买盘
493,14:32:15,8.67,--,128,110976,卖盘
494,14:32:12,8.67,-0.01,110,95370,卖盘
495,14:32:09,8.68,0.01,233,202244,买盘
496,14:32:06,8.67,--,201,174267,卖盘
497,14:32:03,8.67,-0.01,421,365007,卖盘
498,14:32:00,8.68,--,455,394940,买盘
499,14:31:57,8.68,--,58,50344,买盘
500,14:31:54,8.68,0.01,20,17360,买盘
501,14:31:51,8.67,--,166,143922,卖盘
502,14:31:48,8.67,-0.01,99,85833,卖盘
503,14:31:45,8.68,--,477,414036,买盘
504,14:31:42,8.68,--,73,63364,买盘
505,14:31:39,8.68,0.01,172,149296,买盘
506,14:31:36,8.67,-0.01,18,15606,卖盘
507,14:31:33,8.68,--,16,13888,买盘
508,14:31:30,8.68,--,790,685720,买盘
509,14:31:27,8.68,--,81,70308,买盘
510,14:31:24,8.68,--,56,48608,买盘
511,14:31:21,8.68,0.01,56,48608,买盘
512,14:31:18,8.67,--,80,69360,卖盘
513,14:31:15,8.67,--,174,150858,卖盘
514,14:31:12,8.67,--,70,60690,卖盘
515,14:31:09,8.67,-0.01,23,19941,卖盘
516,14:31:06,8.68,0.01,191,165788,买盘
517,14:31:03,8.67,-0.01,94,81498,卖盘
518,14:31:00,8.68,--,249,216132,买盘
519,14:30:57,8.68,0.01,50,43400,买盘
520,14:30:54,8.67,--,101,87567,卖盘
521,14:30:51,8.67,--,88,76296,卖盘
522,14:30:48,8.67,--,159,137853,卖盘
523,14:30:45,8.67,--,4,3468,卖盘
524,14:30:42,8.67,-0.01,51,44217,卖盘
525,14:30:39,8.68,0.01,54,46872,买盘
526,14:30:36,8.67,--,9,7803,卖盘
527,14:30:33,8.67,--,377,326859,卖盘
528,14:30:30,8.67,--,127,110109,卖盘
529,14:30:27,8.67,--,19,16473,卖盘
530,14:30:24,8.67,-0.01,96,83232,卖盘
531,14:30:21,8.68,0.01,122,105896,买盘
532,14:30:18,8.67,--,103,89301,卖盘
533,14:30:15,8.67,--,361,312987,卖盘
534,14:30:12,8.67,--,13,11271,卖盘
535,14:30:09,8.67,--,76,65892,卖盘
536,14:30:06,8.67,--,186,161262,卖盘
537,14:30:03,8.67,--,43,37281,卖盘
538,14:30:00,8.67,--,217,188745,买盘
539,14:29:57,8.67,--,520,450840,买盘
540,14:29:54,8.67,0.01,9,7803,买盘
541,14:29:51,8.66,-0.01,987,855001,卖盘
542,14:29:48,8.67,-0.01,9,7803,卖盘
543,14:29:45,8.68,--,919,797692,买盘
544,14:29:42,8.68,--,9,7812,买盘
545,14:29:39,8.68,0.01,5,4340,买盘
546,14:29:36,8.67,-0.01,122,105774,卖盘
547,14:29:33,8.68,0.01,96,83328,买盘
548,14:29:30,8.67,--,22,19074,卖盘
549,14:29:27,8.67,0.01,225,195681,买盘
550,14:29:24,8.66,--,143,123838,卖盘
551,14:29:21,8.66,-0.01,34,29444,卖盘
552,14:29:18,8.67,--,477,413559,买盘
553,14:29:15,8.67,-0.01,369,320183,卖盘
554,14:29:12,8.68,0.01,28,24304,买盘
555,14:29:09,8.67,--,237,206085,买盘
556,14:29:06,8.67,--,298,258366,买盘
557,14:29:03,8.67,--,185,160395,买盘
558,14:29:00,8.67,--,340,294780,买盘
559,14:28:57,8.67,--,20,17340,买盘
560,14:28:54,8.67,0.01,37,32079,买盘
561,14:28:51,8.66,-0.01,9,7794,卖盘
562,14:28:48,8.67,--,81,70227,买盘
563,14:28:45,8.67,0.01,25,21675,买盘
564,14:28:42,8.66,--,24,20784,卖盘
565,14:28:39,8.66,-0.01,104,90064,卖盘
566,14:28:33,8.67,0.01,353,306051,买盘
567,14:28:30,8.66,--,168,145488,买盘
568,14:28:27,8.66,--,35,30310,买盘
569,14:28:24,8.66,--,1,866,买盘
570,14:28:21,8.66,--,107,92662,卖盘
571,14:28:18,8.66,-0.01,83,71878,卖盘
572,14:28:15,8.67,0.01,60,52020,买盘
573,14:28:12,8.66,--,130,112580,买盘
574,14:28:09,8.66,0.01,127,109982,买盘
575,14:28:06,8.65,-0.01,273,236145,卖盘
576,14:28:03,8.66,--,70,60620,买盘
577,14:28:00,8.66,--,331,286646,买盘
578,14:27:57,8.66,0.01,356,308296,买盘
579,14:27:54,8.65,-0.01,26,22490,卖盘
580,14:27:51,8.66,--,85,73610,买盘
581,14:27:48,8.66,--,82,71012,买盘
582,14:27:45,8.66,0.01,268,232088,买盘
583,14:27:42,8.65,--,201,173865,卖盘
584,14:27:39,8.65,-0.01,71,61415,卖盘
585,14:27:36,8.66,0.01,108,93528,买盘
586,14:27:33,8.65,--,237,205005,卖盘
587,14:27:30,8.65,--,21,18165,卖盘
588,14:27:27,8.65,--,39,33735,卖盘
589,14:27:24,8.65,--,54,47557,卖盘
590,14:27:21,8.65,-0.01,68,58820,卖盘
591,14:27:18,8.66,--,83,71895,卖盘
592,14:27:15,8.66,--,22,19052,卖盘
593,14:27:12,8.66,0.01,133,116026,买盘
594,14:27:09,8.65,--,91,78715,卖盘
595,14:27:06,8.65,-0.01,33,28545,卖盘
596,14:27:03,8.66,--,674,583684,买盘
597,14:27:00,8.66,0.01,144,124704,买盘
598,14:26:57,8.65,--,10,8650,卖盘
599,14:26:54,8.65,--,67,57955,卖盘
600,14:26:51,8.65,--,37,32005,卖盘
601,14:26:48,8.65,--,53,45845,卖盘
602,14:26:45,8.65,-0.01,44,38060,卖盘
603,14:26:42,8.66,--,14,12124,买盘
604,14:26:39,8.66,0.01,1,866,买盘
605,14:26:36,8.65,-0.01,5,4325,中性盘
606,14:26:33,8.66,--,234,202644,买盘
607,14:26:30,8.66,--,286,247676,买盘
608,14:26:27,8.66,0.01,5,4330,买盘
609,14:26:24,8.65,-0.01,251,217115,卖盘
610,14:26:21,8.66,--,55,47630,买盘
611,14:26:18,8.66,0.01,547,473702,买盘
612,14:26:15,8.65,--,31,26815,卖盘
613,14:26:12,8.65,--,121,104665,卖盘
614,14:26:09,8.65,--,7,6055,卖盘
615,14:26:06,8.65,-0.01,231,199815,卖盘
616,14:26:03,8.66,0.01,110,95260,买盘
617,14:26:00,8.65,-0.01,372,321780,卖盘
618,14:25:57,8.66,--,128,110848,买盘
619,14:25:54,8.66,--,1,866,买盘
620,14:25:51,8.66,--,33,28578,买盘
621,14:25:48,8.66,0.01,18,15588,买盘
622,14:25:45,8.65,--,39,33735,卖盘
623,14:25:42,8.65,-0.01,40,34600,卖盘
624,14:25:39,8.66,0.01,344,298614,买盘
625,14:25:36,8.65,-0.01,55,47575,卖盘
626,14:25:33,8.66,--,10,8660,买盘
627,14:25:30,8.66,0.01,158,136828,买盘
628,14:25:27,8.65,-0.01,88,76120,卖盘
629,14:25:24,8.66,0.01,28,24248,买盘
630,14:25:21,8.65,-0.01,268,231820,卖盘
631,14:25:18,8.66,0.01,63,54558,买盘
632,14:25:15,8.65,-0.01,96,83040,卖盘
633,14:25:12,8.66,--,41,35506,买盘
634,14:25:09,8.66,0.01,97,84002,买盘
635,14:25:06,8.65,--,90,77850,卖盘
636,14:25:03,8.65,--,506,437690,卖盘
637,14:25:00,8.65,-0.01,329,284585,卖盘
638,14:24:57,8.66,0.01,51,44166,买盘
639,14:24:54,8.65,-0.01,180,155700,卖盘
640,14:24:51,8.66,0.01,30,25980,买盘
641,14:24:48,8.65,-0.01,6,5190,卖盘
642,14:24:45,8.66,--,5,4330,买盘
643,14:24:42,8.66,0.01,67,58022,买盘
644,14:24:39,8.65,--,171,147915,卖盘
645,14:24:36,8.65,-0.01,17,14705,卖盘
646,14:24:33,8.66,0.01,140,121240,买盘
647,14:24:30,8.65,--,28,24220,卖盘
648,14:24:27,8.65,-0.01,26,22490,卖盘
649,14:24:24,8.66,--,6,5196,买盘
650,14:24:21,8.66,-0.01,577,499837,卖盘
651,14:24:18,8.67,--,1144,991848,买盘
652,14:24:15,8.67,0.01,61,52887,买盘
653,14:24:12,8.66,-0.01,243,210438,卖盘
654,14:24:09,8.67,0.01,186,161262,买盘
655,14:24:06,8.66,-0.01,140,121240,卖盘
656,14:24:03,8.67,0.01,172,149124,买盘
657,14:24:00,8.66,--,11,9526,卖盘
658,14:23:57,8.66,--,53,45898,卖盘
659,14:23:54,8.66,-0.01,73,63218,卖盘
660,14:23:51,8.67,0.01,17,14739,买盘
661,14:23:48,8.66,--,203,175798,卖盘
662,14:23:45,8.66,-0.01,91,78806,卖盘
663,14:23:42,8.67,0.01,72,62424,买盘
664,14:23:39,8.66,--,96,83136,卖盘
665,14:23:33,8.66,--,89,77074,卖盘
666,14:23:30,8.66,--,68,58888,卖盘
667,14:23:27,8.66,-0.01,30,25980,卖盘
668,14:23:24,8.67,0.01,204,176868,买盘
669,14:23:21,8.66,-0.01,255,220830,卖盘
670,14:23:18,8.67,--,52,45084,买盘
671,14:23:15,8.67,--,131,113577,买盘
672,14:23:12,8.67,0.01,441,382347,买盘
673,14:23:09,8.66,--,61,52826,卖盘
674,14:23:06,8.66,-0.01,186,161076,卖盘
675,14:23:03,8.67,0.01,15,13005,买盘
676,14:23:00,8.66,-0.02,154,133364,卖盘
677,14:22:57,8.68,0.01,58,50344,买盘
678,14:22:54,8.67,--,76,65892,卖盘
679,14:22:51,8.67,-0.01,1215,1053405,卖盘
680,14:22:48,8.68,0.01,40,34720,买盘
681,14:22:45,8.67,--,20,17340,卖盘
682,14:22:42,8.67,-0.01,181,156927,卖盘
683,14:22:39,8.68,0.01,18,15624,买盘
684,14:22:36,8.67,-0.01,33,28611,卖盘
685,14:22:33,8.68,--,29,25172,买盘
686,14:22:30,8.68,0.01,8,6944,买盘
687,14:22:27,8.67,-0.01,147,127449,卖盘
688,14:22:24,8.68,--,101,87668,买盘
689,14:22:21,8.68,0.01,190,164920,买盘
690,14:22:18,8.67,--,336,291312,卖盘
691,14:22:15,8.67,-0.01,70,60690,卖盘
692,14:22:12,8.68,--,97,84196,买盘
693,14:22:09,8.68,0.01,748,649264,买盘
694,14:22:06,8.67,-0.01,343,297381,卖盘
695,14:22:03,8.68,--,255,221340,买盘
696,14:22:00,8.68,--,229,198772,买盘
697,14:21:57,8.68,--,133,115444,买盘
698,14:21:54,8.68,0.01,101,87668,买盘
699,14:21:51,8.67,--,105,91035,卖盘
700,14:21:48,8.67,-0.01,2,1734,卖盘
701,14:21:45,8.68,0.01,2,1736,买盘
702,14:21:42,8.67,--,63,54621,卖盘
703,14:21:39,8.67,--,39,33813,卖盘
704,14:21:36,8.67,--,5,4335,卖盘
705,14:21:33,8.67,--,131,113577,卖盘
706,14:21:30,8.67,--,108,93636,卖盘
707,14:21:27,8.67,-0.01,27,23409,卖盘
708,14:21:24,8.68,--,46,39928,买盘
709,14:21:21,8.68,0.01,46,39928,买盘
710,14:21:18,8.67,--,158,136986,卖盘
711,14:21:15,8.67,-0.01,116,100572,卖盘
712,14:21:12,8.68,0.01,144,124992,买盘
713,14:21:09,8.67,--,93,80631,卖盘
714,14:21:06,8.67,--,41,35547,卖盘
715,14:21:03,8.67,--,30,26010,卖盘
716,14:21:00,8.67,--,72,62424,卖盘
717,14:20:57,8.67,--,109,94503,卖盘
718,14:20:54,8.67,--,127,110109,卖盘
719,14:20:51,8.67,--,11,9537,卖盘
720,14:20:48,8.67,--,5,4335,卖盘
721,14:20:45,8.67,--,177,153459,卖盘
722,14:20:42,8.67,-0.01,40,34680,卖盘
723,14:20:39,8.68,--,139,120652,买盘
724,14:20:36,8.68,0.01,30,26040,买盘
725,14:20:33,8.67,--,63,54621,卖盘
726,14:20:30,8.67,--,201,174267,卖盘
727,14:20:27,8.67,--,23,19941,卖盘
728,14:20:24,8.67,-0.01,94,81498,卖盘
729,14:20:21,8.68,--,129,111972,买盘
730,14:20:18,8.68,--,61,52948,买盘
731,14:20:15,8.68,0.01,284,246512,买盘
732,14:20:12,8.67,--,307,266169,卖盘
733,14:20:09,8.67,--,97,84099,卖盘
734,14:20:06,8.67,-0.01,397,344199,卖盘
735,14:20:03,8.68,--,88,76384,买盘
736,14:20:00,8.68,0.01,17,14756,卖盘
737,14:19:57,8.67,-0.01,781,677127,卖盘
738,14:19:54,8.68,--,543,471324,买盘
739,14:19:51,8.68,--,221,191828,买盘
740,14:19:48,8.68,--,57,49476,买盘
741,14:19:45,8.68,0.01,48,41664,买盘
742,14:19:42,8.67,-0.02,194,168198,卖盘
743,14:19:39,8.69,--,958,832502,买盘
744,14:19:36,8.69,--,219,190311,买盘
745,14:19:33,8.69,--,168,145992,买盘
746,14:19:30,8.69,--,163,141647,买盘
747,14:19:27,8.69,0.01,499,433631,买盘
748,14:19:24,8.68,--,105,91140,卖盘
749,14:19:21,8.68,--,223,193564,卖盘
750,14:19:18,8.68,--,102,88536,卖盘
751,14:19:15,8.68,--,677,587636,买盘
752,14:19:12,8.68,--,127,110236,买盘
753,14:19:09,8.68,--,422,366296,买盘
754,14:19:06,8.68,0.01,465,403620,买盘
755,14:19:03,8.67,-0.01,336,291312,卖盘
756,14:19:00,8.68,--,512,444416,买盘
757,14:18:57,8.68,--,160,138880,买盘
758,14:18:54,8.68,--,70,60760,买盘
759,14:18:51,8.68,--,222,192696,买盘
760,14:18:48,8.68,0.01,12,10416,买盘
761,14:18:45,8.67,--,398,345066,买盘
762,14:18:42,8.67,0.01,765,663255,买盘
763,14:18:36,8.66,-0.01,216,187056,卖盘
764,14:18:33,8.67,0.01,3245,2813415,买盘
765,14:18:30,8.66,--,21,18186,买盘
766,14:18:24,8.66,0.01,31,26846,买盘
767,14:18:21,8.65,--,4165,3602967,买盘
768,14:18:18,8.65,0.01,102,88230,买盘
769,14:18:12,8.64,-0.01,30,25920,卖盘
770,14:18:09,8.65,--,678,586470,买盘
771,14:18:06,8.65,--,257,222305,买盘
772,14:18:03,8.65,0.01,16,13840,买盘
773,14:18:00,8.64,--,746,644544,买盘
774,14:17:57,8.64,--,718,620352,买盘
775,14:17:54,8.64,--,98,84672,买盘
776,14:17:51,8.64,--,24,20736,买盘
777,14:17:48,8.64,--,21,18144,买盘
778,14:17:45,8.64,--,550,475200,买盘
779,14:17:42,8.64,--,104,89856,买盘
780,14:17:39,8.64,--,292,252288,买盘
781,14:17:36,8.64,--,175,151200,买盘
782,14:17:33,8.64,0.01,267,230688,买盘
783,14:17:30,8.63,-0.01,10,8630,卖盘
784,14:17:27,8.64,--,29,25056,买盘
785,14:17:24,8.64,0.01,186,160704,买盘
786,14:17:21,8.63,-0.01,169,145847,卖盘
787,14:17:18,8.64,--,97,84153,买盘
788,14:17:15,8.64,--,63,54432,买盘
789,14:17:12,8.64,--,177,152928,买盘
790,14:17:09,8.64,--,381,329184,买盘
791,14:17:06,8.64,--,248,214272,买盘
792,14:17:03,8.64,--,150,129600,买盘
793,14:17:00,8.64,--,19,16416,买盘
794,14:16:57,8.64,--,24,20736,买盘
795,14:16:54,8.64,--,30,25920,买盘
796,14:16:51,8.64,--,72,62208,买盘
797,14:16:48,8.64,--,16,13824,买盘
798,14:16:45,8.64,--,19,16416,买盘
799,14:16:42,8.64,--,3,2592,买盘
800,14:16:39,8.64,0.01,145,125280,买盘
801,14:16:36,8.63,--,203,175189,卖盘
802,14:16:30,8.63,--,10,8630,卖盘
803,14:16:27,8.63,--,90,78239,买盘
804,14:16:24,8.63,--,147,126861,买盘
805,14:16:21,8.63,--,60,51780,买盘
806,14:16:18,8.63,--,28,24164,买盘
807,14:16:15,8.63,--,79,68177,买盘
808,14:16:12,8.63,--,505,435815,买盘
809,14:16:09,8.63,--,73,62999,买盘
810,14:16:06,8.63,--,210,181230,买盘
811,14:16:03,8.63,0.01,99,85437,买盘
812,14:16:00,8.62,-0.01,2,1723,卖盘
813,14:15:57,8.63,0.01,9,7767,买盘
814,14:15:54,8.62,-0.01,32,27583,卖盘
815,14:15:51,8.63,--,8,6904,买盘
816,14:15:48,8.63,0.01,929,801727,买盘
817,14:15:45,8.62,--,10,8620,卖盘
818,14:15:42,8.62,-0.01,712,613744,卖盘
819,14:15:36,8.63,0.01,301,259763,买盘
820,14:15:33,8.62,-0.01,39,33618,卖盘
821,14:15:27,8.63,0.01,39,33657,买盘
822,14:15:24,8.62,--,4,3447,卖盘
823,14:15:21,8.62,-0.01,33,28445,卖盘
824,14:15:18,8.63,0.01,32,27616,买盘
825,14:15:15,8.62,--,66,56891,卖盘
826,14:15:12,8.62,-0.01,30,25859,卖盘
827,14:15:09,8.63,0.01,17,14671,买盘
828,14:15:06,8.62,-0.01,381,328421,卖盘
829,14:15:03,8.63,--,24,20712,买盘
830,14:15:00,8.63,0.01,116,100108,买盘
831,14:14:57,8.62,--,33,28445,卖盘
832,14:14:54,8.62,-0.01,38,32755,卖盘
833,14:14:51,8.63,0.01,35,30205,买盘
834,14:14:48,8.62,-0.01,38,32755,卖盘
835,14:14:45,8.63,0.01,258,222654,买盘
836,14:14:42,8.62,-0.01,49,42237,卖盘
837,14:14:39,8.63,--,44,37972,买盘
838,14:14:36,8.63,--,108,93204,买盘
839,14:14:33,8.63,--,16,13808,买盘
840,14:14:30,8.63,0.01,265,228695,买盘
841,14:14:27,8.62,-0.01,50,43099,卖盘
842,14:14:24,8.63,--,97,83711,买盘
843,14:14:21,8.63,--,1009,870767,买盘
844,14:14:18,8.63,0.01,87,75081,买盘
845,14:14:15,8.62,--,135,116369,卖盘
846,14:14:12,8.62,--,26,22411,卖盘
847,14:14:09,8.62,--,283,244463,买盘
848,14:14:06,8.62,--,357,307734,买盘
849,14:14:03,8.62,--,390,336179,买盘
850,14:14:00,8.62,--,19,16377,买盘
851,14:13:57,8.62,--,67,57753,买盘
852,14:13:54,8.62,0.01,507,437033,买盘
853,14:13:48,8.61,-0.01,69,59408,卖盘
854,14:13:45,8.62,--,45,38790,买盘
855,14:13:42,8.62,--,324,279288,买盘
856,14:13:39,8.62,0.01,22,18964,买盘
857,14:13:36,8.61,--,100,86100,卖盘
858,14:13:33,8.61,-0.01,3,2583,卖盘
859,14:13:30,8.62,--,121,104301,买盘
860,14:13:27,8.62,--,9,7757,买盘
861,14:13:24,8.62,--,45,38790,买盘
862,14:13:21,8.62,--,54,46547,买盘
863,14:13:18,8.62,0.01,87,74994,买盘
864,14:13:15,8.61,--,50,43050,卖盘
865,14:13:09,8.61,--,15,12915,卖盘
866,14:13:06,8.61,-0.01,391,336651,卖盘
867,14:13:03,8.62,0.01,7,6033,买盘
868,14:13:00,8.61,--,709,610449,卖盘
869,14:12:57,8.61,-0.01,65,55964,卖盘
870,14:12:54,8.62,--,135,116369,买盘
871,14:12:51,8.62,0.01,81,69822,买盘
872,14:12:48,8.61,-0.01,100,86100,卖盘
873,14:12:45,8.62,0.01,407,350833,买盘
874,14:12:42,8.61,--,1,861,卖盘
875,14:12:36,8.61,--,166,142926,卖盘
876,14:12:33,8.61,--,16,13776,卖盘
877,14:12:30,8.61,--,11,9471,卖盘
878,14:12:27,8.61,-0.01,94,80934,卖盘
879,14:12:24,8.62,--,54,46547,买盘
880,14:12:21,8.62,--,45,38790,买盘
881,14:12:18,8.62,--,1,861,买盘
882,14:12:15,8.62,0.01,52,44823,买盘
883,14:12:12,8.61,0.01,27,23247,中性盘
884,14:12:09,8.6,--,29,24940,卖盘
885,14:12:06,8.6,--,136,116960,卖盘
886,14:12:03,8.6,-0.02,8,6880,卖盘
887,14:12:00,8.62,0.01,120,103784,买盘
888,14:11:57,8.61,-0.01,109,93849,卖盘
889,14:11:54,8.62,--,26,22411,买盘
890,14:11:51,8.62,0.01,65,56029,买盘
891,14:11:48,8.61,-0.01,9,8265,卖盘
892,14:11:45,8.62,0.01,30,25859,买盘
893,14:11:42,8.61,-0.01,127,109347,卖盘
894,14:11:39,8.62,--,27,23273,买盘
895,14:11:36,8.62,0.01,58,49995,买盘
896,14:11:33,8.61,--,8,6888,卖盘
897,14:11:30,8.61,-0.01,64,55104,卖盘
898,14:11:27,8.62,0.01,6,5171,买盘
899,14:11:24,8.61,--,2,1722,卖盘
900,14:11:21,8.61,-0.01,1,861,卖盘
901,14:11:18,8.62,--,11,9482,买盘
902,14:11:15,8.62,0.01,123,106025,买盘
903,14:11:12,8.61,-0.01,24,20664,卖盘
904,14:11:09,8.62,0.01,41,35342,买盘
905,14:11:06,8.61,--,174,149814,卖盘
906,14:11:03,8.61,--,45,38745,买盘
907,14:11:00,8.61,--,191,164451,买盘
908,14:10:57,8.61,--,27,23247,买盘
909,14:10:54,8.61,--,200,172200,买盘
910,14:10:51,8.61,--,285,245384,买盘
911,14:10:48,8.61,0.01,25,21525,买盘
912,14:10:45,8.6,-0.01,111,95460,卖盘
913,14:10:42,8.61,--,53,45633,买盘
914,14:10:39,8.61,0.01,5,4305,买盘
915,14:10:36,8.6,-0.01,54,46440,卖盘
916,14:10:33,8.61,-0.01,389,334929,卖盘
917,14:10:30,8.62,0.01,125,107749,买盘
918,14:10:27,8.61,--,61,52521,卖盘
919,14:10:24,8.61,--,5,4305,卖盘
920,14:10:21,8.61,--,46,39606,卖盘
921,14:10:18,8.61,-0.01,212,182532,卖盘
922,14:10:15,8.62,0.01,167,143954,买盘
923,14:10:12,8.61,--,25,21525,卖盘
924,14:10:09,8.61,--,26,22386,卖盘
925,14:10:06,8.61,--,448,385728,卖盘
926,14:10:03,8.61,-0.01,38,32717,卖盘
927,14:10:00,8.62,0.01,182,156884,买盘
928,14:09:57,8.61,--,5,4305,卖盘
929,14:09:54,8.61,-0.01,6,5166,卖盘
930,14:09:51,8.62,0.01,93,80166,买盘
931,14:09:45,8.61,-0.01,2,1722,中性盘
932,14:09:42,8.62,0.02,319,274978,买盘
933,14:09:39,8.6,--,13,11180,卖盘
934,14:09:36,8.6,-0.02,23,19780,卖盘
935,14:09:33,8.62,0.01,131,112921,买盘
936,14:09:30,8.61,--,17,14636,卖盘
937,14:09:24,8.61,0.01,214,184254,中性盘
938,14:09:21,8.6,-0.02,233,200380,卖盘
939,14:09:18,8.62,0.01,121,104301,买盘
940,14:09:15,8.61,-0.01,113,97293,卖盘
941,14:09:12,8.62,0.01,550,474099,买盘
942,14:09:09,8.61,--,25,21525,卖盘
943,14:09:06,8.61,--,128,110208,卖盘
944,14:09:03,8.61,--,134,115373,买盘
945,14:09:00,8.61,-0.01,654,563094,卖盘
946,14:08:57,8.62,0.02,296,255151,买盘
947,14:08:51,8.6,-0.02,64,55040,卖盘
948,14:08:48,8.62,--,438,377555,买盘
949,14:08:45,8.62,0.02,780,672359,买盘
950,14:08:42,8.6,-0.01,1,860,卖盘
951,14:08:39,8.61,0.01,107,92127,买盘
952,14:08:36,8.6,--,467,401620,卖盘
953,14:08:33,8.6,-0.01,21,18060,卖盘
954,14:08:30,8.61,0.01,11,9471,买盘
955,14:08:24,8.6,-0.01,16,13760,卖盘
956,14:08:21,8.61,0.01,100,86100,买盘
957,14:08:18,8.6,-0.01,2,1720,卖盘
958,14:08:15,8.61,0.01,255,219555,买盘
959,14:08:09,8.6,-0.01,14,12040,卖盘
960,14:08:06,8.61,--,147,126566,买盘
961,14:08:03,8.61,--,479,412419,买盘
962,14:08:00,8.61,--,114,98154,买盘
963,14:07:57,8.61,--,206,177366,买盘
964,14:07:54,8.61,--,142,122261,买盘
965,14:07:51,8.61,--,4,3444,买盘
966,14:07:45,8.61,--,24,20664,买盘
967,14:07:42,8.61,--,10,8610,买盘
968,14:07:39,8.61,0.01,157,135177,买盘
969,14:07:36,8.6,--,73,62780,卖盘
970,14:07:33,8.6,-0.01,34,29240,卖盘
971,14:07:30,8.61,--,6,5166,买盘
972,14:07:27,8.61,--,4,3444,买盘
973,14:07:24,8.61,0.01,601,517460,买盘
974,14:07:21,8.6,--,8,6880,卖盘
975,14:07:18,8.6,-0.01,12,10320,卖盘
976,14:07:15,8.61,0.01,61,52521,买盘
977,14:07:09,8.6,-0.01,22,18920,卖盘
978,14:07:06,8.61,--,178,153258,买盘
979,14:07:03,8.61,0.01,11,9471,买盘
980,14:07:00,8.6,--,187,160820,卖盘
981,14:06:57,8.6,--,2,1720,卖盘
982,14:06:54,8.6,--,79,67940,卖盘
983,14:06:51,8.6,-0.01,5,4300,卖盘
984,14:06:48,8.61,--,10,8610,买盘
985,14:06:45,8.61,--,3,2583,买盘
986,14:06:42,8.61,--,43,37023,买盘
987,14:06:39,8.61,0.01,67,57686,买盘
988,14:06:36,8.6,--,38,32680,卖盘
989,14:06:33,8.6,-0.01,6,5160,卖盘
990,14:06:30,8.61,0.01,126,108486,买盘
991,14:06:27,8.6,--,40,34400,卖盘
992,14:06:24,8.6,--,73,62780,卖盘
993,14:06:21,8.6,--,13,11180,卖盘
994,14:06:18,8.6,-0.01,12,10320,卖盘
995,14:06:15,8.61,--,112,96432,买盘
996,14:06:12,8.61,--,16,13776,买盘
997,14:06:09,8.61,0.01,121,104181,买盘
998,14:06:06,8.6,-0.01,119,102340,卖盘
999,14:06:03,8.61,0.01,644,554484,买盘
1000,14:06:00,8.6,--,149,128140,卖盘
1001,14:05:57,8.6,--,51,43860,卖盘
1002,14:05:54,8.6,-0.01,205,176300,卖盘
1003,14:05:51,8.61,--,21,18081,买盘
1004,14:05:48,8.61,--,40,34440,买盘
1005,14:05:45,8.61,0.01,19,16358,买盘
1006,14:05:42,8.6,--,62,53320,卖盘
1007,14:05:39,8.6,-0.01,12,10320,卖盘
1008,14:05:36,8.61,0.01,73,62852,买盘
1009,14:05:33,8.6,-0.01,123,105780,卖盘
1010,14:05:30,8.61,--,215,185115,买盘
1011,14:05:27,8.61,0.01,4,3444,买盘
1012,14:05:24,8.6,-0.01,1210,1040600,卖盘
1013,14:05:21,8.61,--,11,9471,买盘
1014,14:05:18,8.61,--,35,30134,买盘
1015,14:05:15,8.61,-0.01,917,789881,卖盘
1016,14:05:12,8.62,0.01,47,40513,买盘
1017,14:05:09,8.61,-0.01,67,57686,卖盘
1018,14:05:06,8.62,--,188,162055,买盘
1019,14:05:03,8.62,--,13,11205,买盘
1020,14:05:00,8.62,--,150,129299,买盘
1021,14:04:57,8.62,--,174,149988,买盘
1022,14:04:54,8.62,--,106,91371,买盘
1023,14:04:51,8.62,0.01,265,228429,买盘
1024,14:04:48,8.61,-0.01,1,861,卖盘
1025,14:04:45,8.62,--,51,43961,买盘
1026,14:04:42,8.62,--,6,5171,买盘
1027,14:04:39,8.62,0.01,209,180157,买盘
1028,14:04:36,8.61,-0.01,61,52521,卖盘
1029,14:04:33,8.62,--,44,37928,买盘
1030,14:04:30,8.62,--,145,124989,买盘
1031,14:04:27,8.62,--,8,6895,买盘
1032,14:04:24,8.62,0.01,404,348247,买盘
1033,14:04:21,8.61,-0.01,84,72324,卖盘
1034,14:04:18,8.62,-0.01,57,49133,卖盘
1035,14:04:15,8.63,0.02,64,55232,买盘
1036,14:04:12,8.61,-0.01,2,1722,卖盘
1037,14:04:09,8.62,--,50,43099,中性盘
1038,14:04:06,8.62,--,173,149126,买盘
1039,14:04:03,8.62,--,229,197397,买盘
1040,14:04:00,8.62,0.01,225,193949,买盘
1041,14:03:57,8.61,--,28,24108,卖盘
1042,14:03:54,8.61,-0.01,682,587202,卖盘
1043,14:03:51,8.62,--,159,137058,买盘
1044,14:03:48,8.62,--,35,30169,买盘
1045,14:03:45,8.62,--,53,45685,买盘
1046,14:03:42,8.62,0.01,330,284460,买盘
1047,14:03:39,8.61,--,59,50799,卖盘
1048,14:03:36,8.61,--,93,80073,卖盘
1049,14:03:33,8.61,--,34,29273,卖盘
1050,14:03:27,8.61,--,33,28412,卖盘
1051,14:03:24,8.61,-0.01,162,139482,卖盘
1052,14:03:21,8.62,--,14,12067,买盘
1053,14:03:18,8.62,--,28,24135,买盘
1054,14:03:12,8.62,--,162,139644,买盘
1055,14:03:09,8.62,0.01,23,19826,买盘
1056,14:03:06,8.61,-0.01,106,91266,卖盘
1057,14:03:03,8.62,0.01,18,15515,买盘
1058,14:03:00,8.61,-0.02,158,136038,卖盘
1059,14:02:57,8.63,0.01,63,54369,买盘
1060,14:02:54,8.62,--,44,37928,卖盘
1061,14:02:51,8.62,-0.01,1,861,卖盘
1062,14:02:48,8.63,--,56,48328,买盘
1063,14:02:42,8.63,0.02,23,19849,买盘
1064,14:02:39,8.61,-0.02,26,22386,卖盘
1065,14:02:33,8.63,0.01,84,72492,买盘
1066,14:02:30,8.62,--,1020,879239,卖盘
1067,14:02:27,8.62,0.01,45,38790,买盘
1068,14:02:24,8.61,-0.01,20,17220,卖盘
1069,14:02:21,8.62,-0.01,279,240497,卖盘
1070,14:02:18,8.63,0.01,116,100108,买盘
1071,14:02:15,8.62,--,62,53443,卖盘
1072,14:02:12,8.62,--,164,141368,买盘
1073,14:02:09,8.62,-0.01,4,3447,中性盘
1074,14:02:06,8.63,0.01,375,323625,买盘
1075,14:02:03,8.62,--,85,73270,卖盘
1076,14:02:00,8.62,-0.01,53,45685,卖盘
1077,14:01:57,8.63,0.01,99,85437,买盘
1078,14:01:54,8.62,--,276,237911,卖盘
1079,14:01:51,8.62,--,124,106887,买盘
1080,14:01:42,8.62,--,57,49133,买盘
1081,14:01:39,8.62,--,65,56029,卖盘
1082,14:01:36,8.62,--,342,294804,卖盘
1083,14:01:33,8.62,--,111,95681,卖盘
1084,14:01:30,8.62,-0.01,42,36204,卖盘
1085,14:01:27,8.63,0.01,51,44013,买盘
1086,14:01:24,8.62,--,11,9482,卖盘
1087,14:01:21,8.62,--,7,6033,买盘
1088,14:01:18,8.62,--,41,35342,买盘
1089,14:01:15,8.62,--,120,103439,买盘
1090,14:01:12,8.62,--,26,22411,买盘
1091,14:01:09,8.62,0.01,142,122403,买盘
1092,14:01:06,8.61,-0.02,118,101598,卖盘
1093,14:01:03,8.63,0.02,81,69903,买盘
1094,14:01:00,8.61,-0.01,173,148953,卖盘
1095,14:00:57,8.62,--,530,456859,卖盘
1096,14:00:54,8.62,-0.01,169,145678,卖盘
1097,14:00:51,8.63,--,73,62999,买盘
1098,14:00:48,8.63,--,167,144121,买盘
1099,14:00:45,8.63,0.01,307,264941,买盘
1100,14:00:42,8.62,-0.01,669,576678,卖盘
1101,14:00:39,8.63,--,50,43150,买盘
1102,14:00:36,8.63,--,80,69040,买盘
1103,14:00:33,8.63,--,10,8630,买盘
1104,14:00:30,8.63,--,37,31931,买盘
1105,14:00:27,8.63,0.01,630,543690,买盘
1106,14:00:24,8.62,--,53,45685,卖盘
1107,14:00:21,8.62,-0.01,2,1723,卖盘
1108,14:00:18,8.63,--,893,770659,买盘
1109,14:00:15,8.63,--,69,59547,买盘
1110,14:00:12,8.63,--,8,6904,买盘
1111,14:00:09,8.63,0.01,116,100108,买盘
1112,14:00:06,8.62,--,26,22411,卖盘
1113,14:00:03,8.62,--,56,48271,卖盘
1114,14:00:00,8.62,-0.01,85,73270,卖盘
1115,13:59:57,8.63,0.01,88,75944,买盘
1116,13:59:54,8.62,--,1,861,卖盘
1117,13:59:51,8.62,0.01,64,55167,买盘
1118,13:59:48,8.61,--,29,24969,卖盘
1119,13:59:45,8.61,-0.01,100,86100,卖盘
1120,13:59:42,8.62,--,511,440481,买盘
1121,13:59:39,8.62,0.01,520,448239,买盘
1122,13:59:36,8.61,-0.01,716,616476,卖盘
1123,13:59:33,8.62,0.01,520,448239,买盘
1124,13:59:30,8.61,-0.01,150,129149,卖盘
1125,13:59:24,8.62,--,18,15515,买盘
1126,13:59:21,8.62,--,73,62925,买盘
1127,13:59:18,8.62,--,40,34480,买盘
1128,13:59:15,8.62,--,3,2585,买盘
1129,13:59:12,8.62,--,16,13791,买盘
1130,13:59:09,8.62,--,32,27583,买盘
1131,13:59:06,8.62,0.01,213,183605,买盘
1132,13:59:03,8.61,-0.01,13,11193,卖盘
1133,13:59:00,8.62,0.01,101,87061,买盘
1134,13:58:57,8.61,--,29,24969,卖盘
1135,13:58:54,8.61,-0.01,54,46494,卖盘
1136,13:58:51,8.62,0.01,284,244807,买盘
1137,13:58:48,8.61,--,171,147231,卖盘
1138,13:58:45,8.61,--,72,61991,卖盘
1139,13:58:42,8.61,--,56,48216,卖盘
1140,13:58:39,8.61,--,81,69741,卖盘
1141,13:58:36,8.61,--,15,12915,卖盘
1142,13:58:33,8.61,--,204,175644,卖盘
1143,13:58:30,8.61,-0.01,10,8610,卖盘
1144,13:58:27,8.62,0.01,48,41375,买盘
1145,13:58:24,8.61,--,4,3444,卖盘
1146,13:58:21,8.61,--,65,56481,买盘
1147,13:58:18,8.61,--,89,76629,买盘
1148,13:58:15,8.61,--,430,370230,买盘
1149,13:58:12,8.61,0.01,51,43911,买盘
1150,13:58:09,8.6,--,2,1720,卖盘
1151,13:58:06,8.6,--,88,75680,卖盘
1152,13:58:03,8.6,-0.01,30,25800,卖盘
1153,13:58:00,8.61,--,112,96432,买盘
1154,13:57:57,8.61,0.01,12,10332,买盘
1155,13:57:54,8.6,-0.01,166,142760,卖盘
1156,13:57:51,8.61,--,12,10332,买盘
1157,13:57:48,8.61,0.01,337,290157,买盘
1158,13:57:45,8.6,--,55,47300,卖盘
1159,13:57:42,8.6,-0.01,110,94600,卖盘
1160,13:57:39,8.61,0.01,103,88683,买盘
1161,13:57:36,8.6,--,301,258860,卖盘
1162,13:57:33,8.6,-0.01,77,66220,卖盘
1163,13:57:30,8.61,0.01,156,134316,买盘
1164,13:57:27,8.6,-0.01,115,98900,卖盘
1165,13:57:24,8.61,--,141,121400,买盘
1166,13:57:21,8.61,--,73,62852,买盘
1167,13:57:18,8.61,0.01,68,58547,买盘
1168,13:57:15,8.6,--,57,49020,卖盘
1169,13:57:12,8.6,--,86,73960,卖盘
1170,13:57:09,8.6,--,40,34400,卖盘
1171,13:57:06,8.6,--,190,163400,卖盘
1172,13:57:03,8.6,--,185,159100,卖盘
1173,13:57:00,8.6,--,196,168560,卖盘
1174,13:56:57,8.6,-0.01,51,43860,卖盘
1175,13:56:54,8.61,0.01,131,112790,买盘
1176,13:56:51,8.6,-0.01,316,271760,卖盘
1177,13:56:48,8.61,0.01,187,161007,买盘
1178,13:56:45,8.6,--,236,202960,卖盘
1179,13:56:42,8.6,--,121,104060,卖盘
1180,13:56:39,8.6,--,142,122120,卖盘
1181,13:56:36,8.6,--,10,8600,卖盘
1182,13:56:33,8.6,-0.01,50,43000,卖盘
1183,13:56:30,8.61,0.01,71,61130,买盘
1184,13:56:27,8.6,-0.01,40,34400,卖盘
1185,13:56:24,8.61,0.01,114,98154,买盘
1186,13:56:21,8.6,-0.01,12,10320,卖盘
1187,13:56:18,8.61,--,11,9471,买盘
1188,13:56:15,8.61,0.01,62,53382,买盘
1189,13:56:12,8.6,-0.01,349,300140,卖盘
1190,13:56:09,8.61,--,39,33579,买盘
1191,13:56:06,8.61,--,191,164451,买盘
1192,13:56:03,8.61,-0.01,2929,2522213,卖盘
1193,13:56:00,8.62,--,193,166365,买盘
1194,13:55:57,8.62,0.01,294,253427,买盘
1195,13:55:54,8.61,--,575,495074,卖盘
1196,13:55:51,8.61,--,617,531237,卖盘
1197,13:55:48,8.61,-0.01,4,3444,卖盘
1198,13:55:42,8.62,--,105,90509,买盘
1199,13:55:39,8.62,0.01,244,210327,买盘
1200,13:55:36,8.61,--,89,76629,卖盘
1201,13:55:33,8.61,--,84,72324,卖盘
1202,13:55:30,8.61,--,255,219555,卖盘
1203,13:55:27,8.61,-0.01,131,112790,卖盘
1204,13:55:24,8.62,--,81,69822,买盘
1205,13:55:21,8.62,--,16,13791,买盘
1206,13:55:18,8.62,0.01,33,28445,买盘
1207,13:55:15,8.61,-0.01,34,29273,卖盘
1208,13:55:12,8.62,--,2,1723,买盘
1209,13:55:09,8.62,0.01,172,148264,买盘
1210,13:55:06,8.61,-0.01,90,77490,卖盘
1211,13:55:03,8.62,--,166,143092,买盘
1212,13:55:00,8.62,0.01,15,12929,买盘
1213,13:54:57,8.61,-0.01,100,86100,卖盘
1214,13:54:54,8.62,-0.01,163,140850,卖盘
1215,13:54:51,8.63,0.01,19,16397,买盘
1216,13:54:48,8.62,--,568,489615,卖盘
1217,13:54:45,8.62,--,178,153436,卖盘
1218,13:54:42,8.62,--,165,142747,买盘
1219,13:54:39,8.62,-0.01,51,44134,卖盘
1220,13:54:36,8.63,0.01,54,46602,买盘
1221,13:54:33,8.62,-0.01,77,66374,卖盘
1222,13:54:30,8.63,0.01,732,631716,买盘
1223,13:54:27,8.62,--,22,18964,卖盘
1224,13:54:24,8.62,--,47,40513,卖盘
1225,13:54:21,8.62,--,385,332559,买盘
1226,13:54:18,8.62,0.01,664,572368,买盘
1227,13:54:15,8.61,-0.01,304,261743,卖盘
1228,13:54:12,8.62,--,76,65511,买盘
1229,13:54:09,8.62,--,177,152574,买盘
1230,13:54:06,8.62,0.01,79,68098,买盘
1231,13:54:03,8.61,--,89,76629,卖盘
1232,13:54:00,8.61,--,47,40467,卖盘
1233,13:53:57,8.61,-0.01,28,24108,卖盘
1234,13:53:54,8.62,-0.01,558,481168,卖盘
1235,13:53:51,8.63,0.01,69,59547,买盘
1236,13:53:48,8.62,--,5,4310,卖盘
1237,13:53:45,8.62,0.01,69,60167,买盘
1238,13:53:42,8.61,-0.01,706,607866,卖盘
1239,13:53:39,8.62,--,162,139644,买盘
1240,13:53:36,8.62,--,301,259461,买盘
1241,13:53:33,8.62,--,50,43099,买盘
1242,13:53:30,8.62,0.01,14,12067,买盘
1243,13:53:27,8.61,--,156,134316,卖盘
1244,13:53:24,8.61,-0.01,54,46494,卖盘
1245,13:53:21,8.62,0.01,299,257737,买盘
1246,13:53:18,8.61,--,1,861,卖盘
1247,13:53:12,8.61,0.01,439,378495,买盘
1248,13:53:09,8.6,-0.01,64,55040,卖盘
1249,13:53:06,8.61,0.01,97,83517,买盘
1250,13:53:03,8.6,--,210,180600,买盘
1251,13:53:00,8.6,--,683,587380,买盘
1252,13:52:57,8.6,--,390,335400,买盘
1253,13:52:54,8.6,--,703,604580,买盘
1254,13:52:51,8.6,--,243,208980,买盘
1255,13:52:48,8.6,0.01,41,35260,买盘
1256,13:52:45,8.59,-0.01,26,22334,卖盘
1257,13:52:42,8.6,0.01,229,196940,买盘
1258,13:52:39,8.59,--,88,75592,买盘
1259,13:52:36,8.59,--,60,51540,买盘
1260,13:52:33,8.59,--,60,51540,买盘
1261,13:52:30,8.59,--,41,35219,买盘
1262,13:52:27,8.59,--,3,2577,买盘
1263,13:52:24,8.59,0.01,619,532236,买盘
1264,13:52:21,8.58,--,2,1716,卖盘
1265,13:52:18,8.58,-0.01,32,27456,卖盘
1266,13:52:15,8.59,0.01,195,167505,买盘
1267,13:52:12,8.58,--,234,200772,买盘
1268,13:52:09,8.58,--,280,240240,买盘
1269,13:52:06,8.58,--,598,513084,买盘
1270,13:52:03,8.58,--,80,68640,买盘
1271,13:52:00,8.58,--,129,110682,买盘
1272,13:51:57,8.58,--,36,30888,买盘
1273,13:51:54,8.58,0.01,52,44616,买盘
1274,13:51:51,8.57,--,10,8570,卖盘
1275,13:51:48,8.57,-0.01,66,56562,卖盘
1276,13:51:45,8.58,0.01,42,36036,买盘
1277,13:51:42,8.57,--,1001,857857,卖盘
1278,13:51:39,8.57,--,16,13712,卖盘
1279,13:51:36,8.57,--,18,15426,卖盘
1280,13:51:33,8.57,0.01,229,196253,买盘
1281,13:51:30,8.56,--,100,85600,卖盘
1282,13:51:27,8.56,-0.01,36,30816,中性盘
1283,13:51:24,8.57,0.01,294,251958,买盘
1284,13:51:21,8.56,0.01,59,50504,买盘
1285,13:51:18,8.55,-0.02,1075,919125,卖盘
1286,13:51:15,8.57,0.01,532,455924,买盘
1287,13:51:12,8.56,0.01,6,5136,中性盘
1288,13:51:09,8.55,-0.01,86,73530,卖盘
1289,13:51:06,8.56,-0.01,10,8560,卖盘
1290,13:51:03,8.57,0.01,16,13712,买盘
1291,13:51:00,8.56,--,45,38520,卖盘
1292,13:50:57,8.56,--,112,95872,卖盘
1293,13:50:54,8.56,--,1292,1105952,买盘
1294,13:50:51,8.56,--,21,17976,买盘
1295,13:50:48,8.56,--,84,71904,买盘
1296,13:50:45,8.56,0.01,31,26536,买盘
1297,13:50:42,8.55,-0.01,207,176985,卖盘
1298,13:50:39,8.56,--,510,436560,买盘
1299,13:50:36,8.56,--,86,73616,买盘
1300,13:50:33,8.56,--,250,214000,买盘
1301,13:50:30,8.56,--,13,11128,买盘
1302,13:50:27,8.56,--,54,46224,买盘
1303,13:50:24,8.56,0.01,215,184040,买盘
1304,13:50:21,8.55,--,17,14535,卖盘
1305,13:50:18,8.55,-0.02,5000,4275000,卖盘
1306,13:50:15,8.57,--,77,65989,卖盘
1307,13:50:12,8.57,-0.01,25,21425,卖盘
1308,13:50:09,8.58,0.01,37,31746,买盘
1309,13:50:06,8.57,--,606,519342,买盘
1310,13:50:03,8.57,--,633,542481,买盘
1311,13:49:57,8.57,--,14,11998,买盘
1312,13:49:54,8.57,0.01,40,34280,买盘
1313,13:49:51,8.56,-0.01,3,2568,卖盘
1314,13:49:48,8.57,--,65,55705,买盘
1315,13:49:45,8.57,0.01,110,94270,买盘
1316,13:49:42,8.56,-0.01,183,156648,卖盘
1317,13:49:39,8.57,0.01,83,71131,买盘
1318,13:49:36,8.56,-0.01,16,13696,卖盘
1319,13:49:33,8.57,--,41,35137,买盘
1320,13:49:27,8.57,0.01,15,12855,买盘
1321,13:49:24,8.56,--,51,43656,卖盘
1322,13:49:21,8.56,--,110,94160,卖盘
1323,13:49:18,8.56,--,33,28248,卖盘
1324,13:49:15,8.56,--,703,601768,卖盘
1325,13:49:12,8.56,--,55,47080,卖盘
1326,13:49:09,8.56,--,181,154936,卖盘
1327,13:49:06,8.56,--,86,73616,卖盘
1328,13:49:03,8.56,--,97,83032,卖盘
1329,13:49:00,8.56,-0.01,143,123127,卖盘
1330,13:48:57,8.57,0.01,263,225391,买盘
1331,13:48:54,8.56,--,230,196880,卖盘
1332,13:48:51,8.56,--,15,12840,卖盘
1333,13:48:48,8.56,-0.01,9,7704,卖盘
1334,13:48:45,8.57,0.01,351,300807,买盘
1335,13:48:42,8.56,--,75,64200,卖盘
1336,13:48:39,8.56,--,75,64200,卖盘
1337,13:48:36,8.56,--,220,188320,卖盘
1338,13:48:33,8.56,-0.01,200,171200,卖盘
1339,13:48:30,8.57,0.01,136,116552,买盘
1340,13:48:27,8.56,--,57,48792,卖盘
1341,13:48:24,8.56,--,273,233688,卖盘
1342,13:48:21,8.56,0.01,85,73273,买盘
1343,13:48:18,8.55,-0.01,123,105165,卖盘
1344,13:48:15,8.56,0.01,215,184040,买盘
1345,13:48:12,8.55,-0.01,604,516420,卖盘
1346,13:48:09,8.56,0.01,50,42800,买盘
1347,13:48:06,8.55,--,315,269325,卖盘
1348,13:48:03,8.55,-0.01,321,274455,卖盘
1349,13:48:00,8.56,--,507,433992,买盘
1350,13:47:57,8.56,--,34,29104,买盘
1351,13:47:54,8.56,--,43,36808,买盘
1352,13:47:51,8.56,0.01,303,259368,买盘
1353,13:47:48,8.55,-0.01,147,125685,卖盘
1354,13:47:45,8.56,0.01,95,81320,买盘
1355,13:47:42,8.55,-0.01,47,40185,卖盘
1356,13:47:39,8.56,0.01,27,23112,买盘
1357,13:47:36,8.55,--,38,32490,卖盘
1358,13:47:33,8.55,-0.01,127,108585,卖盘
1359,13:47:30,8.56,--,285,243960,买盘
1360,13:47:27,8.56,0.01,797,682232,买盘
1361,13:47:24,8.55,-0.01,2,1710,卖盘
1362,13:47:21,8.56,0.01,81,69336,买盘
1363,13:47:18,8.55,-0.01,73,62415,卖盘
1364,13:47:15,8.56,--,85,72760,买盘
1365,13:47:12,8.56,--,105,89880,买盘
1366,13:47:09,8.56,--,34,29104,买盘
1367,13:47:06,8.56,0.01,201,172056,买盘
1368,13:47:03,8.55,-0.01,4,3420,卖盘
1369,13:47:00,8.56,--,226,193456,买盘
1370,13:46:57,8.56,0.01,13,11128,买盘
1371,13:46:51,8.55,--,40,34200,卖盘
1372,13:46:48,8.55,--,22,18810,卖盘
1373,13:46:45,8.55,--,313,267615,卖盘
1374,13:46:42,8.55,--,143,122265,卖盘
1375,13:46:39,8.55,--,63,53865,卖盘
1376,13:46:36,8.55,--,352,300960,卖盘
1377,13:46:33,8.55,--,48,41040,卖盘
1378,13:46:30,8.55,-0.01,270,230850,卖盘
1379,13:46:27,8.56,0.01,30,25680,买盘
1380,13:46:24,8.55,--,31,26505,卖盘
1381,13:46:21,8.55,--,148,126540,卖盘
1382,13:46:18,8.55,--,57,48735,卖盘
1383,13:46:15,8.55,-0.01,133,113715,卖盘
1384,13:46:12,8.56,0.01,113,96728,买盘
1385,13:46:09,8.55,--,1,855,卖盘
1386,13:46:06,8.55,--,206,176130,卖盘
1387,13:46:03,8.55,-0.01,32,27360,卖盘
1388,13:46:00,8.56,0.01,208,178048,买盘
1389,13:45:57,8.55,--,87,74385,卖盘
1390,13:45:54,8.55,--,71,60705,卖盘
1391,13:45:51,8.55,--,19,16245,卖盘
1392,13:45:48,8.55,--,15,12825,卖盘
1393,13:45:45,8.55,-0.01,89,76095,卖盘
1394,13:45:42,8.56,0.01,250,214000,买盘
1395,13:45:39,8.55,--,212,181260,卖盘
1396,13:45:36,8.55,--,61,52155,卖盘
1397,13:45:33,8.55,--,84,71820,卖盘
1398,13:45:30,8.55,--,11,9405,卖盘
1399,13:45:27,8.55,--,19,16245,卖盘
1400,13:45:24,8.55,--,19,16245,卖盘
1401,13:45:21,8.55,-0.01,46,39330,卖盘
1402,13:45:18,8.56,0.01,23,19688,买盘
1403,13:45:15,8.55,--,41,35055,卖盘
1404,13:45:12,8.55,--,38,32490,卖盘
1405,13:45:09,8.55,-0.01,191,163305,卖盘
1406,13:45:06,8.56,0.01,246,210576,买盘
1407,13:45:03,8.55,--,147,125685,卖盘
1408,13:45:00,8.55,-0.01,113,96615,卖盘
1409,13:44:57,8.56,--,11,9416,买盘
1410,13:44:54,8.56,--,11,9416,买盘
1411,13:44:51,8.56,--,252,215712,买盘
1412,13:44:48,8.56,0.01,12,10272,买盘
1413,13:44:45,8.55,--,56,47880,卖盘
1414,13:44:42,8.55,-0.01,37,31635,卖盘
1415,13:44:39,8.56,0.01,34,29104,买盘
1416,13:44:36,8.55,--,96,82080,卖盘
1417,13:44:33,8.55,--,125,106875,卖盘
1418,13:44:30,8.55,--,63,53865,卖盘
1419,13:44:27,8.55,-0.01,229,195795,卖盘
1420,13:44:24,8.56,--,32,27392,买盘
1421,13:44:21,8.56,--,12,10272,买盘
1422,13:44:18,8.56,0.01,22,18832,买盘
1423,13:44:15,8.55,-0.01,4,3420,卖盘
1424,13:44:12,8.56,--,423,362430,卖盘
1425,13:44:09,8.56,-0.01,120,102720,卖盘
1426,13:44:06,8.57,--,259,221963,买盘
1427,13:44:03,8.57,0.01,150,128550,买盘
1428,13:44:00,8.56,--,96,82176,卖盘
1429,13:43:57,8.56,-0.01,91,77896,卖盘
1430,13:43:54,8.57,0.01,14,11998,买盘
1431,13:43:51,8.56,--,528,451968,卖盘
1432,13:43:48,8.56,-0.01,73,62488,卖盘
1433,13:43:45,8.57,0.01,39,33423,买盘
1434,13:43:42,8.56,-0.01,125,107000,卖盘
1435,13:43:39,8.57,0.01,136,116552,买盘
1436,13:43:36,8.56,--,1160,992960,卖盘
1437,13:43:33,8.56,--,140,119840,卖盘
1438,13:43:30,8.56,--,185,158360,卖盘
1439,13:43:27,8.56,--,99,84744,卖盘
1440,13:43:24,8.56,--,10,8560,卖盘
1441,13:43:21,8.56,-0.01,122,104432,卖盘
1442,13:43:18,8.57,--,13,11141,买盘
1443,13:43:15,8.57,--,18,15426,买盘
1444,13:43:12,8.57,0.01,45,38565,买盘
1445,13:43:09,8.56,-0.01,28,23968,卖盘
1446,13:43:06,8.57,0.01,159,136263,买盘
1447,13:43:03,8.56,-0.01,137,117272,卖盘
1448,13:43:00,8.57,--,50,42850,买盘
1449,13:42:57,8.57,0.01,15,12855,买盘
1450,13:42:54,8.56,-0.01,77,65912,卖盘
1451,13:42:51,8.57,--,77,65989,买盘
1452,13:42:48,8.57,0.01,86,73702,买盘
1453,13:42:45,8.56,-0.01,24,20544,卖盘
1454,13:42:42,8.57,--,35,29995,买盘
1455,13:42:39,8.57,--,77,65989,中性盘
1456,13:42:36,8.57,0.01,57,48849,买盘
1457,13:42:33,8.56,-0.01,32,27392,卖盘
1458,13:42:30,8.57,-0.01,2,1714,卖盘
1459,13:42:27,8.58,--,39,33462,买盘
1460,13:42:24,8.58,0.01,42,36036,买盘
1461,13:42:21,8.57,--,49,41993,卖盘
1462,13:42:18,8.57,--,37,31709,卖盘
1463,13:42:15,8.57,--,70,59990,卖盘
1464,13:42:12,8.57,--,678,581046,买盘
1465,13:42:09,8.57,--,10,8570,买盘
1466,13:42:06,8.57,--,118,101126,买盘
1467,13:42:03,8.57,--,11,9427,买盘
1468,13:42:00,8.57,--,89,76273,卖盘
1469,13:41:57,8.57,--,23,19711,卖盘
1470,13:41:54,8.57,-0.01,42,35994,中性盘
1471,13:41:51,8.58,0.01,196,168168,买盘
1472,13:41:45,8.57,--,78,66846,卖盘
1473,13:41:42,8.57,--,19,16283,买盘
1474,13:41:39,8.57,--,534,457638,买盘
1475,13:41:36,8.57,--,29,24853,买盘
1476,13:41:33,8.57,0.01,149,127693,买盘
1477,13:41:30,8.56,--,57,48792,卖盘
1478,13:41:27,8.56,--,111,95016,卖盘
1479,13:41:24,8.56,--,140,119840,卖盘
1480,13:41:21,8.56,--,89,76184,卖盘
1481,13:41:18,8.56,-0.01,88,75328,卖盘
1482,13:41:15,8.57,--,189,161973,买盘
1483,13:41:12,8.57,--,50,42850,买盘
1484,13:41:09,8.57,--,27,23139,买盘
1485,13:41:06,8.57,--,250,214250,买盘
1486,13:41:03,8.57,--,44,37708,买盘
1487,13:41:00,8.57,0.01,44,37708,买盘
1488,13:40:57,8.56,--,78,66768,卖盘
1489,13:40:54,8.56,-0.01,113,97241,卖盘
1490,13:40:51,8.57,0.01,103,88271,买盘
1491,13:40:48,8.56,--,92,78752,卖盘
1492,13:40:45,8.56,--,138,118128,卖盘
1493,13:40:42,8.56,--,125,107000,卖盘
1494,13:40:39,8.56,--,58,49648,卖盘
1495,13:40:36,8.56,-0.01,37,31672,卖盘
1496,13:40:33,8.57,0.01,112,95984,买盘
1497,13:40:30,8.56,--,85,72760,卖盘
1498,13:40:27,8.56,--,128,109568,买盘
1499,13:40:24,8.56,--,151,129256,买盘
1500,13:40:21,8.56,--,121,103576,卖盘
1501,13:40:18,8.56,--,312,267072,卖盘
1502,13:40:15,8.56,--,64,54784,卖盘
1503,13:40:12,8.56,--,20,17120,卖盘
1504,13:40:09,8.56,--,23,19688,卖盘
1505,13:40:06,8.56,--,488,417728,卖盘
1506,13:40:03,8.56,--,59,50504,卖盘
1507,13:40:00,8.56,--,48,41088,卖盘
1508,13:39:57,8.56,--,50,42800,卖盘
1509,13:39:54,8.56,--,59,50504,买盘
1510,13:39:51,8.56,--,9,7704,买盘
1511,13:39:48,8.56,0.01,549,469944,买盘
1512,13:39:45,8.55,-0.01,18,15390,卖盘
1513,13:39:42,8.56,--,205,175480,买盘
1514,13:39:39,8.56,--,91,77896,买盘
1515,13:39:36,8.56,0.01,408,349248,买盘
1516,13:39:33,8.55,-0.01,117,100035,卖盘
1517,13:39:30,8.56,0.01,292,250671,买盘
1518,13:39:27,8.55,--,432,369496,卖盘
1519,13:39:24,8.55,--,213,182115,卖盘
1520,13:39:21,8.55,--,92,78660,卖盘
1521,13:39:18,8.55,--,289,247813,买盘
1522,13:39:15,8.55,--,107,91485,买盘
1523,13:39:12,8.55,--,280,239536,卖盘
1524,13:39:09,8.55,--,128,109782,卖盘
1525,13:39:06,8.55,--,234,200070,卖盘
1526,13:39:03,8.55,0.01,368,315016,买盘
1527,13:39:00,8.54,--,497,424437,卖盘
1528,13:38:57,8.54,--,94,80275,卖盘
1529,13:38:54,8.54,--,504,430415,买盘
1530,13:38:51,8.54,0.01,205,175411,买盘
1531,13:38:48,8.53,--,411,350583,卖盘
1532,13:38:45,8.53,--,389,331817,卖盘
1533,13:38:42,8.53,--,233,198748,卖盘
1534,13:38:39,8.53,-0.01,55,46915,卖盘
1535,13:38:36,8.54,0.01,14,11955,中性盘
1536,13:38:33,8.53,-0.01,173,147569,中性盘
1537,13:38:30,8.54,--,2437,2081676,卖盘
1538,13:38:27,8.54,--,5046,4309284,卖盘
1539,13:38:24,8.54,--,207,176777,卖盘
1540,13:38:21,8.54,--,125,106749,卖盘
1541,13:38:18,8.54,--,1133,967581,买盘
1542,13:38:15,8.54,--,100,85399,买盘
1543,13:38:12,8.54,0.01,40,34160,买盘
1544,13:38:09,8.53,--,426,363378,卖盘
1545,13:38:06,8.53,-0.01,231,197042,卖盘
1546,13:38:03,8.54,-0.01,216,184463,卖盘
1547,13:38:00,8.55,0.01,217,185911,买盘
1548,13:37:57,8.54,--,558,476531,买盘
1549,13:37:54,8.54,--,926,790803,买盘
1550,13:37:51,8.54,0.01,56,47823,买盘
1551,13:37:48,8.53,-0.01,231,197042,卖盘
1552,13:37:45,8.54,-0.01,126,107603,卖盘
1553,13:37:42,8.55,0.01,396,338580,买盘
1554,13:37:39,8.54,--,764,652455,卖盘
1555,13:37:36,8.54,-0.01,167,142618,卖盘
1556,13:37:33,8.55,--,76,64980,买盘
1557,13:37:30,8.55,--,124,106020,买盘
1558,13:37:27,8.55,--,228,194940,买盘
1559,13:37:24,8.55,--,1032,882360,买盘
1560,13:37:21,8.55,--,2706,2313630,卖盘
1561,13:37:18,8.55,--,745,636975,卖盘
1562,13:37:15,8.55,--,104,88920,卖盘
1563,13:37:12,8.55,--,483,412965,卖盘
1564,13:37:09,8.55,-0.01,107,91485,卖盘
1565,13:37:06,8.56,--,171,146376,卖盘
1566,13:37:03,8.56,--,877,750712,卖盘
1567,13:37:00,8.56,--,400,342400,卖盘
1568,13:36:57,8.56,--,243,208008,卖盘
1569,13:36:54,8.56,--,395,338120,卖盘
1570,13:36:51,8.56,--,67,57352,卖盘
1571,13:36:48,8.56,--,513,439128,卖盘
1572,13:36:45,8.56,--,20,17120,卖盘
1573,13:36:42,8.56,-0.01,862,737872,卖盘
1574,13:36:39,8.57,--,113,96841,买盘
1575,13:36:36,8.57,--,857,734449,卖盘
1576,13:36:33,8.57,--,96,82272,卖盘
1577,13:36:30,8.57,-0.01,203,173971,卖盘
1578,13:36:27,8.58,0.01,104,89232,买盘
1579,13:36:24,8.57,--,104,89128,卖盘
1580,13:36:21,8.57,--,278,238246,卖盘
1581,13:36:18,8.57,--,321,275097,卖盘
1582,13:36:15,8.57,--,332,284524,卖盘
1583,13:36:12,8.57,-0.01,2,1714,卖盘
1584,13:36:09,8.58,0.01,48,41184,买盘
1585,13:36:06,8.57,--,125,107125,卖盘
1586,13:36:03,8.57,-0.01,26,22282,卖盘
1587,13:36:00,8.58,--,209,179322,买盘
1588,13:35:57,8.58,--,50,43586,卖盘
1589,13:35:54,8.58,--,83,71214,卖盘
1590,13:35:48,8.58,--,519,445302,卖盘
1591,13:35:45,8.58,--,213,182754,卖盘
1592,13:35:42,8.58,--,79,67782,卖盘
1593,13:35:39,8.58,--,77,66066,卖盘
1594,13:35:36,8.58,--,139,119262,卖盘
1595,13:35:33,8.58,--,25,21450,卖盘
1596,13:35:30,8.58,-0.01,24,20592,卖盘
1597,13:35:27,8.59,--,31,26629,卖盘
1598,13:35:24,8.59,0.01,39,33501,中性盘
1599,13:35:21,8.58,--,126,108108,卖盘
1600,13:35:18,8.58,--,839,719862,卖盘
1601,13:35:15,8.58,--,152,130416,卖盘
1602,13:35:12,8.58,-0.01,1271,1090518,卖盘
1603,13:35:09,8.59,--,101,86759,买盘
1604,13:35:06,8.59,--,145,124555,买盘
1605,13:35:03,8.59,-0.01,169,145171,卖盘
1606,13:35:00,8.6,0.01,216,185760,买盘
1607,13:34:57,8.59,-0.01,33,28347,卖盘
1608,13:34:54,8.6,0.01,33,28380,买盘
1609,13:34:51,8.59,-0.01,139,119401,卖盘
1610,13:34:48,8.6,0.01,247,212420,买盘
1611,13:34:45,8.59,--,241,207019,卖盘
1612,13:34:42,8.59,--,45,38655,卖盘
1613,13:34:39,8.59,-0.01,431,370229,卖盘
1614,13:34:36,8.6,0.01,230,197800,买盘
1615,13:34:33,8.59,--,46,39514,卖盘
1616,13:34:30,8.59,--,515,442385,卖盘
1617,13:34:27,8.59,-0.01,296,254264,卖盘
1618,13:34:24,8.6,0.01,49,42140,买盘
1619,13:34:21,8.59,-0.01,1,859,卖盘
1620,13:34:18,8.6,--,970,834200,卖盘
1621,13:34:15,8.6,--,191,164260,卖盘
1622,13:34:12,8.6,--,466,400760,卖盘
1623,13:34:09,8.6,--,224,192640,卖盘
1624,13:34:06,8.6,-0.01,175,150500,卖盘
1625,13:34:03,8.61,--,298,256577,买盘
1626,13:34:00,8.61,0.01,4,3444,买盘
1627,13:33:57,8.6,--,56,48160,卖盘
1628,13:33:54,8.6,-0.01,22,18920,卖盘
1629,13:33:51,8.61,0.01,61,52521,买盘
1630,13:33:48,8.6,-0.01,529,454940,卖盘
1631,13:33:45,8.61,--,21,18081,买盘
1632,13:33:42,8.61,-0.01,24,20664,中性盘
1633,13:33:39,8.62,0.01,16,13791,买盘
1634,13:33:36,8.61,0.01,1,861,买盘
1635,13:33:33,8.6,-0.01,527,453220,卖盘
1636,13:33:30,8.61,--,561,483020,卖盘
1637,13:33:27,8.61,-0.01,112,96432,卖盘
1638,13:33:24,8.62,0.01,19,16377,买盘
1639,13:33:21,8.61,--,65,55964,卖盘
1640,13:33:18,8.61,--,31,26691,卖盘
1641,13:33:15,8.61,--,144,123983,卖盘
1642,13:33:12,8.61,--,24,20664,卖盘
1643,13:33:09,8.61,--,208,179088,卖盘
1644,13:33:06,8.61,-0.01,197,169617,卖盘
1645,13:33:03,8.62,--,1148,989920,卖盘
1646,13:33:00,8.62,--,252,217223,卖盘
1647,13:32:57,8.62,-0.01,10,8620,卖盘
1648,13:32:54,8.63,0.01,21,18123,买盘
1649,13:32:51,8.62,--,366,315492,卖盘
1650,13:32:48,8.62,--,25,21549,卖盘
1651,13:32:45,8.62,--,27,23273,卖盘
1652,13:32:42,8.62,-0.01,47,40513,卖盘
1653,13:32:39,8.63,0.01,46,39698,买盘
1654,13:32:36,8.62,-0.01,48,41375,卖盘
1655,13:32:33,8.63,0.01,208,179504,买盘
1656,13:32:30,8.62,--,47,40513,卖盘
1657,13:32:27,8.62,--,79,68098,卖盘
1658,13:32:24,8.62,--,31,26721,卖盘
1659,13:32:21,8.62,-0.01,132,113783,卖盘
1660,13:32:18,8.63,0.01,23,19849,买盘
1661,13:32:15,8.62,--,227,195673,卖盘
1662,13:32:12,8.62,--,6,5171,卖盘
1663,13:32:09,8.62,--,80,68960,卖盘
1664,13:32:06,8.62,--,298,256875,卖盘
1665,13:32:03,8.62,-0.01,4,3447,卖盘
1666,13:32:00,8.63,0.01,62,53506,买盘
1667,13:31:57,8.62,--,49,42237,卖盘
1668,13:31:54,8.62,--,12,10343,卖盘
1669,13:31:51,8.62,-0.01,14,12067,卖盘
1670,13:31:48,8.63,0.01,33,28479,买盘
1671,13:31:45,8.62,--,205,176709,卖盘
1672,13:31:39,8.62,-0.01,167,143954,卖盘
1673,13:31:36,8.63,0.01,195,168285,买盘
1674,13:31:33,8.62,-0.01,70,60339,卖盘
1675,13:31:30,8.63,--,127,109601,买盘
1676,13:31:27,8.63,0.01,34,29342,买盘
1677,13:31:24,8.62,--,8,6895,卖盘
1678,13:31:21,8.62,-0.01,65,56029,卖盘
1679,13:31:18,8.63,0.01,108,93204,买盘
1680,13:31:15,8.62,--,108,93095,卖盘
1681,13:31:12,8.62,-0.01,13,11205,卖盘
1682,13:31:09,8.63,0.01,24,20712,买盘
1683,13:31:06,8.62,--,106,91371,卖盘
1684,13:31:03,8.62,--,63,54823,买盘
1685,13:31:00,8.62,--,88,76200,卖盘
1686,13:30:57,8.62,--,36,31031,卖盘
1687,13:30:54,8.62,--,2,1723,卖盘
1688,13:30:48,8.62,--,254,219465,买盘
1689,13:30:45,8.62,0.01,154,132748,买盘
1690,13:30:42,8.61,--,14,12054,卖盘
1691,13:30:39,8.61,-0.01,164,141204,卖盘
1692,13:30:36,8.62,0.01,20,17240,买盘
1693,13:30:33,8.61,-0.01,11,9471,卖盘
1694,13:30:30,8.62,0.01,161,138782,买盘
1695,13:30:27,8.61,-0.01,43,37023,卖盘
1696,13:30:24,8.62,0.01,93,80166,买盘
1697,13:30:21,8.61,--,39,33579,卖盘
1698,13:30:15,8.61,--,1,861,卖盘
1699,13:30:12,8.61,--,56,48216,卖盘
1700,13:30:09,8.61,-0.01,9,7748,卖盘
1701,13:30:06,8.62,--,119,102577,买盘
1702,13:30:03,8.62,0.01,8,6895,买盘
1703,13:30:00,8.61,--,8,6888,卖盘
1704,13:29:57,8.61,--,155,133455,买盘
1705,13:29:54,8.61,0.01,371,319431,买盘
1706,13:29:51,8.6,--,25,21500,卖盘
1707,13:29:48,8.6,--,507,436020,卖盘
1708,13:29:45,8.6,-0.01,330,283800,卖盘
1709,13:29:42,8.61,-0.01,530,456329,卖盘
1710,13:29:39,8.62,0.01,11,9482,买盘
1711,13:29:36,8.61,-0.01,800,688800,卖盘
1712,13:29:33,8.62,--,121,104301,买盘
1713,13:29:30,8.62,0.01,15,12929,买盘
1714,13:29:27,8.61,--,4,3444,卖盘
1715,13:29:24,8.61,--,26,22386,卖盘
1716,13:29:21,8.61,--,621,534681,卖盘
1717,13:29:18,8.61,--,539,464078,卖盘
1718,13:29:15,8.61,-0.01,55,47355,卖盘
1719,13:29:12,8.62,0.01,27,23273,买盘
1720,13:29:09,8.61,--,55,47355,卖盘
1721,13:29:06,8.61,--,184,158424,卖盘
1722,13:29:03,8.61,--,70,60269,卖盘
1723,13:29:00,8.61,--,82,70602,卖盘
1724,13:28:57,8.61,-0.01,174,149814,卖盘
1725,13:28:54,8.62,0.01,208,179295,买盘
1726,13:28:51,8.61,--,1,861,卖盘
1727,13:28:48,8.61,--,56,48216,卖盘
1728,13:28:45,8.61,--,88,75768,卖盘
1729,13:28:42,8.61,0.01,53,45633,买盘
1730,13:28:39,8.6,--,3,2580,卖盘
1731,13:28:36,8.6,-0.01,12,10320,卖盘
1732,13:28:33,8.61,--,13,11193,买盘
1733,13:28:30,8.61,-0.01,40,34440,卖盘
1734,13:28:27,8.62,--,32,27583,买盘
1735,13:28:24,8.62,0.01,75,64649,买盘
1736,13:28:21,8.61,0.01,159,136899,买盘
1737,13:28:18,8.6,-0.01,25,21500,卖盘
1738,13:28:15,8.61,0.01,159,136899,买盘
1739,13:28:12,8.6,-0.01,83,71380,卖盘
1740,13:28:09,8.61,--,34,29273,买盘
1741,13:28:06,8.61,--,195,167895,买盘
1742,13:28:03,8.61,--,80,68880,卖盘
1743,13:28:00,8.61,--,227,195447,卖盘
1744,13:27:57,8.61,--,394,339234,卖盘
1745,13:27:54,8.61,--,42,36162,卖盘
1746,13:27:51,8.61,--,240,206640,卖盘
1747,13:27:48,8.61,0.01,20,17220,卖盘
1748,13:27:45,8.6,-0.01,110,94600,卖盘
1749,13:27:42,8.61,-0.01,89,76629,买盘
1750,13:27:39,8.62,0.02,115,99129,买盘
1751,13:27:36,8.6,-0.01,109,93740,卖盘
1752,13:27:33,8.61,--,204,175644,买盘
1753,13:27:30,8.61,--,46,39606,买盘
1754,13:27:27,8.61,--,34,29273,买盘
1755,13:27:24,8.61,0.01,73,62852,买盘
1756,13:27:21,8.6,-0.01,29,24940,卖盘
1757,13:27:18,8.61,--,93,80073,买盘
1758,13:27:15,8.61,0.01,102,87822,买盘
1759,13:27:12,8.6,--,59,50740,卖盘
1760,13:27:06,8.6,--,90,77400,卖盘
1761,13:27:03,8.6,-0.01,73,62780,卖盘
1762,13:27:00,8.61,--,58,49938,买盘
1763,13:26:57,8.61,-0.01,228,196308,卖盘
1764,13:26:54,8.62,0.01,1,861,买盘
1765,13:26:51,8.61,--,128,110208,卖盘
1766,13:26:48,8.61,--,677,582897,卖盘
1767,13:26:45,8.61,--,29,24969,卖盘
1768,13:26:42,8.61,-0.01,13,11193,卖盘
1769,13:26:39,8.62,0.01,76,65511,买盘
1770,13:26:36,8.61,-0.01,8,6888,卖盘
1771,13:26:33,8.62,0.01,115,99129,买盘
1772,13:26:30,8.61,--,59,50799,卖盘
1773,13:26:27,8.61,--,34,29273,卖盘
1774,13:26:24,8.61,--,118,101598,卖盘
1775,13:26:21,8.61,-0.01,11,9471,卖盘
1776,13:26:18,8.62,0.01,44,37928,买盘
1777,13:26:15,8.61,-0.01,10,8610,卖盘
1778,13:26:12,8.62,0.01,99,85337,买盘
1779,13:26:09,8.61,--,102,87822,卖盘
1780,13:26:06,8.61,-0.01,106,91266,卖盘
1781,13:26:03,8.62,0.01,35,30169,买盘
1782,13:26:00,8.61,--,2,1722,卖盘
1783,13:25:57,8.61,-0.01,95,81795,卖盘
1784,13:25:54,8.62,0.01,85,73270,买盘
1785,13:25:51,8.61,--,4,3444,卖盘
1786,13:25:48,8.61,--,577,496796,卖盘
1787,13:25:45,8.61,--,3,2583,卖盘
1788,13:25:42,8.61,--,254,218694,买盘
1789,13:25:39,8.61,--,49,42189,买盘
1790,13:25:36,8.61,--,15,12915,买盘
1791,13:25:33,8.61,--,25,21525,买盘
1792,13:25:30,8.61,-0.01,72,61991,买盘
1793,13:25:24,8.62,0.01,42,36204,买盘
1794,13:25:21,8.61,--,116,99876,卖盘
1795,13:25:18,8.61,--,195,167895,卖盘
1796,13:25:15,8.61,-0.01,19,16358,卖盘
1797,13:25:12,8.62,0.01,199,171537,买盘
1798,13:25:09,8.61,-0.01,137,117956,卖盘
1799,13:25:06,8.62,--,344,296528,买盘
1800,13:25:03,8.62,0.01,86,74132,买盘
1801,13:25:00,8.61,--,214,184254,卖盘
1802,13:24:54,8.61,-0.01,500,430500,卖盘
1803,13:24:51,8.62,0.01,8,6895,买盘
1804,13:24:48,8.61,--,55,47355,卖盘
1805,13:24:45,8.61,--,131,112790,卖盘
1806,13:24:42,8.61,--,5,4305,卖盘
1807,13:24:39,8.61,--,5,4305,卖盘
1808,13:24:36,8.61,--,61,52521,卖盘
1809,13:24:33,8.61,--,31,26691,卖盘
1810,13:24:30,8.61,--,25,21525,卖盘
1811,13:24:27,8.61,-0.01,30,25830,卖盘
1812,13:24:24,8.62,0.01,12,10343,买盘
1813,13:24:21,8.61,--,539,464078,卖盘
1814,13:24:18,8.61,-0.01,8,6888,卖盘
1815,13:24:15,8.62,0.01,39,33618,买盘
1816,13:24:12,8.61,0.01,16,13776,买盘
1817,13:24:09,8.6,--,61,52460,卖盘
1818,13:24:06,8.6,-0.01,220,189200,卖盘
1819,13:24:00,8.61,--,522,449441,卖盘
1820,13:23:57,8.61,--,14,12054,卖盘
1821,13:23:54,8.61,-0.01,4,3444,中性盘
1822,13:23:48,8.62,0.01,259,223257,买盘
1823,13:23:45,8.61,--,32,27552,卖盘
1824,13:23:42,8.61,-0.01,14,12054,卖盘
1825,13:23:39,8.62,0.01,23,19826,买盘
1826,13:23:36,8.61,--,873,751653,卖盘
1827,13:23:33,8.61,-0.01,19,16358,卖盘
1828,13:23:30,8.62,--,1339,1154218,买盘
1829,13:23:27,8.62,--,256,221482,卖盘
1830,13:23:24,8.62,--,84,72408,卖盘
1831,13:23:21,8.62,--,102,87923,卖盘
1832,13:23:18,8.62,--,68,58615,卖盘
1833,13:23:15,8.62,-0.01,771,664601,卖盘
1834,13:23:12,8.63,0.01,109,94067,买盘
1835,13:23:09,8.62,--,208,179295,卖盘
1836,13:23:06,8.62,--,93,80166,卖盘
1837,13:23:03,8.62,--,131,112921,卖盘
1838,13:23:00,8.62,--,32,27583,卖盘
1839,13:22:57,8.62,-0.01,10,8620,卖盘
1840,13:22:54,8.63,--,39,33657,买盘
1841,13:22:51,8.63,0.01,64,55232,买盘
1842,13:22:45,8.62,--,336,289632,卖盘
1843,13:22:42,8.62,--,1099,947389,买盘
1844,13:22:39,8.62,--,32,27583,买盘
1845,13:22:36,8.62,--,148,127575,买盘
1846,13:22:33,8.62,--,22,18964,买盘
1847,13:22:30,8.62,--,42,36204,买盘
1848,13:22:27,8.62,--,89,76718,买盘
1849,13:22:18,8.62,0.01,53,45685,买盘
1850,13:22:15,8.61,-0.01,13,11193,卖盘
1851,13:22:12,8.62,--,122,105163,买盘
1852,13:22:09,8.62,0.01,60,51719,买盘
1853,13:22:06,8.61,-0.02,327,281848,卖盘
1854,13:22:03,8.63,0.01,144,124272,买盘
1855,13:22:00,8.62,-0.01,34,29307,卖盘
1856,13:21:57,8.63,--,57,49191,买盘
1857,13:21:54,8.63,--,13,11219,买盘
1858,13:21:51,8.63,0.01,82,70766,买盘
1859,13:21:48,8.62,-0.01,277,238773,卖盘
1860,13:21:45,8.63,--,1,863,买盘
1861,13:21:42,8.63,0.01,6,5178,买盘
1862,13:21:39,8.62,--,824,710977,卖盘
1863,13:21:36,8.62,--,20,17240,卖盘
1864,13:21:33,8.62,--,24,20687,卖盘
1865,13:21:27,8.62,--,3,2585,卖盘
1866,13:21:21,8.62,--,1022,881696,买盘
1867,13:21:18,8.62,--,20,17240,买盘
1868,13:21:15,8.62,--,9,7757,买盘
1869,13:21:12,8.62,0.01,31,26721,买盘
1870,13:21:09,8.61,-0.01,67,57686,卖盘
1871,13:21:06,8.62,--,119,102577,买盘
1872,13:21:03,8.62,--,2,1723,买盘
1873,13:21:00,8.62,--,25,21549,买盘
1874,13:20:57,8.62,--,130,112059,买盘
1875,13:20:54,8.62,--,41,35342,买盘
1876,13:20:51,8.62,--,55,47409,买盘
1877,13:20:48,8.62,0.01,498,429275,买盘
1878,13:20:45,8.61,-0.01,52,44772,卖盘
1879,13:20:42,8.62,--,21,18102,买盘
1880,13:20:39,8.62,0.01,70,60339,买盘
1881,13:20:36,8.61,-0.01,27,23247,卖盘
1882,13:20:33,8.62,--,16,13791,买盘
1883,13:20:30,8.62,0.01,50,43099,买盘
1884,13:20:27,8.61,--,4,3444,卖盘
1885,13:20:24,8.61,--,85,73185,卖盘
1886,13:20:21,8.61,-0.01,104,89544,卖盘
1887,13:20:18,8.62,--,75,64649,买盘
1888,13:20:15,8.62,--,157,135334,买盘
1889,13:20:12,8.62,--,121,104301,买盘
1890,13:20:09,8.62,0.01,78,67236,买盘
1891,13:20:06,8.61,-0.01,131,112790,卖盘
1892,13:20:03,8.62,--,32,27583,买盘
1893,13:20:00,8.62,0.01,1349,1162838,买盘
1894,13:19:57,8.61,--,38,32717,卖盘
1895,13:19:54,8.61,-0.01,1,861,卖盘
1896,13:19:51,8.62,--,47,40513,买盘
1897,13:19:48,8.62,0.01,376,324111,买盘
1898,13:19:45,8.61,--,38,32717,买盘
1899,13:19:42,8.61,--,4,3444,买盘
1900,13:19:39,8.61,-0.01,113,97422,卖盘
1901,13:19:36,8.62,0.01,108,93095,买盘
1902,13:19:33,8.61,-0.01,779,670719,卖盘
1903,13:19:30,8.62,--,45,38790,买盘
1904,13:19:27,8.62,--,81,69822,买盘
1905,13:19:24,8.62,--,22,18964,买盘
1906,13:19:18,8.62,--,91,78442,买盘
1907,13:19:15,8.62,--,3,2585,买盘
1908,13:19:12,8.62,0.01,56,48271,买盘
1909,13:19:09,8.61,-0.01,76,65435,卖盘
1910,13:19:06,8.62,--,148,127575,买盘
1911,13:19:03,8.62,0.01,48,41375,买盘
1912,13:19:00,8.61,--,288,247967,卖盘
1913,13:18:57,8.61,-0.01,218,187698,卖盘
1914,13:18:54,8.62,--,21,18102,买盘
1915,13:18:51,8.62,--,61,52581,买盘
1916,13:18:48,8.62,--,46,39652,买盘
1917,13:18:45,8.62,--,29,24997,买盘
1918,13:18:42,8.62,0.01,293,252565,买盘
1919,13:18:39,8.61,-0.01,80,68880,卖盘
1920,13:18:36,8.62,--,191,164641,买盘
1921,13:18:33,8.62,0.01,232,199983,买盘
1922,13:18:30,8.61,-0.01,1143,984122,卖盘
1923,13:18:27,8.62,--,455,392209,买盘
1924,13:18:24,8.62,--,373,321525,买盘
1925,13:18:21,8.62,--,204,175847,买盘
1926,13:18:18,8.62,--,150,129299,买盘
1927,13:18:15,8.62,--,109,93957,买盘
1928,13:18:12,8.62,--,50,43099,买盘
1929,13:18:09,8.62,--,28,24135,买盘
1930,13:18:06,8.62,--,136,117231,买盘
1931,13:18:03,8.62,--,267,230153,买盘
1932,13:18:00,8.62,--,17,14653,买盘
1933,13:17:57,8.62,--,59,50857,买盘
1934,13:17:54,8.62,--,123,106025,买盘
1935,13:17:51,8.62,--,106,91371,买盘
1936,13:17:48,8.62,--,51,43961,买盘
1937,13:17:45,8.62,0.01,79,68098,买盘
1938,13:17:42,8.61,--,148,127427,卖盘
1939,13:17:36,8.61,--,162,140213,买盘
1940,13:17:33,8.61,--,65,55964,买盘
1941,13:17:30,8.61,--,73,62852,买盘
1942,13:17:27,8.61,0.01,22,18942,买盘
1943,13:17:24,8.6,--,165,141900,卖盘
1944,13:17:21,8.6,-0.01,78,67080,卖盘
1945,13:17:18,8.61,--,112,96432,买盘
1946,13:17:15,8.61,--,123,105903,买盘
1947,13:17:12,8.61,0.01,97,83517,买盘
1948,13:17:09,8.6,--,181,155660,卖盘
1949,13:17:06,8.6,--,156,134160,卖盘
1950,13:17:03,8.6,-0.01,21,18060,卖盘
1951,13:17:00,8.61,0.01,38,32717,买盘
1952,13:16:57,8.6,--,52,44720,卖盘
1953,13:16:54,8.6,-0.01,150,129000,卖盘
1954,13:16:51,8.61,--,219,188559,买盘
1955,13:16:48,8.61,0.01,53,45633,买盘
1956,13:16:45,8.6,--,139,119540,卖盘
1957,13:16:42,8.6,--,42,36120,卖盘
1958,13:16:39,8.6,--,6,5160,卖盘
1959,13:16:36,8.6,--,185,159100,买盘
1960,13:16:33,8.6,--,57,49020,买盘
1961,13:16:30,8.6,--,420,361200,买盘
1962,13:16:27,8.6,--,64,55040,买盘
1963,13:16:24,8.6,--,2,1720,买盘
1964,13:16:21,8.6,0.01,6,5160,买盘
1965,13:16:18,8.59,--,205,176095,卖盘
1966,13:16:15,8.59,--,2,1718,卖盘
1967,13:16:12,8.59,--,261,224199,卖盘
1968,13:16:09,8.59,--,40,34360,卖盘
1969,13:16:06,8.59,--,121,103939,卖盘
1970,13:16:03,8.59,-0.01,192,164928,卖盘
1971,13:16:00,8.6,0.01,71,61060,买盘
1972,13:15:57,8.59,--,93,79887,卖盘
1973,13:15:54,8.59,-0.01,116,99644,卖盘
1974,13:15:51,8.6,0.01,26,22360,买盘
1975,13:15:48,8.59,-0.01,80,68720,卖盘
1976,13:15:45,8.6,0.01,150,129000,买盘
1977,13:15:42,8.59,-0.01,736,632224,卖盘
1978,13:15:39,8.6,--,142,122120,买盘
1979,13:15:36,8.6,--,99,85140,买盘
1980,13:15:33,8.6,--,5,4300,买盘
1981,13:15:30,8.6,--,1238,1064680,卖盘
1982,13:15:27,8.6,--,3,2580,卖盘
1983,13:15:24,8.6,0.01,157,135192,买盘
1984,13:15:21,8.59,-0.01,89,76451,卖盘
1985,13:15:18,8.6,0.01,404,347440,买盘
1986,13:15:15,8.59,--,104,89336,卖盘
1987,13:15:12,8.59,--,1073,921707,卖盘
1988,13:15:09,8.59,-0.01,459,394281,卖盘
1989,13:15:06,8.6,0.01,1881,1617660,买盘
1990,13:15:03,8.59,--,24,20616,卖盘
1991,13:15:00,8.59,--,161,138299,卖盘
1992,13:14:57,8.59,--,108,92772,卖盘
1993,13:14:54,8.59,--,14,12026,卖盘
1994,13:14:51,8.59,--,425,365075,买盘
1995,13:14:48,8.59,--,109,93631,买盘
1996,13:14:45,8.59,0.01,182,156338,买盘
1997,13:14:42,8.58,--,33,28314,卖盘
1998,13:14:39,8.58,-0.01,16,13728,卖盘
1999,13:14:36,8.59,--,108,92772,买盘
2000,13:14:33,8.59,--,29,24911,买盘
2001,13:14:30,8.59,--,106,91054,卖盘
2002,13:14:27,8.59,--,10,8590,卖盘
2003,13:14:24,8.59,--,27,23193,卖盘
2004,13:14:21,8.59,--,84,72156,卖盘
2005,13:14:18,8.59,--,35,30065,卖盘
2006,13:14:15,8.59,0.01,33,28347,买盘
2007,13:14:12,8.58,-0.01,202,173316,卖盘
2008,13:14:09,8.59,0.01,488,419192,买盘
2009,13:14:06,8.58,--,210,180180,卖盘
2010,13:14:03,8.58,--,91,78078,卖盘
2011,13:14:00,8.58,-0.01,429,368082,卖盘
2012,13:13:57,8.59,0.01,43,36937,买盘
2013,13:13:54,8.58,--,255,218790,卖盘
2014,13:13:51,8.58,--,111,95238,卖盘
2015,13:13:48,8.58,--,858,736164,买盘
2016,13:13:45,8.58,0.01,43,36894,买盘
2017,13:13:42,8.57,--,37,31709,卖盘
2018,13:13:39,8.57,-0.01,86,73702,卖盘
2019,13:13:36,8.58,--,1098,942084,买盘
2020,13:13:33,8.58,--,75,64350,买盘
2021,13:13:30,8.58,--,97,83226,买盘
2022,13:13:27,8.58,--,233,199914,买盘
2023,13:13:24,8.58,--,459,393822,买盘
2024,13:13:21,8.58,--,519,445302,卖盘
2025,13:13:18,8.58,--,385,330330,卖盘
2026,13:13:15,8.58,--,273,234234,卖盘
2027,13:13:12,8.58,--,558,478764,卖盘
2028,13:13:09,8.58,--,41,35178,卖盘
2029,13:13:06,8.58,--,753,646074,卖盘
2030,13:13:03,8.58,--,152,130416,卖盘
2031,13:13:00,8.58,--,13,11154,卖盘
2032,13:12:57,8.58,--,262,224796,卖盘
2033,13:12:54,8.58,-0.01,714,612612,卖盘
2034,13:12:51,8.59,--,171,146889,卖盘
2035,13:12:48,8.59,--,330,283470,卖盘
2036,13:12:45,8.59,--,345,296355,卖盘
2037,13:12:42,8.59,-0.01,158,135722,卖盘
2038,13:12:39,8.6,0.01,2,1720,买盘
2039,13:12:36,8.59,-0.01,268,230212,卖盘
2040,13:12:33,8.6,--,506,435160,卖盘
2041,13:12:30,8.6,-0.01,641,551260,卖盘
2042,13:12:27,8.61,0.01,435,374535,买盘
2043,13:12:24,8.6,-0.01,3104,2669440,卖盘
2044,13:12:21,8.61,0.01,325,279825,买盘
2045,13:12:18,8.6,--,1949,1676140,卖盘
2046,13:12:15,8.6,--,91,78260,卖盘
2047,13:12:12,8.6,-0.01,51,43860,卖盘
2048,13:12:09,8.61,--,76,65435,买盘
2049,13:12:06,8.61,0.01,274,235913,买盘
2050,13:12:03,8.6,-0.01,43,36980,卖盘
2051,13:12:00,8.61,0.01,103,88683,买盘
2052,13:11:57,8.6,--,473,406780,卖盘
2053,13:11:54,8.6,-0.01,1040,894400,卖盘
2054,13:11:51,8.61,--,76,65435,买盘
2055,13:11:48,8.61,--,65,55964,买盘
2056,13:11:45,8.61,--,70,60838,卖盘
2057,13:11:42,8.61,-0.01,72,61991,卖盘
2058,13:11:39,8.62,--,49,42237,买盘
2059,13:11:36,8.62,--,175,150850,买盘
2060,13:11:33,8.62,--,2088,1800321,买盘
2061,13:11:30,8.62,--,112,96543,买盘
2062,13:11:27,8.62,0.01,27,23273,卖盘
2063,13:11:24,8.61,-0.01,410,353010,卖盘
2064,13:11:21,8.62,--,201,173261,买盘
2065,13:11:18,8.62,0.01,76,65511,买盘
2066,13:11:15,8.61,-0.01,160,137760,卖盘
2067,13:11:12,8.62,--,86,74132,买盘
2068,13:11:09,8.62,--,175,150850,卖盘
2069,13:11:06,8.62,-0.01,123,106025,卖盘
2070,13:11:03,8.63,0.01,74,63862,买盘
2071,13:11:00,8.62,--,99,85337,卖盘
2072,13:10:57,8.62,--,88,75856,卖盘
2073,13:10:54,8.62,--,61,52581,卖盘
2074,13:10:51,8.62,--,78,67236,卖盘
2075,13:10:48,8.62,--,103,88785,买盘
2076,13:10:45,8.62,0.01,114,98267,买盘
2077,13:10:42,8.61,-0.01,207,178227,卖盘
2078,13:10:39,8.62,0.01,129,111197,买盘
2079,13:10:36,8.61,-0.01,249,214389,卖盘
2080,13:10:33,8.62,0.01,32,27583,买盘
2081,13:10:30,8.61,-0.01,55,47355,卖盘
2082,13:10:27,8.62,--,358,308596,买盘
2083,13:10:24,8.62,--,244,210327,买盘
2084,13:10:21,8.62,--,415,357729,卖盘
2085,13:10:18,8.62,-0.01,202,174123,卖盘
2086,13:10:15,8.63,0.01,304,262352,买盘
2087,13:10:12,8.62,-0.01,64,55167,卖盘
2088,13:10:09,8.63,0.01,30,25890,买盘
2089,13:10:06,8.62,--,99,85337,卖盘
2090,13:10:03,8.62,--,41,35342,卖盘
2091,13:10:00,8.62,--,3,2585,卖盘
2092,13:09:57,8.62,--,21,18102,卖盘
2093,13:09:54,8.62,--,105,90509,卖盘
2094,13:09:51,8.62,--,107,92233,卖盘
2095,13:09:48,8.62,-0.01,242,208603,卖盘
2096,13:09:45,8.63,0.01,178,153614,买盘
2097,13:09:42,8.62,-0.01,45,38790,卖盘
2098,13:09:36,8.63,0.01,200,172600,买盘
2099,13:09:33,8.62,--,51,43961,卖盘
2100,13:09:30,8.62,-0.01,208,179295,卖盘
2101,13:09:27,8.63,0.01,411,354693,买盘
2102,13:09:24,8.62,--,14,12067,卖盘
2103,13:09:21,8.62,0.01,283,243945,买盘
2104,13:09:18,8.61,--,213,183393,卖盘
2105,13:09:15,8.61,-0.01,31,26691,卖盘
2106,13:09:12,8.62,--,95,81889,买盘
2107,13:09:09,8.62,0.01,123,106025,买盘
2108,13:09:06,8.61,-0.01,119,102459,卖盘
2109,13:09:03,8.62,0.01,38,32755,中性盘
2110,13:09:00,8.61,-0.01,358,308238,卖盘
2111,13:08:57,8.62,--,80,68960,卖盘
2112,13:08:54,8.62,--,218,187915,卖盘
2113,13:08:51,8.62,-0.01,71,61201,卖盘
2114,13:08:48,8.63,0.01,137,118231,买盘
2115,13:08:45,8.62,--,96,82751,卖盘
2116,13:08:42,8.62,--,3,2585,卖盘
2117,13:08:39,8.62,-0.01,24,20687,卖盘
2118,13:08:36,8.63,0.01,8,6904,买盘
2119,13:08:33,8.62,--,41,35342,卖盘
2120,13:08:30,8.62,--,429,369797,卖盘
2121,13:08:27,8.62,--,41,35342,卖盘
2122,13:08:24,8.62,--,3,2585,卖盘
2123,13:08:21,8.62,-0.01,36,31031,卖盘
2124,13:08:18,8.63,0.01,75,64725,买盘
2125,13:08:15,8.62,-0.01,31,26721,卖盘
2126,13:08:09,8.63,0.01,149,129277,买盘
2127,13:08:06,8.62,-0.01,190,163952,卖盘
2128,13:08:03,8.63,0.01,15,12945,买盘
2129,13:08:00,8.62,--,200,173089,卖盘
2130,13:07:57,8.62,-0.01,452,389623,卖盘
2131,13:07:54,8.63,--,54,46602,买盘
2132,13:07:51,8.63,--,102,88026,买盘
2133,13:07:45,8.63,0.01,221,191309,买盘
2134,13:07:42,8.62,--,15,12929,卖盘
2135,13:07:39,8.62,-0.01,20,17240,卖盘
2136,13:07:36,8.63,0.01,14,12082,买盘
2137,13:07:33,8.62,-0.01,19,16377,卖盘
2138,13:07:30,8.63,--,119,102697,买盘
2139,13:07:27,8.63,0.01,7,6041,买盘
2140,13:07:24,8.62,--,236,203431,卖盘
2141,13:07:21,8.62,-0.01,32,27583,卖盘
2142,13:07:12,8.63,--,7,6041,买盘
2143,13:07:09,8.63,0.01,140,120820,卖盘
2144,13:07:06,8.62,-0.01,406,349971,卖盘
2145,13:07:03,8.63,--,225,194175,买盘
2146,13:07:00,8.63,0.01,296,255448,买盘
2147,13:06:57,8.62,--,377,324973,卖盘
2148,13:06:54,8.62,-0.01,644,555128,卖盘
2149,13:06:51,8.63,0.01,346,298598,买盘
2150,13:06:48,8.62,--,138,118955,卖盘
2151,13:06:45,8.62,--,775,668325,卖盘
2152,13:06:42,8.62,--,74,63787,卖盘
2153,13:06:39,8.62,-0.01,44,37928,卖盘
2154,13:06:36,8.63,--,214,184682,买盘
2155,13:06:30,8.63,--,535,461705,买盘
2156,13:06:27,8.63,0.01,228,196764,买盘
2157,13:06:24,8.62,--,156,134472,卖盘
2158,13:06:21,8.62,--,249,214637,卖盘
2159,13:06:18,8.62,--,407,350833,卖盘
2160,13:06:15,8.62,-0.01,21,18102,卖盘
2161,13:06:12,8.63,0.01,80,69040,买盘
2162,13:06:09,8.62,-0.01,537,462893,卖盘
2163,13:06:06,8.63,--,129,111327,买盘
2164,13:06:03,8.63,--,181,156203,买盘
2165,13:05:57,8.63,--,220,189860,买盘
2166,13:05:54,8.63,--,48,41424,买盘
2167,13:05:51,8.63,--,2396,2068334,卖盘
2168,13:05:48,8.63,--,331,285653,卖盘
2169,13:05:45,8.63,--,3,2589,卖盘
2170,13:05:42,8.63,--,96,82848,卖盘
2171,13:05:39,8.63,--,17,14671,卖盘
2172,13:05:36,8.63,-0.01,12,10356,卖盘
2173,13:05:33,8.64,--,16,13824,买盘
2174,13:05:30,8.64,-0.01,828,715392,卖盘
2175,13:05:27,8.65,0.01,108,93420,买盘
2176,13:05:24,8.64,-0.01,33,28512,卖盘
2177,13:05:21,8.65,--,17,14705,买盘
2178,13:05:18,8.65,0.01,23,19895,买盘
2179,13:05:15,8.64,--,192,165888,卖盘
2180,13:05:12,8.64,-0.01,11,9504,卖盘
2181,13:05:09,8.65,0.01,190,164350,买盘
2182,13:05:06,8.64,-0.01,97,83808,卖盘
2183,13:05:03,8.65,--,10,8650,买盘
2184,13:04:57,8.65,0.01,13,11245,买盘
2185,13:04:54,8.64,-0.01,149,128736,卖盘
2186,13:04:51,8.65,--,3,2595,买盘
2187,13:04:48,8.65,--,66,57090,买盘
2188,13:04:45,8.65,--,193,166945,买盘
2189,13:04:42,8.65,--,232,200680,买盘
2190,13:04:39,8.65,--,81,70065,买盘
2191,13:04:36,8.65,0.01,31,26815,买盘
2192,13:04:33,8.64,-0.01,36,31104,卖盘
2193,13:04:30,8.65,--,23,19895,买盘
2194,13:04:27,8.65,0.01,5,4325,买盘
2195,13:04:24,8.64,--,189,163296,卖盘
2196,13:04:21,8.64,-0.01,32,27648,卖盘
2197,13:04:15,8.65,--,48,41520,买盘
2198,13:04:12,8.65,--,9,7785,买盘
2199,13:04:09,8.65,0.01,390,337350,买盘
2200,13:04:06,8.64,-0.01,90,77760,卖盘
2201,13:04:03,8.65,--,40,34600,买盘
2202,13:04:00,8.65,0.01,11,9515,买盘
2203,13:03:57,8.64,-0.01,42,36910,卖盘
2204,13:03:54,8.65,--,32,27680,卖盘
2205,13:03:51,8.65,--,65,56467,买盘
2206,13:03:48,8.65,0.01,1,865,买盘
2207,13:03:45,8.64,--,629,543456,卖盘
2208,13:03:42,8.64,-0.01,1,864,卖盘
2209,13:03:39,8.65,--,65,56225,买盘
2210,13:03:36,8.65,--,26,22490,买盘
2211,13:03:33,8.65,0.01,36,31140,买盘
2212,13:03:30,8.64,-0.01,100,86400,卖盘
2213,13:03:27,8.65,--,273,236767,卖盘
2214,13:03:24,8.65,--,6,5190,卖盘
2215,13:03:21,8.65,--,24,20760,卖盘
2216,13:03:18,8.65,--,5,4325,卖盘
2217,13:03:15,8.65,--,25,21625,卖盘
2218,13:03:09,8.65,--,51,44115,卖盘
2219,13:03:06,8.65,--,364,315102,买盘
2220,13:03:03,8.65,0.01,423,365895,买盘
2221,13:03:00,8.64,--,27,23328,卖盘
2222,13:02:57,8.64,-0.01,74,63936,卖盘
2223,13:02:54,8.65,0.01,32,27680,买盘
2224,13:02:51,8.64,-0.01,30,25920,卖盘
2225,13:02:48,8.65,0.01,32,27680,买盘
2226,13:02:45,8.64,--,608,525312,买盘
2227,13:02:42,8.64,--,328,283392,买盘
2228,13:02:39,8.64,--,13,11232,买盘
2229,13:02:36,8.64,--,1065,920160,卖盘
2230,13:02:33,8.64,-0.01,518,447552,卖盘
2231,13:02:30,8.65,--,5,4325,买盘
2232,13:02:27,8.65,0.01,98,84770,买盘
2233,13:02:24,8.64,--,36,31104,卖盘
2234,13:02:21,8.64,--,20,17280,卖盘
2235,13:02:18,8.64,--,55,47520,卖盘
2236,13:02:15,8.64,-0.01,135,116640,卖盘
2237,13:02:12,8.65,--,136,117640,买盘
2238,13:02:09,8.65,--,68,58820,买盘
2239,13:02:06,8.65,--,157,135805,买盘
2240,13:02:03,8.65,--,257,222305,买盘
2241,13:02:00,8.65,--,81,70065,买盘
2242,13:01:57,8.65,--,114,98610,买盘
2243,13:01:51,8.65,0.01,353,305345,买盘
2244,13:01:48,8.64,-0.01,93,80352,卖盘
2245,13:01:45,8.65,--,20,17300,买盘
2246,13:01:42,8.65,0.01,55,47575,买盘
2247,13:01:39,8.64,-0.01,116,100224,卖盘
2248,13:01:36,8.65,0.01,8,6920,买盘
2249,13:01:33,8.64,--,241,208224,卖盘
2250,13:01:30,8.64,--,24,20736,卖盘
2251,13:01:27,8.64,-0.01,4,3456,卖盘
2252,13:01:24,8.65,0.01,180,155700,买盘
2253,13:01:21,8.64,--,129,111456,卖盘
2254,13:01:18,8.64,-0.01,1,864,卖盘
2255,13:01:15,8.65,--,481,416065,买盘
2256,13:01:12,8.65,--,68,58820,买盘
2257,13:01:09,8.65,--,45,38925,买盘
2258,13:01:06,8.65,0.01,110,95150,买盘
2259,13:01:03,8.64,--,21,18144,卖盘
2260,13:01:00,8.64,--,10,8640,卖盘
2261,13:00:57,8.64,-0.01,12,10368,卖盘
2262,13:00:54,8.65,--,28,24220,买盘
2263,13:00:51,8.65,0.01,71,61415,买盘
2264,13:00:48,8.64,-0.01,426,368064,卖盘
2265,13:00:45,8.65,-0.01,65,56225,卖盘
2266,13:00:42,8.66,0.01,58,50228,买盘
2267,13:00:39,8.65,--,5,4325,卖盘
2268,13:00:36,8.65,--,1,865,卖盘
2269,13:00:33,8.65,-0.01,186,160890,卖盘
2270,13:00:30,8.66,0.01,216,187056,买盘
2271,13:00:27,8.65,--,12,10380,卖盘
2272,13:00:24,8.65,0.02,239,206735,买盘
2273,13:00:21,8.63,--,4,3452,卖盘
2274,13:00:18,8.63,--,9,7767,卖盘
2275,13:00:15,8.63,-0.01,100,86300,卖盘
2276,13:00:12,8.64,--,1,864,卖盘
2277,13:00:09,8.64,--,317,274302,买盘
2278,13:00:06,8.64,--,1806,1560833,卖盘
2279,13:00:03,8.64,--,6443,5567166,卖盘
2280,13:00:00,8.64,--,71,61344,卖盘
2281,11:30:00,8.64,--,23,19872,卖盘
2282,11:29:57,8.64,--,568,490752,买盘
2283,11:29:54,8.64,--,49,42336,买盘
2284,11:29:51,8.64,0.01,290,250560,买盘
2285,11:29:48,8.63,-0.03,1162,1002806,卖盘
2286,11:29:45,8.66,0.01,118,102188,买盘
2287,11:29:42,8.65,--,115,99475,买盘
2288,11:29:39,8.65,--,670,579896,卖盘
2289,11:29:36,8.65,--,1143,988695,卖盘
2290,11:29:33,8.65,--,413,357245,卖盘
2291,11:29:30,8.65,-0.01,9,7785,卖盘
2292,11:29:27,8.66,0.01,139,120374,买盘
2293,11:29:24,8.65,--,296,256040,卖盘
2294,11:29:21,8.65,-0.01,328,283720,卖盘
2295,11:29:18,8.66,-0.01,1820,1576120,卖盘
2296,11:29:15,8.67,0.01,120,104040,买盘
2297,11:29:12,8.66,--,87,75342,卖盘
2298,11:29:09,8.66,--,40,34640,卖盘
2299,11:29:06,8.66,--,113,97858,卖盘
2300,11:29:03,8.66,-0.01,377,326482,卖盘
2301,11:29:00,8.67,-0.01,144,124848,卖盘
2302,11:28:57,8.68,0.01,49,42532,买盘
2303,11:28:54,8.67,--,53,45951,卖盘
2304,11:28:51,8.67,--,35,30345,卖盘
2305,11:28:48,8.67,--,117,101439,卖盘
2306,11:28:45,8.67,-0.01,344,298248,卖盘
2307,11:28:42,8.68,0.01,37,32116,买盘
2308,11:28:39,8.67,-0.01,557,482919,卖盘
2309,11:28:36,8.68,--,303,263004,卖盘
2310,11:28:33,8.68,--,227,197036,卖盘
2311,11:28:30,8.68,--,270,234360,卖盘
2312,11:28:27,8.68,--,455,394940,卖盘
2313,11:28:24,8.68,--,103,89404,卖盘
2314,11:28:21,8.68,--,61,52948,卖盘
2315,11:28:18,8.68,--,12,10416,卖盘
2316,11:28:15,8.68,--,63,54684,卖盘
2317,11:28:12,8.68,--,50,43400,卖盘
2318,11:28:09,8.68,--,68,59024,卖盘
2319,11:28:06,8.68,-0.01,180,156240,卖盘
2320,11:28:03,8.69,--,260,225940,买盘
2321,11:28:00,8.69,-0.01,1315,1142735,卖盘
2322,11:27:57,8.7,0.01,6,5220,买盘
2323,11:27:54,8.69,-0.01,23,19987,卖盘
2324,11:27:51,8.7,0.01,44,38280,买盘
2325,11:27:48,8.69,--,19,16511,卖盘
2326,11:27:45,8.69,--,49,42581,卖盘
2327,11:27:42,8.69,--,52,45188,卖盘
2328,11:27:39,8.69,-0.01,11,9559,卖盘
2329,11:27:36,8.7,--,715,622693,卖盘
2330,11:27:33,8.7,--,845,735149,卖盘
2331,11:27:30,8.7,--,241,209669,卖盘
2332,11:27:27,8.7,--,1011,879569,卖盘
2333,11:27:24,8.7,-0.01,164,142680,卖盘
2334,11:27:21,8.71,0.01,126,109746,买盘
2335,11:27:18,8.7,--,137,119189,卖盘
2336,11:27:15,8.7,--,40,34800,卖盘
2337,11:27:12,8.7,-0.01,262,227939,卖盘
2338,11:27:09,8.71,0.01,7,6097,买盘
2339,11:27:06,8.7,--,303,263610,卖盘
2340,11:27:03,8.7,--,25,21750,卖盘
2341,11:27:00,8.7,-0.01,1,869,卖盘
2342,11:26:57,8.71,--,24,20904,买盘
2343,11:26:54,8.71,--,389,338819,买盘
2344,11:26:51,8.71,0.01,108,94068,买盘
2345,11:26:48,8.7,--,2777,2415990,卖盘
2346,11:26:45,8.7,-0.01,30,26099,卖盘
2347,11:26:42,8.71,--,41,35711,买盘
2348,11:26:39,8.71,0.01,150,130650,买盘
2349,11:26:36,8.7,-0.01,38,33060,卖盘
2350,11:26:33,8.71,0.01,78,67938,买盘
2351,11:26:30,8.7,-0.01,129,112229,卖盘
2352,11:26:27,8.71,--,6,5226,买盘
2353,11:26:24,8.71,--,47,40937,买盘
2354,11:26:21,8.71,--,394,343174,买盘
2355,11:26:18,8.71,--,16,13936,买盘
2356,11:26:15,8.71,--,30,26130,卖盘
2357,11:26:12,8.71,--,87,75777,卖盘
2358,11:26:09,8.71,--,34,29614,卖盘
2359,11:26:06,8.71,--,93,81003,卖盘
2360,11:26:03,8.71,--,17,14807,卖盘
2361,11:25:57,8.71,0.01,25,21775,中性盘
2362,11:25:54,8.7,-0.02,126,109619,卖盘
2363,11:25:51,8.72,0.01,74,64528,买盘
2364,11:25:48,8.71,--,2,1742,买盘
2365,11:25:45,8.71,--,5,4355,买盘
2366,11:25:42,8.71,-0.01,400,348400,卖盘
2367,11:25:39,8.72,0.01,64,55808,买盘
2368,11:25:36,8.71,-0.01,44,38324,卖盘
2369,11:25:33,8.72,0.01,50,43600,买盘
2370,11:25:30,8.71,-0.01,13,11323,卖盘
2371,11:25:27,8.72,0.01,1,872,买盘
2372,11:25:24,8.71,-0.01,12,10452,卖盘
2373,11:25:21,8.72,--,28,24416,买盘
2374,11:25:18,8.72,--,23,20056,买盘
2375,11:25:15,8.72,--,23,20056,买盘
2376,11:25:12,8.72,--,20,17440,买盘
2377,11:25:09,8.72,--,128,111616,买盘
2378,11:25:06,8.72,0.02,25,21800,买盘
2379,11:25:03,8.7,-0.02,6,5220,卖盘
2380,11:25:00,8.72,0.01,164,143008,买盘
2381,11:24:57,8.71,--,30,26130,买盘
2382,11:24:54,8.71,-0.01,1600,1393948,卖盘
2383,11:24:51,8.72,0.01,767,669347,买盘
2384,11:24:48,8.71,--,40,34840,卖盘
2385,11:24:45,8.71,-0.01,199,173329,卖盘
2386,11:24:42,8.72,0.01,195,170040,买盘
2387,11:24:39,8.71,-0.01,58,50518,卖盘
2388,11:24:36,8.72,--,77,67144,买盘
2389,11:24:33,8.72,--,4,3488,买盘
2390,11:24:30,8.72,0.02,98,85456,买盘
2391,11:24:27,8.7,--,76,66120,卖盘
2392,11:24:24,8.7,-0.01,223,194236,卖盘
2393,11:24:21,8.71,--,49,42679,卖盘
2394,11:24:18,8.71,--,17,14807,卖盘
2395,11:24:15,8.71,--,79,68809,卖盘
2396,11:24:12,8.71,0.01,4,3484,卖盘
2397,11:24:09,8.7,--,156,135720,卖盘
2398,11:24:06,8.7,--,243,211409,卖盘
2399,11:24:03,8.7,-0.01,24,20880,卖盘
2400,11:24:00,8.71,--,105,91455,买盘
2401,11:23:57,8.71,--,42,36582,买盘
2402,11:23:54,8.71,--,311,270881,买盘
2403,11:23:51,8.71,--,22,19162,买盘
2404,11:23:48,8.71,--,11,9581,买盘
2405,11:23:45,8.71,-0.01,2067,1800705,卖盘
2406,11:23:42,8.72,0.01,73,63656,买盘
2407,11:23:39,8.71,--,24,20904,卖盘
2408,11:23:36,8.71,--,109,94939,卖盘
2409,11:23:33,8.71,--,9,7839,卖盘
2410,11:23:30,8.71,--,186,162006,卖盘
2411,11:23:27,8.71,-0.01,107,93197,卖盘
2412,11:23:24,8.72,--,30,26160,买盘
2413,11:23:21,8.72,-0.01,27,23544,买盘
2414,11:23:18,8.73,--,37,32301,买盘
2415,11:23:15,8.73,--,47,41031,买盘
2416,11:23:12,8.73,0.01,3,2619,买盘
2417,11:23:09,8.72,-0.01,138,120336,卖盘
2418,11:23:06,8.73,0.01,30,26190,买盘
2419,11:23:03,8.72,-0.01,21,18312,卖盘
2420,11:23:00,8.73,--,63,54999,买盘
2421,11:22:57,8.73,0.01,144,125712,买盘
2422,11:22:54,8.72,-0.01,24,20928,买盘
2423,11:22:51,8.73,0.02,127,110871,买盘
2424,11:22:48,8.71,-0.02,9,7839,卖盘
2425,11:22:45,8.73,0.02,311,271503,买盘
2426,11:22:42,8.71,-0.02,207,180297,卖盘
2427,11:22:39,8.73,0.01,380,331740,买盘
2428,11:22:36,8.72,--,108,94176,卖盘
2429,11:22:33,8.72,--,23,20056,卖盘
2430,11:22:30,8.72,--,205,178760,卖盘
2431,11:22:27,8.72,--,69,60168,卖盘
2432,11:22:24,8.72,--,82,71504,卖盘
2433,11:22:21,8.72,-0.01,24,20928,卖盘
2434,11:22:18,8.73,0.01,4,3492,买盘
2435,11:22:15,8.72,--,193,168296,买盘
2436,11:22:12,8.72,0.01,775,675800,买盘
2437,11:22:09,8.71,--,52,45292,卖盘
2438,11:22:06,8.71,-0.01,322,280462,卖盘
2439,11:22:03,8.72,--,8,6976,买盘
2440,11:22:00,8.72,--,12,10464,买盘
2441,11:21:57,8.72,0.01,50,43600,买盘
2442,11:21:54,8.71,--,68,59228,卖盘
2443,11:21:48,8.71,--,56,48776,卖盘
2444,11:21:45,8.71,-0.01,1,871,卖盘
2445,11:21:42,8.72,0.01,50,43600,买盘
2446,11:21:39,8.71,-0.01,55,47905,卖盘
2447,11:21:36,8.72,0.01,58,50576,买盘
2448,11:21:33,8.71,--,78,67938,卖盘
2449,11:21:30,8.71,-0.01,52,45292,卖盘
2450,11:21:27,8.72,0.01,326,284272,买盘
2451,11:21:24,8.71,-0.01,3,2613,卖盘
2452,11:21:21,8.72,--,129,112488,买盘
2453,11:21:18,8.72,--,12,10464,买盘
2454,11:21:15,8.72,0.01,10,8720,买盘
2455,11:21:12,8.71,-0.01,30,26130,卖盘
2456,11:21:09,8.72,0.01,58,50576,买盘
2457,11:21:06,8.71,-0.01,21,18291,卖盘
2458,11:21:03,8.72,0.01,26,22672,中性盘
2459,11:21:00,8.71,-0.02,126,109780,卖盘
2460,11:20:57,8.73,0.01,1299,1134027,买盘
2461,11:20:54,8.72,-0.01,10,8720,卖盘
2462,11:20:51,8.73,--,14,12222,买盘
2463,11:20:48,8.73,0.01,63,54999,买盘
2464,11:20:45,8.72,-0.01,10,8720,卖盘
2465,11:20:42,8.73,0.01,771,673083,买盘
2466,11:20:39,8.72,--,156,136032,卖盘
2467,11:20:36,8.72,--,17,14824,卖盘
2468,11:20:33,8.72,--,117,102512,买盘
2469,11:20:30,8.72,--,1402,1222927,卖盘
2470,11:20:27,8.72,--,55,47960,卖盘
2471,11:20:24,8.72,--,19,16568,卖盘
2472,11:20:21,8.72,--,208,181376,卖盘
2473,11:20:18,8.72,--,1420,1238240,卖盘
2474,11:20:15,8.72,--,1107,965304,卖盘
2475,11:20:12,8.72,-0.01,324,282528,卖盘
2476,11:20:09,8.73,0.01,3,2619,买盘
2477,11:20:03,8.72,--,1,872,卖盘
2478,11:20:00,8.72,-0.01,112,97664,卖盘
2479,11:19:57,8.73,--,42,36666,买盘
2480,11:19:54,8.73,--,39,34047,买盘
2481,11:19:51,8.73,--,141,123093,买盘
2482,11:19:48,8.73,0.01,9,7857,买盘
2483,11:19:45,8.72,-0.01,221,192712,卖盘
2484,11:19:42,8.73,--,47,41031,买盘
2485,11:19:39,8.73,0.01,18,15714,买盘
2486,11:19:36,8.72,-0.01,39,34008,卖盘
2487,11:19:33,8.73,0.01,31,27063,买盘
2488,11:19:30,8.72,--,25,21800,卖盘
2489,11:19:27,8.72,--,45,39240,卖盘
2490,11:19:24,8.72,--,1,872,卖盘
2491,11:19:21,8.72,-0.01,3,2616,卖盘
2492,11:19:18,8.73,0.01,102,89046,买盘
2493,11:19:15,8.72,--,41,35752,卖盘
2494,11:19:12,8.72,--,114,99408,卖盘
2495,11:19:09,8.72,--,33,28776,卖盘
2496,11:19:06,8.72,--,28,24416,卖盘
2497,11:19:03,8.72,-0.01,113,98536,卖盘
2498,11:19:00,8.73,--,120,104760,买盘
2499,11:18:57,8.73,--,55,48015,买盘
2500,11:18:54,8.73,--,7,6111,买盘
2501,11:18:51,8.73,--,29,25317,买盘
2502,11:18:48,8.73,0.01,23,20079,买盘
2503,11:18:45,8.72,--,13,11336,卖盘
2504,11:18:42,8.72,-0.01,177,154344,卖盘
2505,11:18:39,8.73,--,1,873,买盘
2506,11:18:36,8.73,--,15,13095,买盘
2507,11:18:33,8.73,0.01,24,20952,买盘
2508,11:18:30,8.72,-0.01,146,127312,卖盘
2509,11:18:27,8.73,0.01,65,56745,买盘
2510,11:18:24,8.72,-0.01,127,110744,卖盘
2511,11:18:21,8.73,--,47,41031,买盘
2512,11:18:18,8.73,0.01,1,873,买盘
2513,11:18:15,8.72,--,74,64528,卖盘
2514,11:18:12,8.72,--,51,44472,卖盘
2515,11:18:09,8.72,--,60,52320,卖盘
2516,11:18:06,8.72,--,279,243288,卖盘
2517,11:18:03,8.72,--,1544,1346856,买盘
2518,11:18:00,8.72,0.01,71,61912,买盘
2519,11:17:57,8.71,-0.01,892,776932,卖盘
2520,11:17:54,8.72,--,12,10464,买盘
2521,11:17:51,8.72,--,32,27904,买盘
2522,11:17:48,8.72,0.01,219,190968,买盘
2523,11:17:45,8.71,--,1,871,卖盘
2524,11:17:39,8.71,--,63,54873,卖盘
2525,11:17:36,8.71,-0.01,196,170716,卖盘
2526,11:17:33,8.72,--,434,378448,买盘
2527,11:17:30,8.72,0.01,18,15696,买盘
2528,11:17:27,8.71,--,24,20904,卖盘
2529,11:17:24,8.71,-0.01,24,20904,卖盘
2530,11:17:21,8.72,--,14,12208,买盘
2531,11:17:18,8.72,0.01,33,28776,买盘
2532,11:17:15,8.71,-0.01,269,234299,卖盘
2533,11:17:12,8.72,0.01,62,54064,买盘
2534,11:17:09,8.71,--,52,45292,卖盘
2535,11:17:06,8.71,--,2,1742,卖盘
2536,11:17:03,8.71,-0.01,30,26130,卖盘
2537,11:17:00,8.72,-0.01,126,110604,卖盘
2538,11:16:57,8.73,0.01,933,814648,买盘
2539,11:16:54,8.72,0.01,150,130800,买盘
2540,11:16:51,8.71,-0.01,143,124553,卖盘
2541,11:16:48,8.72,--,60,52320,买盘
2542,11:16:45,8.72,0.01,59,51448,买盘
2543,11:16:42,8.71,-0.01,108,94068,卖盘
2544,11:16:39,8.72,--,13,11336,买盘
2545,11:16:36,8.72,--,24,20928,买盘
2546,11:16:33,8.72,--,230,200560,买盘
2547,11:16:30,8.72,--,27,23544,买盘
2548,11:16:27,8.72,--,828,722748,卖盘
2549,11:16:24,8.72,--,25,21800,卖盘
2550,11:16:21,8.72,--,31,27032,卖盘
2551,11:16:18,8.72,--,1041,907752,卖盘
2552,11:16:15,8.72,--,107,93304,卖盘
2553,11:16:12,8.72,--,73,63656,卖盘
2554,11:16:09,8.72,--,3240,2825419,买盘
2555,11:16:06,8.72,0.01,3,2616,买盘
2556,11:16:03,8.71,-0.01,38,33098,卖盘
2557,11:16:00,8.72,0.01,30,26160,买盘
2558,11:15:57,8.71,--,20,17420,卖盘
2559,11:15:54,8.71,-0.01,24,20904,卖盘
2560,11:15:51,8.72,0.01,25,21800,买盘
2561,11:15:48,8.71,-0.01,14,12194,卖盘
2562,11:15:45,8.72,0.01,17,14824,买盘
2563,11:15:42,8.71,--,28,24388,卖盘
2564,11:15:39,8.71,-0.01,22,19162,卖盘
2565,11:15:36,8.72,0.01,182,158704,买盘
2566,11:15:30,8.71,0.01,62,54002,买盘
2567,11:15:27,8.7,-0.01,44,38280,卖盘
2568,11:15:24,8.71,--,25,21775,买盘
2569,11:15:21,8.71,--,36,31356,卖盘
2570,11:15:18,8.71,-0.01,23,20033,买盘
2571,11:15:15,8.72,0.01,1597,1392584,买盘
2572,11:15:12,8.71,-0.01,51,44421,卖盘
2573,11:15:09,8.72,--,8,6976,买盘
2574,11:15:06,8.72,--,52,45344,买盘
2575,11:15:03,8.72,0.01,306,266832,买盘
2576,11:15:00,8.71,-0.01,14,12194,中性盘
2577,11:14:57,8.72,0.01,118,102896,买盘
2578,11:14:54,8.71,--,396,344916,买盘
2579,11:14:51,8.71,--,15,13065,买盘
2580,11:14:48,8.71,-0.01,265,230815,卖盘
2581,11:14:45,8.72,--,5,4360,买盘
2582,11:14:42,8.72,0.01,20,17440,买盘
2583,11:14:39,8.71,-0.01,56,48776,中性盘
2584,11:14:36,8.72,0.01,35,30520,买盘
2585,11:14:33,8.71,-0.01,62,54002,卖盘
2586,11:14:30,8.72,0.01,25,21800,买盘
2587,11:14:27,8.71,--,41,35711,卖盘
2588,11:14:24,8.71,--,8,6968,卖盘
2589,11:14:21,8.71,--,13,11323,卖盘
2590,11:14:18,8.71,-0.01,83,72293,卖盘
2591,11:14:15,8.72,0.01,144,125568,买盘
2592,11:14:12,8.71,--,2180,1898780,卖盘
2593,11:14:09,8.71,-0.01,40,34840,卖盘
2594,11:14:06,8.72,0.01,296,258112,买盘
2595,11:14:03,8.71,--,38,33098,卖盘
2596,11:14:00,8.71,--,192,167232,卖盘
2597,11:13:57,8.71,--,6,5226,卖盘
2598,11:13:54,8.71,-0.01,43,37453,卖盘
2599,11:13:51,8.72,0.01,78,68016,买盘
2600,11:13:48,8.71,-0.01,23,20033,卖盘
2601,11:13:45,8.72,0.01,34,29648,买盘
2602,11:13:42,8.71,--,71,61841,买盘
2603,11:13:39,8.71,--,191,166361,买盘
2604,11:13:36,8.71,--,402,350142,买盘
2605,11:13:33,8.71,--,152,132392,买盘
2606,11:13:30,8.71,--,173,150683,买盘
2607,11:13:27,8.71,--,33,28743,买盘
2608,11:13:24,8.71,--,25,21775,卖盘
2609,11:13:21,8.71,--,233,202943,买盘
2610,11:13:18,8.71,--,182,158522,卖盘
2611,11:13:15,8.71,--,52,45292,卖盘
2612,11:13:12,8.71,--,507,441597,卖盘
2613,11:13:09,8.71,--,194,168974,卖盘
2614,11:13:06,8.71,0.01,432,376272,买盘
2615,11:13:03,8.7,-0.01,36,31319,卖盘
2616,11:13:00,8.71,--,48,41808,卖盘
2617,11:12:57,8.71,--,56,48776,卖盘
2618,11:12:54,8.71,--,24,20904,买盘
2619,11:12:51,8.71,--,212,184652,买盘
2620,11:12:48,8.71,0.01,126,109746,买盘
2621,11:12:45,8.7,-0.01,76,66120,卖盘
2622,11:12:42,8.71,--,4,3484,买盘
2623,11:12:39,8.71,--,219,190749,买盘
2624,11:12:36,8.71,--,140,121940,买盘
2625,11:12:33,8.71,--,6,5226,买盘
2626,11:12:30,8.71,--,214,186394,卖盘
2627,11:12:27,8.71,--,233,202943,卖盘
2628,11:12:24,8.71,--,130,113230,卖盘
2629,11:12:21,8.71,--,62,54002,卖盘
2630,11:12:18,8.71,-0.01,100,87100,卖盘
2631,11:12:15,8.72,0.01,36,31392,买盘
2632,11:12:12,8.71,-0.01,43,37453,卖盘
2633,11:12:09,8.72,--,36,31392,买盘
2634,11:12:06,8.72,--,254,221488,买盘
2635,11:12:03,8.72,0.01,77,67144,买盘
2636,11:12:00,8.71,-0.01,82,71422,卖盘
2637,11:11:57,8.72,0.01,223,194456,买盘
2638,11:11:54,8.71,-0.01,394,343174,卖盘
2639,11:11:51,8.72,--,80,69760,买盘
2640,11:11:48,8.72,0.01,29,25288,买盘
2641,11:11:45,8.71,--,78,67938,卖盘
2642,11:11:42,8.71,--,156,135876,卖盘
2643,11:11:39,8.71,--,31,27001,卖盘
2644,11:11:36,8.71,--,281,244751,卖盘
2645,11:11:33,8.71,--,12,10452,卖盘
2646,11:11:30,8.71,--,74,64454,卖盘
2647,11:11:27,8.71,--,235,204685,卖盘
2648,11:11:24,8.71,0.01,8,6968,卖盘
2649,11:11:21,8.7,--,54,46979,卖盘
2650,11:11:18,8.7,-0.02,6,5220,卖盘
2651,11:11:15,8.72,0.01,148,129056,买盘
2652,11:11:12,8.71,--,20,17420,买盘
2653,11:11:09,8.71,-0.01,206,179426,卖盘
2654,11:11:06,8.72,0.01,43,37496,买盘
2655,11:11:03,8.71,--,733,638443,卖盘
2656,11:11:00,8.71,-0.01,418,364078,卖盘
2657,11:10:57,8.72,0.01,52,45344,买盘
2658,11:10:54,8.71,-0.01,59,51389,卖盘
2659,11:10:51,8.72,0.01,19,16568,买盘
2660,11:10:48,8.71,-0.01,156,135876,卖盘
2661,11:10:45,8.72,0.01,82,71504,买盘
2662,11:10:42,8.71,-0.01,591,514761,卖盘
2663,11:10:39,8.72,0.01,58,50576,买盘
2664,11:10:36,8.71,--,51,44421,卖盘
2665,11:10:33,8.71,--,21,18291,卖盘
2666,11:10:30,8.71,-0.01,26,22646,卖盘
2667,11:10:27,8.72,0.01,438,381936,买盘
2668,11:10:24,8.71,-0.01,19,16549,卖盘
2669,11:10:21,8.72,--,21,18312,买盘
2670,11:10:18,8.72,--,244,212768,买盘
2671,11:10:15,8.72,0.01,4,3488,买盘
2672,11:10:12,8.71,--,51,44421,卖盘
2673,11:10:09,8.71,-0.01,17,14807,卖盘
2674,11:10:06,8.72,--,7,6104,买盘
2675,11:10:03,8.72,0.01,16,13952,买盘
2676,11:10:00,8.71,--,82,71422,卖盘
2677,11:09:57,8.71,--,14,12194,卖盘
2678,11:09:54,8.71,--,29,25259,买盘
2679,11:09:51,8.71,--,18,15678,买盘
2680,11:09:48,8.71,0.01,41,35711,买盘
2681,11:09:45,8.7,-0.02,203,176610,卖盘
2682,11:09:42,8.72,0.01,3,2616,买盘
2683,11:09:39,8.71,--,10,8710,买盘
2684,11:09:36,8.71,--,730,635830,中性盘
2685,11:09:33,8.71,--,93,81003,买盘
2686,11:09:30,8.71,-0.01,1042,907582,卖盘
2687,11:09:27,8.72,0.01,59,51448,买盘
2688,11:09:24,8.71,--,16,13936,卖盘
2689,11:09:21,8.71,--,36,31356,卖盘
2690,11:09:18,8.71,--,153,133263,卖盘
2691,11:09:15,8.71,-0.01,296,257816,卖盘
2692,11:09:12,8.72,0.01,84,73248,买盘
2693,11:09:09,8.71,--,202,175942,卖盘
2694,11:09:06,8.71,-0.01,35,30485,卖盘
2695,11:09:03,8.72,0.01,47,40984,买盘
2696,11:09:00,8.71,0.01,25,21775,中性盘
2697,11:08:57,8.7,-0.01,330,287100,卖盘
2698,11:08:54,8.71,0.01,48,41808,买盘
2699,11:08:51,8.7,-0.01,1013,881309,卖盘
2700,11:08:48,8.71,--,492,428532,买盘
2701,11:08:45,8.71,0.01,70,60970,买盘
2702,11:08:42,8.7,-0.01,231,200969,卖盘
2703,11:08:39,8.71,--,764,665444,卖盘
2704,11:08:36,8.71,-0.01,36,31356,卖盘
2705,11:08:33,8.72,--,10,8720,买盘
2706,11:08:30,8.72,0.01,67,58424,买盘
2707,11:08:27,8.71,--,147,128037,卖盘
2708,11:08:24,8.71,--,52,45292,卖盘
2709,11:08:21,8.71,--,31,27001,卖盘
2710,11:08:18,8.71,-0.01,18,15678,卖盘
2711,11:08:15,8.72,0.01,43,37496,买盘
2712,11:08:12,8.71,--,21,18291,卖盘
2713,11:08:09,8.71,--,135,117585,卖盘
2714,11:08:06,8.71,--,86,74906,卖盘
2715,11:08:03,8.71,--,29,25259,卖盘
2716,11:08:00,8.71,--,76,66196,买盘
2717,11:07:57,8.71,--,270,235901,卖盘
2718,11:07:54,8.71,--,197,171587,卖盘
2719,11:07:51,8.71,-0.01,74,64454,卖盘
2720,11:07:48,8.72,--,155,135160,买盘
2721,11:07:45,8.72,0.01,80,69760,买盘
2722,11:07:42,8.71,--,66,57486,卖盘
2723,11:07:39,8.71,-0.01,265,230815,卖盘
2724,11:07:36,8.72,--,61,53192,买盘
2725,11:07:33,8.72,0.01,57,49704,买盘
2726,11:07:30,8.71,--,166,144586,卖盘
2727,11:07:27,8.71,-0.01,34,29614,卖盘
2728,11:07:24,8.72,0.01,44,38368,买盘
2729,11:07:21,8.71,--,94,81874,卖盘
2730,11:07:18,8.71,--,88,76648,卖盘
2731,11:07:15,8.71,--,94,81874,卖盘
2732,11:07:12,8.71,-0.01,37,32227,卖盘
2733,11:07:09,8.72,--,135,117720,卖盘
2734,11:07:06,8.72,-0.01,11,9592,卖盘
2735,11:07:03,8.73,0.01,76,66348,买盘
2736,11:07:00,8.72,--,127,110744,卖盘
2737,11:06:57,8.72,--,5,4360,卖盘
2738,11:06:54,8.72,--,306,266832,卖盘
2739,11:06:51,8.72,-0.01,395,344440,卖盘
2740,11:06:48,8.73,0.01,349,304677,买盘
2741,11:06:45,8.72,-0.01,65,56680,卖盘
2742,11:06:42,8.73,--,527,460071,买盘
2743,11:06:39,8.73,0.01,70,61110,买盘
2744,11:06:36,8.72,-0.01,47,40984,卖盘
2745,11:06:33,8.73,0.01,60,52380,买盘
2746,11:06:30,8.72,-0.01,78,68016,卖盘
2747,11:06:27,8.73,--,335,292455,买盘
2748,11:06:24,8.73,--,91,79443,买盘
2749,11:06:21,8.73,--,221,192933,买盘
2750,11:06:18,8.73,0.01,57,49761,买盘
2751,11:06:15,8.72,-0.01,26,22672,卖盘
2752,11:06:12,8.73,--,324,282852,卖盘
2753,11:06:09,8.73,--,192,167616,卖盘
2754,11:06:06,8.73,-0.01,1118,976014,卖盘
2755,11:06:03,8.74,0.01,141,123234,买盘
2756,11:06:00,8.73,--,80,69840,卖盘
2757,11:05:57,8.73,--,53,46269,卖盘
2758,11:05:54,8.73,--,18,15714,卖盘
2759,11:05:51,8.73,0.01,56,48888,买盘
2760,11:05:48,8.72,--,115,100280,卖盘
2761,11:05:45,8.72,--,87,75864,卖盘
2762,11:05:42,8.72,--,105,91560,卖盘
2763,11:05:39,8.72,--,105,91560,卖盘
2764,11:05:36,8.72,--,44,38368,卖盘
2765,11:05:33,8.72,--,25,21800,卖盘
2766,11:05:30,8.72,--,254,221488,卖盘
2767,11:05:27,8.72,--,147,128184,买盘
2768,11:05:24,8.72,--,663,578136,卖盘
2769,11:05:21,8.72,--,60,52320,卖盘
2770,11:05:18,8.72,--,69,60168,卖盘
2771,11:05:15,8.72,-0.01,48,41856,卖盘
2772,11:05:12,8.73,--,78,68094,买盘
2773,11:05:09,8.73,--,1888,1648747,卖盘
2774,11:05:06,8.73,--,517,451341,卖盘
2775,11:05:03,8.73,--,662,578275,卖盘
2776,11:05:00,8.73,--,51,44523,卖盘
2777,11:04:57,8.73,-0.01,307,268011,卖盘
2778,11:04:54,8.74,--,46,40204,买盘
2779,11:04:51,8.74,--,300,262200,买盘
2780,11:04:48,8.74,--,112,97888,买盘
2781,11:04:45,8.74,-0.01,1385,1210664,卖盘
2782,11:04:42,8.75,--,1092,955500,买盘
2783,11:04:39,8.75,0.01,194,169750,买盘
2784,11:04:36,8.74,-0.01,458,400292,卖盘
2785,11:04:33,8.75,--,72,63000,卖盘
2786,11:04:30,8.75,--,1176,1029000,卖盘
2787,11:04:27,8.75,-0.01,293,256375,卖盘
2788,11:04:24,8.76,0.02,1246,1092196,买盘
2789,11:04:21,8.74,-0.01,181,158194,卖盘
2790,11:04:18,8.75,--,268,234500,买盘
2791,11:04:15,8.75,--,622,544250,买盘
2792,11:04:12,8.75,--,499,436625,买盘
2793,11:04:09,8.75,--,424,371000,买盘
2794,11:04:06,8.75,--,170,148750,买盘
2795,11:04:03,8.75,--,115,100625,买盘
2796,11:04:00,8.75,0.01,186,162750,买盘
2797,11:03:57,8.74,--,1424,1244576,卖盘
2798,11:03:54,8.74,--,22,19228,卖盘
2799,11:03:51,8.74,--,179,156446,卖盘
2800,11:03:48,8.74,0.01,381,332994,买盘
2801,11:03:45,8.73,-0.01,44,38412,卖盘
2802,11:03:42,8.74,--,1329,1161546,买盘
2803,11:03:39,8.74,0.01,86,75164,买盘
2804,11:03:36,8.73,-0.02,564,492372,卖盘
2805,11:03:33,8.75,0.01,362,316750,买盘
2806,11:03:30,8.74,--,1173,1025202,买盘
2807,11:03:27,8.74,0.01,219,191406,买盘
2808,11:03:24,8.73,-0.01,488,426024,卖盘
2809,11:03:21,8.74,0.01,448,391552,买盘
2810,11:03:18,8.73,0.01,203,177393,买盘
2811,11:03:15,8.72,-0.01,694,605168,卖盘
2812,11:03:12,8.73,0.01,246,214758,买盘
2813,11:03:09,8.72,-0.01,44,38368,卖盘
2814,11:03:06,8.73,0.01,154,134442,买盘
2815,11:03:03,8.72,--,559,487448,卖盘
2816,11:02:57,8.72,-0.01,111,96792,卖盘
2817,11:02:54,8.73,0.02,459,400707,买盘
2818,11:02:51,8.71,-0.01,2626,2287246,卖盘
2819,11:02:48,8.72,--,1111,968792,买盘
