,time,price,change,volume,amount,type
0,15:00:03,6.75,--,2814,1899450,买盘
1,14:57:00,6.75,--,31,20925,买盘
2,14:56:54,6.75,--,19,12838,买盘
3,14:56:51,6.75,--,44,29700,买盘
4,14:56:48,6.75,--,525,354375,买盘
5,14:56:45,6.75,--,39,26325,买盘
6,14:56:42,6.75,0.01,57,38475,买盘
7,14:56:39,6.74,-0.01,76,51224,卖盘
8,14:56:36,6.75,--,2007,1354725,买盘
9,14:56:33,6.75,0.01,38,25650,买盘
10,14:56:30,6.74,--,26,17524,卖盘
11,14:56:27,6.74,-0.01,8,5392,卖盘
12,14:56:24,6.75,0.01,94,63450,买盘
13,14:56:21,6.74,-0.01,49,33026,卖盘
14,14:56:18,6.75,0.01,314,211950,买盘
15,14:56:15,6.74,-0.01,110,74140,卖盘
16,14:56:12,6.75,--,15,10125,买盘
17,14:56:09,6.75,--,105,70875,买盘
18,14:56:06,6.75,--,25,16875,买盘
19,14:56:03,6.75,--,16,10800,买盘
20,14:56:00,6.75,--,10,6750,买盘
21,14:55:57,6.75,0.01,18,12150,买盘
22,14:55:54,6.74,-0.01,20,13480,卖盘
23,14:55:51,6.75,0.01,19,12825,买盘
24,14:55:48,6.74,-0.01,31,20894,卖盘
25,14:55:45,6.75,0.01,6,4050,买盘
26,14:55:42,6.74,--,13,8762,卖盘
27,14:55:39,6.74,-0.01,1,674,卖盘
28,14:55:36,6.75,0.01,41,27675,买盘
29,14:55:33,6.74,-0.01,12,8088,卖盘
30,14:55:30,6.75,0.01,40,27000,买盘
31,14:55:27,6.74,--,12,8088,卖盘
32,14:55:21,6.74,--,31,20894,卖盘
33,14:55:18,6.74,-0.01,54,36396,卖盘
34,14:55:15,6.75,--,15,10125,买盘
35,14:55:12,6.75,0.01,61,41175,买盘
36,14:55:09,6.74,-0.01,20,13480,卖盘
37,14:55:06,6.75,0.01,52,35100,买盘
38,14:55:03,6.74,-0.01,10,6740,卖盘
39,14:55:00,6.75,0.01,20,13500,买盘
40,14:54:57,6.74,-0.01,20,13480,卖盘
41,14:54:54,6.75,0.01,56,37800,买盘
42,14:54:51,6.74,--,405,272970,卖盘
43,14:54:48,6.74,-0.01,343,231343,卖盘
44,14:54:45,6.75,0.01,152,102600,买盘
45,14:54:42,6.74,--,90,60660,卖盘
46,14:54:39,6.74,--,81,54594,卖盘
47,14:54:36,6.74,-0.01,633,426642,卖盘
48,14:54:33,6.75,--,28,18900,买盘
49,14:54:30,6.75,0.01,87,58725,买盘
50,14:54:27,6.74,-0.01,745,502130,卖盘
51,14:54:24,6.75,0.01,201,135675,买盘
52,14:54:21,6.74,--,41,27634,卖盘
53,14:54:18,6.74,-0.01,28,18872,卖盘
54,14:54:15,6.75,--,87,58725,买盘
55,14:54:12,6.75,--,18,12150,买盘
56,14:54:09,6.75,0.01,25,16875,买盘
57,14:54:06,6.74,-0.01,11,7414,卖盘
58,14:54:03,6.75,0.01,44,29700,买盘
59,14:54:00,6.74,-0.01,500,337000,卖盘
60,14:53:57,6.75,0.01,20,13500,买盘
61,14:53:54,6.74,-0.01,11,7414,卖盘
62,14:53:51,6.75,0.01,2,1350,买盘
63,14:53:48,6.74,-0.01,4,2696,卖盘
64,14:53:45,6.75,--,6,4050,买盘
65,14:53:42,6.75,0.01,46,31050,买盘
66,14:53:39,6.74,-0.01,10,6740,卖盘
67,14:53:36,6.75,0.01,35,23625,买盘
68,14:53:33,6.74,-0.01,25,16850,卖盘
69,14:53:30,6.75,--,12,8100,买盘
70,14:53:27,6.75,0.01,43,29025,买盘
71,14:53:24,6.74,-0.01,1,674,卖盘
72,14:53:21,6.75,0.01,5,3375,买盘
73,14:53:18,6.74,--,7,4718,卖盘
74,14:53:15,6.74,--,45,30330,卖盘
75,14:53:12,6.74,--,27,18198,卖盘
76,14:53:09,6.74,--,2,1348,卖盘
77,14:53:06,6.74,--,13,8762,卖盘
78,14:53:03,6.74,-0.01,34,22916,卖盘
79,14:53:00,6.75,0.01,161,108675,买盘
80,14:52:57,6.74,--,16,10784,卖盘
81,14:52:54,6.74,--,19,12806,卖盘
82,14:52:51,6.74,-0.01,10,6740,卖盘
83,14:52:48,6.75,--,18,12150,买盘
84,14:52:45,6.75,0.01,16,10800,买盘
85,14:52:42,6.74,-0.01,10,6740,卖盘
86,14:52:39,6.75,0.01,23,15525,买盘
87,14:52:36,6.74,-0.01,12,8088,卖盘
88,14:52:33,6.75,--,41,27675,买盘
89,14:52:30,6.75,--,13,8775,买盘
90,14:52:27,6.75,0.01,12,8100,买盘
91,14:52:24,6.74,-0.01,9,6066,卖盘
92,14:52:21,6.75,--,47,31725,买盘
93,14:52:18,6.75,--,23,15525,买盘
94,14:52:15,6.75,--,63,42525,买盘
95,14:52:12,6.75,--,9,6075,买盘
96,14:52:09,6.75,0.01,5,3375,买盘
97,14:52:06,6.74,-0.01,7,4718,卖盘
98,14:52:03,6.75,0.01,8,5400,买盘
99,14:51:57,6.74,-0.01,61,41114,卖盘
100,14:51:54,6.75,--,15,10125,买盘
101,14:51:51,6.75,--,3,2025,买盘
102,14:51:48,6.75,--,30,20520,买盘
103,14:51:45,6.75,--,5,3375,买盘
104,14:51:42,6.75,--,22,14850,买盘
105,14:51:39,6.75,--,30,20250,买盘
106,14:51:36,6.75,--,5,3375,买盘
107,14:51:33,6.75,-0.01,302,204376,卖盘
108,14:51:30,6.76,0.01,29,19604,买盘
109,14:51:27,6.75,--,8,5400,卖盘
110,14:51:24,6.75,-0.01,1,675,卖盘
111,14:51:21,6.76,0.01,138,93436,买盘
112,14:51:18,6.75,-0.01,16,10800,卖盘
113,14:51:15,6.76,--,5,3380,买盘
114,14:51:12,6.76,0.01,15,10140,买盘
115,14:51:09,6.75,--,10,6750,卖盘
116,14:51:06,6.75,-0.01,23,15525,卖盘
117,14:51:03,6.76,0.01,7,4732,买盘
118,14:50:57,6.75,--,50,33750,卖盘
119,14:50:54,6.75,--,18,12150,卖盘
120,14:50:51,6.75,--,319,215325,卖盘
121,14:50:48,6.75,--,1282,865350,买盘
122,14:50:45,6.75,0.01,62,41850,买盘
123,14:50:42,6.74,--,46,31004,卖盘
124,14:50:39,6.74,-0.01,14,9436,卖盘
125,14:50:36,6.75,--,5,3375,买盘
126,14:50:30,6.75,--,28,18900,买盘
127,14:50:27,6.75,--,6,4050,买盘
128,14:50:24,6.75,--,27,18225,买盘
129,14:50:21,6.75,0.01,271,182925,买盘
130,14:50:18,6.74,-0.01,700,471800,卖盘
131,14:50:15,6.75,--,5,3375,买盘
132,14:50:12,6.75,--,21,14175,买盘
133,14:50:09,6.75,--,38,25650,买盘
134,14:50:06,6.75,--,7,4725,买盘
135,14:50:03,6.75,--,13,8775,买盘
136,14:50:00,6.75,--,3,2025,买盘
137,14:49:57,6.75,--,115,77625,买盘
138,14:49:54,6.75,--,19,12825,买盘
139,14:49:51,6.75,--,11,7425,买盘
140,14:49:48,6.75,--,100,67500,买盘
141,14:49:45,6.75,--,17,11475,买盘
142,14:49:42,6.75,0.01,21,14175,买盘
143,14:49:39,6.74,-0.01,16,10784,卖盘
144,14:49:36,6.75,--,204,137700,买盘
145,14:49:33,6.75,--,139,93825,买盘
146,14:49:30,6.75,0.01,299,201825,买盘
147,14:49:27,6.74,-0.01,76,51224,卖盘
148,14:49:24,6.75,--,153,103275,买盘
149,14:49:21,6.75,--,16,10800,买盘
150,14:49:18,6.75,--,11,7425,买盘
151,14:49:15,6.75,--,8,5400,买盘
152,14:49:12,6.75,--,20,13500,买盘
153,14:49:09,6.75,--,30,20250,买盘
154,14:49:06,6.75,0.01,4,2700,买盘
155,14:49:03,6.74,-0.01,6,4044,卖盘
156,14:49:00,6.75,--,16,10800,买盘
157,14:48:57,6.75,--,140,94500,买盘
158,14:48:54,6.75,0.01,83,56025,买盘
159,14:48:51,6.74,-0.01,67,45158,卖盘
160,14:48:48,6.75,--,163,110025,买盘
161,14:48:45,6.75,0.01,123,83025,买盘
162,14:48:42,6.74,-0.01,25,16850,卖盘
163,14:48:39,6.75,--,20,13500,买盘
164,14:48:36,6.75,--,603,407025,买盘
165,14:48:33,6.75,--,3270,2207250,买盘
166,14:48:30,6.75,0.01,474,319950,买盘
167,14:48:27,6.74,--,19,12806,卖盘
168,14:48:24,6.74,-0.01,144,97056,卖盘
169,14:48:21,6.75,0.01,6,4050,买盘
170,14:48:18,6.74,-0.01,14,9436,卖盘
171,14:48:15,6.75,--,27,18225,买盘
172,14:48:12,6.75,0.01,93,62775,买盘
173,14:48:09,6.74,--,32,21568,卖盘
174,14:48:06,6.74,--,51,34374,卖盘
175,14:48:03,6.74,--,456,307478,买盘
176,14:48:00,6.74,0.01,22,14828,买盘
177,14:47:57,6.73,-0.01,142,95566,卖盘
178,14:47:54,6.74,--,525,353850,买盘
179,14:47:51,6.74,--,2,1348,买盘
180,14:47:48,6.74,--,4,2696,买盘
181,14:47:45,6.74,--,11,7414,买盘
182,14:47:42,6.74,0.01,101,68074,买盘
183,14:47:39,6.73,--,325,218725,卖盘
184,14:47:36,6.73,--,1230,827790,卖盘
185,14:47:33,6.73,-0.01,226,152098,卖盘
186,14:47:30,6.74,0.01,127,85598,买盘
187,14:47:27,6.73,-0.01,571,384283,卖盘
188,14:47:24,6.74,--,22,14828,买盘
189,14:47:21,6.74,--,37,24938,买盘
190,14:47:18,6.74,0.01,97,65378,买盘
191,14:47:15,6.73,-0.01,49,32977,卖盘
192,14:47:12,6.74,--,9,6066,买盘
193,14:47:09,6.74,0.01,80,53920,买盘
194,14:47:06,6.73,-0.01,31,20863,卖盘
195,14:47:03,6.74,--,4,2696,买盘
196,14:47:00,6.74,--,75,50550,买盘
197,14:46:57,6.74,--,5,3370,买盘
198,14:46:51,6.74,0.01,28,18872,买盘
199,14:46:48,6.73,-0.01,70,47110,卖盘
200,14:46:45,6.74,--,50,33700,买盘
201,14:46:42,6.74,--,60,40440,买盘
202,14:46:36,6.74,0.01,20,13480,买盘
203,14:46:30,6.73,--,55,37015,卖盘
204,14:46:27,6.73,--,246,165558,卖盘
205,14:46:24,6.73,-0.01,345,232185,卖盘
206,14:46:21,6.74,0.01,71,47854,买盘
207,14:46:18,6.73,-0.01,264,177995,卖盘
208,14:46:15,6.74,--,719,484606,买盘
209,14:46:12,6.74,--,11,7414,买盘
210,14:46:06,6.74,--,160,107840,买盘
211,14:46:03,6.74,--,112,75488,买盘
212,14:46:00,6.74,0.01,107,72118,买盘
213,14:45:57,6.73,-0.01,39,26247,卖盘
214,14:45:54,6.74,--,26,17524,买盘
215,14:45:51,6.74,--,43,28982,买盘
216,14:45:45,6.74,--,4,2696,买盘
217,14:45:42,6.74,--,34,22916,买盘
218,14:45:36,6.74,--,213,143562,买盘
219,14:45:30,6.74,--,154,103796,买盘
220,14:45:27,6.74,0.01,22,14828,买盘
221,14:45:24,6.73,-0.01,9,6057,卖盘
222,14:45:21,6.74,0.01,37,24938,买盘
223,14:45:18,6.73,-0.01,100,67300,卖盘
224,14:45:15,6.74,--,15,10110,买盘
225,14:45:12,6.74,--,11,7414,买盘
226,14:45:09,6.74,--,13,8762,买盘
227,14:45:06,6.74,--,11,7414,买盘
228,14:45:03,6.74,--,14,9436,买盘
229,14:45:00,6.74,--,7,4718,买盘
230,14:44:57,6.74,0.01,24,16176,买盘
231,14:44:54,6.73,-0.01,9,6057,卖盘
232,14:44:51,6.74,--,2,1348,买盘
233,14:44:48,6.74,0.01,18,12132,买盘
234,14:44:45,6.73,-0.01,11,7403,卖盘
235,14:44:42,6.74,--,8,5392,买盘
236,14:44:39,6.74,0.01,116,78184,买盘
237,14:44:36,6.73,--,30,20190,卖盘
238,14:44:33,6.73,-0.01,154,103642,卖盘
239,14:44:30,6.74,0.01,45,30330,买盘
240,14:44:27,6.73,-0.01,116,78068,卖盘
241,14:44:24,6.74,0.01,15,10110,买盘
242,14:44:21,6.73,-0.01,145,97585,卖盘
243,14:44:18,6.74,--,1,674,买盘
244,14:44:15,6.74,--,23,15502,买盘
245,14:44:12,6.74,--,13,8762,买盘
246,14:44:09,6.74,0.01,3,2022,买盘
247,14:44:06,6.73,-0.01,28,18844,卖盘
248,14:44:03,6.74,0.01,43,28982,买盘
249,14:44:00,6.73,--,120,80760,卖盘
250,14:43:57,6.73,-0.01,18,12114,卖盘
251,14:43:51,6.74,--,28,18872,买盘
252,14:43:48,6.74,--,16,10784,买盘
253,14:43:45,6.74,--,10,6740,买盘
254,14:43:42,6.74,--,28,18872,买盘
255,14:43:39,6.74,--,13,8762,买盘
256,14:43:36,6.74,0.01,42,28308,买盘
257,14:43:33,6.73,-0.01,152,102296,卖盘
258,14:43:30,6.74,--,105,70770,买盘
259,14:43:27,6.74,0.01,15,10110,买盘
260,14:43:24,6.73,-0.01,6,4038,卖盘
261,14:43:21,6.74,--,18,12132,买盘
262,14:43:18,6.74,--,13,8762,买盘
263,14:43:15,6.74,--,5,3370,买盘
264,14:43:12,6.74,--,67,45158,买盘
265,14:43:09,6.74,--,54,36396,买盘
266,14:43:06,6.74,--,21,14154,买盘
267,14:43:03,6.74,0.01,2,1348,买盘
268,14:43:00,6.73,--,20,13460,卖盘
269,14:42:57,6.73,-0.01,38,25574,卖盘
270,14:42:54,6.74,--,36,24264,买盘
271,14:42:51,6.74,0.01,6,4044,买盘
272,14:42:48,6.73,-0.01,109,73357,卖盘
273,14:42:45,6.74,--,26,17524,买盘
274,14:42:42,6.74,--,7,4718,买盘
275,14:42:39,6.74,--,3,2022,买盘
276,14:42:36,6.74,--,135,90990,买盘
277,14:42:33,6.74,--,56,37744,买盘
278,14:42:30,6.74,--,14,9436,买盘
279,14:42:27,6.74,0.01,28,18872,买盘
280,14:42:24,6.73,-0.01,105,70665,卖盘
281,14:42:21,6.74,0.01,10,6740,买盘
282,14:42:18,6.73,-0.01,2,1346,卖盘
283,14:42:15,6.74,--,116,78184,买盘
284,14:42:12,6.74,--,84,56616,买盘
285,14:42:09,6.74,--,3,2022,买盘
286,14:42:06,6.74,--,16,10784,买盘
287,14:42:03,6.74,--,102,68748,买盘
288,14:42:00,6.74,0.01,14,9436,买盘
289,14:41:57,6.73,-0.01,54,36342,卖盘
290,14:41:54,6.74,--,137,92338,买盘
291,14:41:51,6.74,--,35,23590,买盘
292,14:41:48,6.74,--,27,18198,买盘
293,14:41:45,6.74,--,10,6740,买盘
294,14:41:42,6.74,--,6,4044,买盘
295,14:41:39,6.74,0.01,11,7414,买盘
296,14:41:36,6.73,-0.01,135,90855,卖盘
297,14:41:33,6.74,0.01,12,8088,买盘
298,14:41:30,6.73,--,7,4711,卖盘
299,14:41:27,6.73,--,41,27593,卖盘
300,14:41:24,6.73,-0.01,6,4038,卖盘
301,14:41:21,6.74,--,8,5392,买盘
302,14:41:15,6.74,--,28,18872,买盘
303,14:41:12,6.74,--,51,34374,买盘
304,14:41:09,6.74,--,31,20894,买盘
305,14:41:06,6.74,--,254,171196,买盘
306,14:41:03,6.74,--,2,1348,买盘
307,14:41:00,6.74,--,3,2022,买盘
308,14:40:57,6.74,--,30,20220,买盘
309,14:40:54,6.74,--,12,8088,买盘
310,14:40:51,6.74,--,32,21568,买盘
311,14:40:48,6.74,--,5,3370,买盘
312,14:40:45,6.74,--,26,17524,买盘
313,14:40:42,6.74,0.01,18,12132,买盘
314,14:40:39,6.73,-0.01,134,90182,卖盘
315,14:40:36,6.74,--,7,4718,买盘
316,14:40:33,6.74,--,14,9436,买盘
317,14:40:30,6.74,0.01,4,2696,买盘
318,14:40:27,6.73,-0.01,10,6730,卖盘
319,14:40:24,6.74,--,3,2022,买盘
320,14:40:21,6.74,--,18,12132,买盘
321,14:40:15,6.74,--,13,8762,买盘
322,14:40:12,6.74,--,8,5392,买盘
323,14:40:09,6.74,--,25,16850,买盘
324,14:40:06,6.74,--,14,9436,买盘
325,14:40:03,6.74,0.01,121,81554,买盘
326,14:40:00,6.73,-0.01,107,72011,卖盘
327,14:39:57,6.74,--,1,674,买盘
328,14:39:54,6.74,--,23,15502,买盘
329,14:39:51,6.74,--,1,674,买盘
330,14:39:48,6.74,--,15,10110,买盘
331,14:39:45,6.74,--,16,10784,买盘
332,14:39:42,6.74,--,147,99078,买盘
333,14:39:36,6.74,--,18,12132,买盘
334,14:39:33,6.74,--,3,2022,买盘
335,14:39:30,6.74,--,30,20220,买盘
336,14:39:27,6.74,0.01,16,10784,买盘
337,14:39:24,6.73,-0.01,21,14133,卖盘
338,14:39:21,6.74,0.01,6,4044,买盘
339,14:39:18,6.73,-0.01,102,68646,卖盘
340,14:39:15,6.74,--,56,37744,买盘
341,14:39:12,6.74,--,9,6066,买盘
342,14:39:09,6.74,0.01,72,48528,买盘
343,14:39:06,6.73,-0.01,12,8076,卖盘
344,14:39:03,6.74,0.01,16,10784,买盘
345,14:39:00,6.73,-0.01,228,153444,卖盘
346,14:38:57,6.74,--,54,36396,买盘
347,14:38:54,6.74,0.01,13,8762,买盘
348,14:38:51,6.73,0.01,7,4711,中性盘
349,14:38:48,6.72,-0.01,103,69216,卖盘
350,14:38:45,6.73,0.01,6,4038,中性盘
351,14:38:42,6.72,-0.01,150,100800,卖盘
352,14:38:36,6.73,--,29,19517,买盘
353,14:38:33,6.73,--,5,3365,买盘
354,14:38:30,6.73,--,20,13460,买盘
355,14:38:27,6.73,-0.01,85,57205,卖盘
356,14:38:24,6.74,0.01,4,2696,买盘
357,14:38:21,6.73,--,34,22882,卖盘
358,14:38:18,6.73,--,10,6730,卖盘
359,14:38:15,6.73,-0.01,17,11441,卖盘
360,14:38:12,6.74,--,14,9436,买盘
361,14:38:09,6.74,--,27,18198,买盘
362,14:38:06,6.74,0.01,12,8627,买盘
363,14:38:03,6.73,--,56,37688,卖盘
364,14:38:00,6.73,-0.01,2,1346,卖盘
365,14:37:57,6.74,0.01,18,12132,买盘
366,14:37:54,6.73,--,51,34457,买盘
367,14:37:51,6.73,-0.01,49,33515,卖盘
368,14:37:48,6.74,--,10,6740,买盘
369,14:37:45,6.74,--,149,100426,买盘
370,14:37:42,6.74,--,8,5392,买盘
371,14:37:36,6.74,--,17,11458,买盘
372,14:37:30,6.74,--,12,8088,买盘
373,14:37:27,6.74,--,47,31812,买盘
374,14:37:24,6.74,--,39,26286,买盘
375,14:37:21,6.74,--,19,12806,买盘
376,14:37:18,6.74,--,25,16850,买盘
377,14:37:15,6.74,--,206,138844,买盘
378,14:37:12,6.74,--,24,16176,买盘
379,14:37:09,6.74,--,71,47854,买盘
380,14:37:06,6.74,--,22,14828,买盘
381,14:37:03,6.74,--,15,10110,买盘
382,14:37:00,6.74,0.01,295,198830,买盘
383,14:36:57,6.73,-0.01,29,19517,卖盘
384,14:36:54,6.74,--,1,674,买盘
385,14:36:51,6.74,--,16,10784,买盘
386,14:36:45,6.74,--,239,161086,买盘
387,14:36:42,6.74,--,13,8762,买盘
388,14:36:39,6.74,--,13,8762,买盘
389,14:36:36,6.74,--,13,8762,买盘
390,14:36:33,6.74,--,22,14828,买盘
391,14:36:30,6.74,--,17,11458,买盘
392,14:36:27,6.74,--,4,2696,买盘
393,14:36:24,6.74,--,4,2696,买盘
394,14:36:21,6.74,--,362,243988,买盘
395,14:36:18,6.74,--,14,9436,买盘
396,14:36:15,6.74,--,9,6066,买盘
397,14:36:12,6.74,0.01,14,9436,买盘
398,14:36:09,6.73,-0.01,211,142003,卖盘
399,14:36:06,6.74,--,24,16176,买盘
400,14:36:03,6.74,--,1,674,买盘
401,14:36:00,6.74,0.01,184,124016,买盘
402,14:35:57,6.73,0.01,20,13460,买盘
403,14:35:54,6.72,--,102,68544,卖盘
404,14:35:51,6.72,--,19,12768,卖盘
405,14:35:48,6.72,-0.01,131,88032,卖盘
406,14:35:45,6.73,--,17,11441,买盘
407,14:35:42,6.73,-0.01,6,4038,中性盘
408,14:35:39,6.74,--,3,2022,买盘
409,14:35:36,6.74,0.01,111,74814,买盘
410,14:35:33,6.73,--,46,30958,买盘
411,14:35:30,6.73,--,81,54513,买盘
412,14:35:27,6.73,--,17,11441,买盘
413,14:35:24,6.73,0.01,26,17498,买盘
414,14:35:21,6.72,-0.01,18,12096,卖盘
415,14:35:18,6.73,--,72,48456,买盘
416,14:35:15,6.73,--,10,6730,买盘
417,14:35:12,6.73,--,15,10095,买盘
418,14:35:09,6.73,--,3,2019,买盘
419,14:35:06,6.73,--,10,6730,买盘
420,14:35:03,6.73,--,2,1346,买盘
421,14:35:00,6.73,--,28,18844,买盘
422,14:34:57,6.73,--,16,10768,买盘
423,14:34:54,6.73,0.01,12,8076,买盘
424,14:34:51,6.72,--,300,201600,卖盘
425,14:34:48,6.72,-0.01,129,86688,卖盘
426,14:34:45,6.73,--,12,8076,买盘
427,14:34:42,6.73,--,5,3365,买盘
428,14:34:39,6.73,0.01,14,9422,买盘
429,14:34:36,6.72,-0.01,6,4032,卖盘
430,14:34:33,6.73,--,4,2692,买盘
431,14:34:30,6.73,--,13,8749,买盘
432,14:34:27,6.73,--,30,20190,买盘
433,14:34:24,6.73,--,33,22209,买盘
434,14:34:21,6.73,--,45,30285,买盘
435,14:34:18,6.73,--,17,11441,买盘
436,14:34:15,6.73,--,27,18171,买盘
437,14:34:12,6.73,0.01,10,6730,买盘
438,14:34:09,6.72,-0.01,29,19488,卖盘
439,14:34:06,6.73,0.01,57,38361,买盘
440,14:34:03,6.72,--,37,24864,卖盘
441,14:34:00,6.72,-0.01,70,47040,卖盘
442,14:33:57,6.73,-0.01,74,49802,中性盘
443,14:33:54,6.74,0.01,61,41114,买盘
444,14:33:51,6.73,-0.01,395,265835,卖盘
445,14:33:48,6.74,0.01,3,2022,买盘
446,14:33:45,6.73,-0.01,50,33650,卖盘
447,14:33:42,6.74,0.01,7,4718,买盘
448,14:33:39,6.73,0.01,701,471773,买盘
449,14:33:36,6.72,-0.01,42,28224,卖盘
450,14:33:33,6.73,--,13,8749,买盘
451,14:33:30,6.73,--,4,2692,买盘
452,14:33:27,6.73,--,26,17498,买盘
453,14:33:24,6.73,--,14,9422,买盘
454,14:33:21,6.73,--,90,60570,买盘
455,14:33:18,6.73,--,13,8749,买盘
456,14:33:15,6.73,0.01,15,10095,买盘
457,14:33:12,6.72,-0.01,28,18816,卖盘
458,14:33:09,6.73,--,116,78068,买盘
459,14:33:06,6.73,--,12,8076,买盘
460,14:33:03,6.73,--,41,27593,买盘
461,14:33:00,6.73,--,16,10768,买盘
462,14:32:57,6.73,--,21,14133,买盘
463,14:32:54,6.73,--,135,90855,买盘
464,14:32:51,6.73,--,3,2019,买盘
465,14:32:48,6.73,--,46,30958,买盘
466,14:32:45,6.73,--,20,13460,买盘
467,14:32:42,6.73,--,11,7403,买盘
468,14:32:39,6.73,--,13,8749,买盘
469,14:32:36,6.73,--,6,4038,买盘
470,14:32:33,6.73,--,13,8749,买盘
471,14:32:30,6.73,--,5,3365,买盘
472,14:32:27,6.73,0.01,21,14133,买盘
473,14:32:24,6.72,--,45,30240,买盘
474,14:32:21,6.72,0.01,47,31584,买盘
475,14:32:18,6.71,-0.01,7,4697,卖盘
476,14:32:15,6.72,--,236,158592,买盘
477,14:32:12,6.72,--,14,9408,买盘
478,14:32:09,6.72,--,50,33600,买盘
479,14:32:06,6.72,--,131,88032,买盘
480,14:32:03,6.72,--,27,18144,买盘
481,14:32:00,6.72,--,48,32256,买盘
482,14:31:57,6.72,0.01,7,4704,买盘
483,14:31:54,6.71,-0.01,162,108702,卖盘
484,14:31:51,6.72,--,42,28224,买盘
485,14:31:48,6.72,--,111,74592,买盘
486,14:31:45,6.72,--,32,21504,买盘
487,14:31:42,6.72,--,27,18144,买盘
488,14:31:39,6.72,--,1,672,买盘
489,14:31:36,6.72,0.01,21,14112,买盘
490,14:31:33,6.71,-0.01,30,20130,卖盘
491,14:31:30,6.72,--,18,12096,买盘
492,14:31:27,6.72,--,21,14112,买盘
493,14:31:24,6.72,--,84,56448,买盘
494,14:31:21,6.72,--,19,12768,买盘
495,14:31:18,6.72,--,37,24864,买盘
496,14:31:15,6.72,--,5,3360,买盘
497,14:31:12,6.72,--,29,19488,买盘
498,14:31:09,6.72,--,70,47040,买盘
499,14:31:06,6.72,-0.01,57,38304,卖盘
500,14:31:03,6.73,--,26,17498,买盘
501,14:31:00,6.73,--,67,45091,买盘
502,14:30:57,6.73,0.01,165,111045,买盘
503,14:30:54,6.72,--,67,45024,买盘
504,14:30:51,6.72,--,5,3360,买盘
505,14:30:48,6.72,--,14,9408,买盘
506,14:30:45,6.72,--,5,3360,买盘
507,14:30:42,6.72,0.01,11,7392,买盘
508,14:30:39,6.71,-0.01,61,41118,卖盘
509,14:30:36,6.72,-0.01,212,142947,卖盘
510,14:30:33,6.73,--,102,68646,买盘
511,14:30:30,6.73,--,75,50475,买盘
512,14:30:27,6.73,0.01,9,6057,买盘
513,14:30:24,6.72,-0.01,563,378336,卖盘
514,14:30:21,6.73,--,10,6730,买盘
515,14:30:18,6.73,--,1,673,买盘
516,14:30:15,6.73,--,90,60570,买盘
517,14:30:12,6.73,--,27,18171,买盘
518,14:30:09,6.73,--,13,8749,买盘
519,14:30:06,6.73,--,39,26247,买盘
520,14:30:03,6.73,--,40,26920,买盘
521,14:30:00,6.73,0.01,14,9422,买盘
522,14:29:57,6.72,-0.01,146,98112,卖盘
523,14:29:51,6.73,0.01,59,39707,买盘
524,14:29:48,6.72,-0.01,137,92064,卖盘
525,14:29:45,6.73,--,4,2692,买盘
526,14:29:42,6.73,0.01,32,21536,买盘
527,14:29:39,6.72,-0.01,104,69888,卖盘
528,14:29:36,6.73,--,11,7403,买盘
529,14:29:33,6.73,--,7,4711,买盘
530,14:29:30,6.73,--,16,10768,买盘
531,14:29:27,6.73,--,9,6057,买盘
532,14:29:24,6.73,--,8,5384,买盘
533,14:29:21,6.73,--,11,7403,买盘
534,14:29:18,6.73,--,20,13460,买盘
535,14:29:15,6.73,--,12,8076,买盘
536,14:29:12,6.73,--,36,24228,买盘
537,14:29:09,6.73,--,25,16825,买盘
538,14:29:06,6.73,--,16,10768,买盘
539,14:29:03,6.73,--,2,1346,买盘
540,14:29:00,6.73,--,145,97585,买盘
541,14:28:57,6.73,--,17,11441,买盘
542,14:28:54,6.73,--,83,55859,买盘
543,14:28:51,6.73,--,10,6730,买盘
544,14:28:48,6.73,0.01,125,84125,买盘
545,14:28:45,6.72,-0.01,180,120960,卖盘
546,14:28:42,6.73,--,24,16152,买盘
547,14:28:39,6.73,--,70,47110,买盘
548,14:28:36,6.73,--,49,32977,买盘
549,14:28:33,6.73,--,6,4038,买盘
550,14:28:30,6.73,--,23,15479,买盘
551,14:28:27,6.73,--,32,21536,买盘
552,14:28:24,6.73,--,74,49802,买盘
553,14:28:21,6.73,--,16,10768,买盘
554,14:28:18,6.73,--,60,40380,买盘
555,14:28:15,6.73,--,15,10095,买盘
556,14:28:12,6.73,--,59,39707,买盘
557,14:28:09,6.73,--,11,7403,买盘
558,14:28:06,6.73,--,155,104315,买盘
559,14:28:03,6.73,--,145,97585,买盘
560,14:28:00,6.73,--,21,14133,买盘
561,14:27:57,6.73,--,50,33650,买盘
562,14:27:54,6.73,0.01,84,56532,买盘
563,14:27:51,6.72,-0.01,81,54432,卖盘
564,14:27:48,6.73,--,4,2692,买盘
565,14:27:45,6.73,--,13,8749,买盘
566,14:27:42,6.73,--,19,12787,买盘
567,14:27:39,6.73,--,20,13460,买盘
568,14:27:36,6.73,0.01,19,12787,买盘
569,14:27:33,6.72,-0.01,124,83516,卖盘
570,14:27:30,6.73,--,16,10768,买盘
571,14:27:27,6.73,--,8,5384,买盘
572,14:27:24,6.73,--,15,10095,买盘
573,14:27:21,6.73,--,24,16152,买盘
574,14:27:18,6.73,--,29,19517,买盘
575,14:27:15,6.73,--,10,6730,买盘
576,14:27:12,6.73,--,113,76049,买盘
577,14:27:09,6.73,0.01,2,1346,买盘
578,14:27:06,6.72,0.01,40,26880,买盘
579,14:27:03,6.71,--,134,89914,卖盘
580,14:26:57,6.71,-0.01,19,12749,卖盘
581,14:26:54,6.72,--,15,10080,买盘
582,14:26:51,6.72,0.01,1,672,买盘
583,14:26:48,6.71,-0.01,10,6710,卖盘
584,14:26:45,6.72,--,68,45696,买盘
585,14:26:42,6.72,--,19,12768,买盘
586,14:26:39,6.72,--,6,4032,买盘
587,14:26:36,6.72,--,17,11424,买盘
588,14:26:33,6.72,--,18,12096,买盘
589,14:26:30,6.72,--,15,10080,买盘
590,14:26:27,6.72,--,13,8736,买盘
591,14:26:24,6.72,--,14,9408,买盘
592,14:26:21,6.72,--,77,51744,买盘
593,14:26:18,6.72,--,5,3360,买盘
594,14:26:15,6.72,--,10,6720,买盘
595,14:26:12,6.72,--,53,35616,买盘
596,14:26:09,6.72,--,27,18144,买盘
597,14:26:06,6.72,--,19,12768,买盘
598,14:26:03,6.72,-0.01,23,15456,卖盘
599,14:26:00,6.73,--,72,48456,买盘
600,14:25:57,6.73,0.01,23,15479,买盘
601,14:25:54,6.72,--,7,4704,买盘
602,14:25:51,6.72,-0.01,29,19488,中性盘
603,14:25:48,6.73,0.01,24,16152,买盘
604,14:25:45,6.72,--,3,2016,买盘
605,14:25:42,6.72,-0.01,58,38976,卖盘
606,14:25:39,6.73,--,24,16152,买盘
607,14:25:36,6.73,--,66,44418,买盘
608,14:25:33,6.73,--,37,24901,买盘
609,14:25:30,6.73,--,3,2019,买盘
610,14:25:27,6.73,--,20,13460,买盘
611,14:25:24,6.73,--,26,17498,买盘
612,14:25:21,6.73,0.01,11,7403,买盘
613,14:25:18,6.72,--,12,8064,买盘
614,14:25:15,6.72,--,7,4704,买盘
615,14:25:12,6.72,--,147,98784,买盘
616,14:25:09,6.72,-0.01,87,58464,卖盘
617,14:25:06,6.73,--,18,12114,买盘
618,14:25:03,6.73,--,6,4038,买盘
619,14:25:00,6.73,0.01,19,12787,买盘
620,14:24:57,6.72,-0.01,59,39648,卖盘
621,14:24:54,6.73,--,24,16152,买盘
622,14:24:51,6.73,--,165,111045,买盘
623,14:24:45,6.73,0.01,50,33650,买盘
624,14:24:42,6.72,--,30,20160,买盘
625,14:24:39,6.72,--,9,6048,买盘
626,14:24:36,6.72,0.01,11,7392,买盘
627,14:24:33,6.71,-0.01,313,210023,卖盘
628,14:24:30,6.72,--,165,110880,卖盘
629,14:24:27,6.72,--,24,16128,卖盘
630,14:24:24,6.72,--,58,38976,买盘
631,14:24:21,6.72,--,48,32256,买盘
632,14:24:18,6.72,--,33,22176,买盘
633,14:24:15,6.72,--,52,34944,买盘
634,14:24:12,6.72,0.01,8,5376,买盘
635,14:24:09,6.71,-0.01,173,116083,卖盘
636,14:24:06,6.72,--,37,24864,买盘
637,14:24:03,6.72,0.01,121,81312,买盘
638,14:24:00,6.71,-0.01,206,138226,卖盘
639,14:23:57,6.72,0.01,30,20160,买盘
640,14:23:54,6.71,-0.01,29,19459,卖盘
641,14:23:51,6.72,0.01,12,8064,买盘
642,14:23:48,6.71,-0.01,60,40260,卖盘
643,14:23:45,6.72,--,2,1344,买盘
644,14:23:42,6.72,--,36,24192,买盘
645,14:23:39,6.72,--,2,1344,买盘
646,14:23:36,6.72,--,20,13440,买盘
647,14:23:33,6.72,--,6,4032,买盘
648,14:23:30,6.72,--,3,2016,买盘
649,14:23:27,6.72,--,15,10080,买盘
650,14:23:24,6.72,--,13,8736,买盘
651,14:23:21,6.72,--,41,27552,买盘
652,14:23:15,6.72,--,86,57792,买盘
653,14:23:12,6.72,--,142,95424,买盘
654,14:23:09,6.72,--,73,49056,买盘
655,14:23:06,6.72,--,33,22176,买盘
656,14:23:03,6.72,--,49,32928,买盘
657,14:23:00,6.72,--,22,14784,买盘
658,14:22:54,6.72,--,23,15456,买盘
659,14:22:51,6.72,--,137,92064,买盘
660,14:22:45,6.72,--,15,10080,买盘
661,14:22:42,6.72,--,92,61824,买盘
662,14:22:39,6.72,--,9,6048,买盘
663,14:22:36,6.72,0.01,52,34944,买盘
664,14:22:33,6.71,-0.01,23,15433,卖盘
665,14:22:30,6.72,--,19,12768,买盘
666,14:22:27,6.72,--,414,278208,买盘
667,14:22:24,6.72,--,14,9408,买盘
668,14:22:21,6.72,--,33,22176,买盘
669,14:22:18,6.72,--,4,2688,买盘
670,14:22:15,6.72,--,94,63168,买盘
671,14:22:12,6.72,--,144,96768,买盘
672,14:22:09,6.72,--,27,18144,买盘
673,14:22:06,6.72,--,32,21504,买盘
674,14:22:03,6.72,0.01,22,14784,买盘
675,14:22:00,6.71,-0.01,9,6039,卖盘
676,14:21:57,6.72,--,18,12096,买盘
677,14:21:54,6.72,--,20,13440,买盘
678,14:21:51,6.72,--,6,4032,买盘
679,14:21:48,6.72,--,59,39648,买盘
680,14:21:45,6.72,--,6,4032,买盘
681,14:21:42,6.72,--,6,4032,买盘
682,14:21:39,6.72,--,4,2688,买盘
683,14:21:36,6.72,--,51,34272,买盘
684,14:21:33,6.72,0.01,36,24192,买盘
685,14:21:30,6.71,-0.01,13,8723,卖盘
686,14:21:27,6.72,--,3,2016,买盘
687,14:21:24,6.72,0.01,75,50400,买盘
688,14:21:21,6.71,-0.01,34,22814,卖盘
689,14:21:15,6.72,--,197,132384,买盘
690,14:21:12,6.72,--,15,10080,买盘
691,14:21:09,6.72,--,37,24864,买盘
692,14:21:06,6.72,--,146,98112,买盘
693,14:21:03,6.72,--,15,10080,买盘
694,14:21:00,6.72,--,8,5376,买盘
695,14:20:57,6.72,--,4,2688,买盘
696,14:20:54,6.72,0.01,351,235872,买盘
697,14:20:51,6.71,-0.01,19,12749,卖盘
698,14:20:45,6.72,--,19,12768,买盘
699,14:20:42,6.72,0.01,20,13440,买盘
700,14:20:39,6.71,-0.01,60,40260,卖盘
701,14:20:36,6.72,0.01,42,28224,买盘
702,14:20:33,6.71,-0.01,96,64416,卖盘
703,14:20:30,6.72,0.01,61,40992,买盘
704,14:20:27,6.71,-0.01,193,129503,卖盘
705,14:20:24,6.72,--,22,14784,买盘
706,14:20:21,6.72,--,159,106848,买盘
707,14:20:18,6.72,--,227,152544,买盘
708,14:20:15,6.72,--,16,10752,买盘
709,14:20:12,6.72,0.01,134,90048,买盘
710,14:20:09,6.71,--,1252,840092,卖盘
711,14:20:06,6.71,-0.01,63,42273,卖盘
712,14:20:03,6.72,--,639,429408,买盘
713,14:20:00,6.72,--,106,71232,买盘
714,14:19:57,6.72,--,16,10752,买盘
715,14:19:54,6.72,--,5,3360,买盘
716,14:19:51,6.72,--,38,25536,买盘
717,14:19:45,6.72,--,32,21504,买盘
718,14:19:42,6.72,--,4,2688,买盘
719,14:19:39,6.72,--,21,14112,买盘
720,14:19:36,6.72,0.01,348,233856,买盘
721,14:19:33,6.71,-0.01,98,65758,卖盘
722,14:19:30,6.72,--,38,25536,买盘
723,14:19:27,6.72,--,3,2016,买盘
724,14:19:24,6.72,--,18,12096,买盘
725,14:19:21,6.72,0.01,19,12768,买盘
726,14:19:18,6.71,-0.01,129,86559,卖盘
727,14:19:15,6.72,--,8,5376,买盘
728,14:19:12,6.72,--,42,28224,买盘
729,14:19:09,6.72,--,5,3360,买盘
730,14:19:06,6.72,--,47,31584,买盘
731,14:19:03,6.72,--,16,10752,买盘
732,14:19:00,6.72,--,34,22848,买盘
733,14:18:57,6.72,--,8,5376,买盘
734,14:18:54,6.72,--,4,2688,买盘
735,14:18:51,6.72,--,13,8736,买盘
736,14:18:48,6.72,--,54,36288,买盘
737,14:18:45,6.72,--,28,18816,买盘
738,14:18:42,6.72,--,20,13440,买盘
739,14:18:39,6.72,--,13,8736,买盘
740,14:18:36,6.72,--,7,4704,买盘
741,14:18:33,6.72,--,53,35616,买盘
742,14:18:30,6.72,--,2,1344,买盘
743,14:18:27,6.72,--,46,30912,买盘
744,14:18:24,6.72,--,32,21504,买盘
745,14:18:21,6.72,--,108,72576,买盘
746,14:18:18,6.72,--,132,88704,买盘
747,14:18:15,6.72,--,71,47712,买盘
748,14:18:12,6.72,--,15,10080,买盘
749,14:18:09,6.72,0.01,31,20832,买盘
750,14:18:06,6.71,-0.01,673,451583,卖盘
751,14:18:03,6.72,--,8,5376,买盘
752,14:17:57,6.72,0.01,2,1344,买盘
753,14:17:54,6.71,-0.01,25,16775,卖盘
754,14:17:51,6.72,--,7,4704,买盘
755,14:17:48,6.72,--,62,41664,买盘
756,14:17:45,6.72,--,16,10752,买盘
757,14:17:42,6.72,0.01,104,69888,买盘
758,14:17:39,6.71,-0.01,7,4697,卖盘
759,14:17:36,6.72,0.01,61,40992,买盘
760,14:17:33,6.71,-0.01,110,73810,卖盘
761,14:17:30,6.72,0.01,26,17472,买盘
762,14:17:27,6.71,--,19,12749,卖盘
763,14:17:24,6.71,-0.01,6,4026,卖盘
764,14:17:21,6.72,--,171,114912,买盘
765,14:17:18,6.72,--,14,9408,买盘
766,14:17:15,6.72,--,19,12768,买盘
767,14:17:12,6.72,--,17,11424,买盘
768,14:17:09,6.72,--,9,6048,买盘
769,14:17:06,6.72,--,27,18144,买盘
770,14:17:03,6.72,--,4,2688,买盘
771,14:17:00,6.72,0.01,14,9408,买盘
772,14:16:57,6.71,-0.01,21,14091,卖盘
773,14:16:54,6.72,--,114,76608,买盘
774,14:16:51,6.72,--,5,3360,买盘
775,14:16:48,6.72,--,20,13440,买盘
776,14:16:45,6.72,--,588,395136,买盘
777,14:16:42,6.72,--,18,12096,买盘
778,14:16:39,6.72,--,14,9408,买盘
779,14:16:36,6.72,--,14,9408,买盘
780,14:16:33,6.72,--,122,81984,买盘
781,14:16:30,6.72,--,31,20832,买盘
782,14:16:27,6.72,--,28,18816,买盘
783,14:16:24,6.72,--,135,90720,买盘
784,14:16:21,6.72,--,5,3360,买盘
785,14:16:18,6.72,--,19,12768,买盘
786,14:16:15,6.72,--,38,25536,买盘
787,14:16:12,6.72,--,21,14112,买盘
788,14:16:09,6.72,--,13,8736,买盘
789,14:16:06,6.72,--,80,53760,买盘
790,14:16:03,6.72,--,10,6720,买盘
791,14:15:57,6.72,--,4,2688,买盘
792,14:15:54,6.72,--,19,12768,买盘
793,14:15:51,6.72,--,7,4704,买盘
794,14:15:45,6.72,--,24,16128,买盘
795,14:15:42,6.72,--,20,13440,买盘
796,14:15:39,6.72,0.02,9,6048,买盘
797,14:15:36,6.7,-0.02,75,50250,卖盘
798,14:15:33,6.72,--,37,24864,买盘
799,14:15:30,6.72,0.01,43,28896,买盘
800,14:15:27,6.71,--,8,5368,买盘
801,14:15:24,6.71,-0.01,145,97295,中性盘
802,14:15:21,6.72,--,119,79968,买盘
803,14:15:18,6.72,0.01,4,2688,买盘
804,14:15:15,6.71,--,425,285175,买盘
805,14:15:12,6.71,-0.01,41,27511,卖盘
806,14:15:09,6.72,--,45,30240,买盘
807,14:15:06,6.72,0.02,19,12768,买盘
808,14:15:03,6.7,-0.02,107,71690,卖盘
809,14:15:00,6.72,0.01,13,8736,买盘
810,14:14:57,6.71,-0.01,86,57706,卖盘
811,14:14:54,6.72,--,1,672,买盘
812,14:14:51,6.72,--,19,12768,买盘
813,14:14:48,6.72,0.01,104,70076,买盘
814,14:14:45,6.71,--,45,30195,买盘
815,14:14:42,6.71,--,151,101321,买盘
816,14:14:39,6.71,--,19,12749,买盘
817,14:14:36,6.71,--,30,20130,买盘
818,14:14:33,6.71,--,19,12749,买盘
819,14:14:30,6.71,--,7,4697,买盘
820,14:14:27,6.71,-0.01,144,97107,卖盘
821,14:14:24,6.72,--,118,79296,买盘
822,14:14:21,6.72,--,6,4032,买盘
823,14:14:18,6.72,--,27,18144,买盘
824,14:14:15,6.72,--,23,15456,买盘
825,14:14:12,6.72,0.01,29,19488,买盘
826,14:14:09,6.71,--,168,112915,买盘
827,14:14:06,6.71,--,19,12749,买盘
828,14:14:03,6.71,--,125,83875,买盘
829,14:14:00,6.71,--,9,6039,买盘
830,14:13:57,6.71,--,5,3355,买盘
831,14:13:54,6.71,--,24,16104,买盘
832,14:13:51,6.71,0.01,27,18117,买盘
833,14:13:48,6.7,-0.01,78,52260,卖盘
834,14:13:45,6.71,0.01,104,69784,买盘
835,14:13:42,6.7,-0.01,30,20100,卖盘
836,14:13:39,6.71,--,108,72468,买盘
837,14:13:36,6.71,--,156,104676,买盘
838,14:13:33,6.71,--,36,24156,买盘
839,14:13:30,6.71,--,180,120780,买盘
840,14:13:27,6.71,--,19,12749,买盘
841,14:13:24,6.71,--,49,32879,买盘
842,14:13:21,6.71,--,12,8052,买盘
843,14:13:18,6.71,--,13,8723,买盘
844,14:13:15,6.71,--,14,9394,买盘
845,14:13:12,6.71,--,25,16775,买盘
846,14:13:09,6.71,--,18,12078,买盘
847,14:13:06,6.71,--,221,148291,买盘
848,14:13:03,6.71,--,6,4026,买盘
849,14:13:00,6.71,--,16,10736,买盘
850,14:12:57,6.71,--,83,55693,买盘
851,14:12:54,6.71,--,1032,692472,买盘
852,14:12:51,6.71,--,131,87901,买盘
853,14:12:48,6.71,--,1,671,买盘
854,14:12:45,6.71,--,40,26840,买盘
855,14:12:42,6.71,--,76,50996,买盘
856,14:12:39,6.71,--,139,93269,买盘
857,14:12:36,6.71,--,46,30866,买盘
858,14:12:33,6.71,--,104,69784,买盘
859,14:12:30,6.71,--,198,132858,买盘
860,14:12:27,6.71,--,127,85217,买盘
861,14:12:24,6.71,--,36,24156,买盘
862,14:12:21,6.71,--,8,5368,买盘
863,14:12:18,6.71,--,100,67100,买盘
864,14:12:15,6.71,--,7,4697,买盘
865,14:12:12,6.71,0.01,23,15433,买盘
866,14:12:09,6.7,-0.01,117,78390,卖盘
867,14:12:06,6.71,--,47,31537,买盘
868,14:12:03,6.71,--,138,92598,买盘
869,14:12:00,6.71,--,10,6710,买盘
870,14:11:57,6.71,--,152,102475,卖盘
871,14:11:54,6.71,-0.01,144,96624,卖盘
872,14:11:51,6.72,--,2,1344,买盘
873,14:11:48,6.72,--,4,2688,买盘
874,14:11:45,6.72,--,105,70560,买盘
875,14:11:42,6.72,0.01,111,74592,买盘
876,14:11:39,6.71,-0.01,41,27511,卖盘
877,14:11:36,6.72,0.01,910,611520,买盘
878,14:11:33,6.71,--,185,124135,卖盘
879,14:11:30,6.71,--,119,79849,卖盘
880,14:11:27,6.71,-0.01,161,108031,卖盘
881,14:11:21,6.72,--,5,3360,买盘
882,14:11:18,6.72,--,4,2688,买盘
883,14:11:15,6.72,0.01,148,99456,买盘
884,14:11:12,6.71,--,421,282491,卖盘
885,14:11:09,6.71,--,433,290543,卖盘
886,14:11:06,6.71,-0.01,1941,1302411,卖盘
887,14:11:03,6.72,--,61,40992,买盘
888,14:11:00,6.72,--,4,2688,买盘
889,14:10:57,6.72,0.01,3,2016,买盘
890,14:10:54,6.71,-0.01,127,85217,卖盘
891,14:10:51,6.72,--,1,672,买盘
892,14:10:48,6.72,--,215,144480,买盘
893,14:10:45,6.72,0.01,3,2016,买盘
894,14:10:42,6.71,--,212,142252,卖盘
895,14:10:39,6.71,-0.01,7,4697,卖盘
896,14:10:36,6.72,0.01,25,16800,买盘
897,14:10:33,6.71,-0.01,225,150975,卖盘
898,14:10:30,6.72,0.01,806,541632,买盘
899,14:10:27,6.71,--,73,48983,卖盘
900,14:10:24,6.71,-0.01,59,39589,卖盘
901,14:10:21,6.72,--,21,14112,买盘
902,14:10:18,6.72,--,94,63168,买盘
903,14:10:15,6.72,--,110,73920,买盘
904,14:10:12,6.72,--,4,2688,买盘
905,14:10:09,6.72,--,195,131040,买盘
906,14:10:06,6.72,0.01,162,108864,买盘
907,14:10:03,6.71,-0.01,45,30195,卖盘
908,14:10:00,6.72,0.01,56,37632,买盘
909,14:09:57,6.71,--,166,111386,卖盘
910,14:09:54,6.71,--,124,83204,卖盘
911,14:09:51,6.71,--,100,67100,卖盘
912,14:09:48,6.71,-0.01,19,12749,卖盘
913,14:09:45,6.72,--,655,440160,买盘
914,14:09:42,6.72,--,293,196896,买盘
915,14:09:39,6.72,--,7,4704,买盘
916,14:09:36,6.72,0.01,135,90720,买盘
917,14:09:33,6.71,--,106,71126,卖盘
918,14:09:30,6.71,-0.01,142,95282,卖盘
919,14:09:27,6.72,0.01,9,6048,买盘
920,14:09:24,6.71,-0.01,50,33550,卖盘
921,14:09:21,6.72,--,33,22176,买盘
922,14:09:18,6.72,0.01,87,58464,买盘
923,14:09:15,6.71,-0.01,40,26840,卖盘
924,14:09:12,6.72,--,205,137760,买盘
925,14:09:09,6.72,--,555,372960,买盘
926,14:09:06,6.72,0.01,19,12768,买盘
927,14:09:03,6.71,-0.01,1001,671671,卖盘
928,14:09:00,6.72,--,79,53088,买盘
929,14:08:57,6.72,--,220,147840,买盘
930,14:08:54,6.72,--,60,40320,买盘
931,14:08:51,6.72,--,8,5376,买盘
932,14:08:48,6.72,--,230,154560,买盘
933,14:08:45,6.72,0.01,15,10080,买盘
934,14:08:42,6.71,-0.01,68,45628,卖盘
935,14:08:39,6.72,0.01,282,189504,买盘
936,14:08:36,6.71,-0.01,67,44957,卖盘
937,14:08:33,6.72,--,20,13440,买盘
938,14:08:30,6.72,--,58,38976,买盘
939,14:08:27,6.72,--,122,81984,买盘
940,14:08:24,6.72,--,30,20160,买盘
941,14:08:21,6.72,--,6,4032,买盘
942,14:08:18,6.72,-0.01,25,16800,卖盘
943,14:08:15,6.73,--,129,86817,买盘
944,14:08:12,6.73,0.01,10,6730,买盘
945,14:08:09,6.72,--,157,105504,卖盘
946,14:08:06,6.72,--,374,251328,卖盘
947,14:08:00,6.72,0.01,26,17472,买盘
948,14:07:57,6.71,-0.01,148,99308,卖盘
949,14:07:54,6.72,-0.01,129,86688,卖盘
950,14:07:51,6.73,--,1,673,买盘
951,14:07:48,6.73,0.01,8,5384,买盘
952,14:07:45,6.72,-0.01,118,79296,卖盘
953,14:07:42,6.73,0.01,136,91528,买盘
954,14:07:39,6.72,-0.01,131,88032,卖盘
955,14:07:36,6.73,--,114,76722,买盘
956,14:07:33,6.73,--,31,20863,买盘
957,14:07:30,6.73,--,13,8749,买盘
958,14:07:27,6.73,--,5,3365,买盘
959,14:07:21,6.73,0.02,42,28266,买盘
960,14:07:18,6.71,-0.02,21,14091,卖盘
961,14:07:15,6.73,--,5,3365,买盘
962,14:07:12,6.73,--,166,111718,买盘
963,14:07:09,6.73,--,14,9422,买盘
964,14:07:06,6.73,--,15,10095,买盘
965,14:07:03,6.73,--,2,1346,买盘
966,14:07:00,6.73,0.01,24,16152,买盘
967,14:06:57,6.72,-0.01,138,92736,卖盘
968,14:06:54,6.73,0.01,162,109026,买盘
969,14:06:51,6.72,--,136,91392,卖盘
970,14:06:48,6.72,-0.01,65,43680,卖盘
971,14:06:45,6.73,--,672,452256,买盘
972,14:06:42,6.73,0.01,230,154790,买盘
973,14:06:39,6.72,-0.01,16,10752,卖盘
974,14:06:36,6.73,0.01,37,24901,买盘
975,14:06:33,6.72,-0.01,19,12768,卖盘
976,14:06:30,6.73,--,4,2692,买盘
977,14:06:27,6.73,--,71,47783,买盘
978,14:06:24,6.73,--,2,1346,买盘
979,14:06:21,6.73,--,12,8076,买盘
980,14:06:18,6.73,--,18,12114,买盘
981,14:06:15,6.73,--,17,11441,买盘
982,14:06:12,6.73,--,22,14806,买盘
983,14:06:09,6.73,--,15,10095,买盘
984,14:06:06,6.73,--,25,16825,买盘
985,14:06:03,6.73,--,30,20190,买盘
986,14:06:00,6.73,0.01,188,126524,买盘
987,14:05:57,6.72,--,85,57120,买盘
988,14:05:54,6.72,--,25,16800,买盘
989,14:05:51,6.72,--,84,56448,买盘
990,14:05:45,6.72,0.01,5,3360,买盘
991,14:05:42,6.71,-0.01,148,99308,卖盘
992,14:05:39,6.72,--,18,12096,买盘
993,14:05:36,6.72,0.01,25,16800,买盘
994,14:05:33,6.71,-0.01,12,8052,卖盘
995,14:05:30,6.72,--,19,12768,买盘
996,14:05:27,6.72,--,28,18816,买盘
997,14:05:24,6.72,--,111,74592,买盘
998,14:05:21,6.72,--,197,132384,买盘
999,14:05:18,6.72,--,75,50400,买盘
1000,14:05:15,6.72,--,5,3360,买盘
1001,14:05:12,6.72,--,92,61824,买盘
1002,14:05:09,6.72,--,26,17472,买盘
1003,14:05:06,6.72,--,16,10752,买盘
1004,14:05:03,6.72,--,28,18816,买盘
1005,14:05:00,6.72,0.01,47,31584,买盘
1006,14:04:57,6.71,-0.01,133,89243,卖盘
1007,14:04:54,6.72,--,15,10080,买盘
1008,14:04:51,6.72,0.01,3,2016,买盘
1009,14:04:48,6.71,-0.01,5,3355,卖盘
1010,14:04:45,6.72,--,171,114912,买盘
1011,14:04:42,6.72,--,79,53088,买盘
1012,14:04:39,6.72,--,70,47040,买盘
1013,14:04:36,6.72,--,44,29568,买盘
1014,14:04:30,6.72,--,21,14112,买盘
1015,14:04:27,6.72,--,124,83328,买盘
1016,14:04:24,6.72,--,14,9408,买盘
1017,14:04:21,6.72,--,8,5376,买盘
1018,14:04:18,6.72,--,3,2016,买盘
1019,14:04:15,6.72,--,159,106848,买盘
1020,14:04:12,6.72,--,18,12096,买盘
1021,14:04:06,6.72,0.01,20,13440,买盘
1022,14:04:03,6.71,-0.01,63,42273,卖盘
1023,14:04:00,6.72,--,4,2688,买盘
1024,14:03:57,6.72,--,21,14112,买盘
1025,14:03:51,6.72,0.01,22,14784,买盘
1026,14:03:48,6.71,-0.01,130,87230,卖盘
1027,14:03:45,6.72,0.01,3,2016,买盘
1028,14:03:42,6.71,-0.01,27,18117,卖盘
1029,14:03:39,6.72,--,13,8736,买盘
1030,14:03:36,6.72,--,104,69888,买盘
1031,14:03:30,6.72,--,4,2688,买盘
1032,14:03:27,6.72,--,9,6048,买盘
1033,14:03:24,6.72,--,106,71232,买盘
1034,14:03:21,6.72,--,3,2016,买盘
1035,14:03:18,6.72,--,12,8064,买盘
1036,14:03:15,6.72,--,18,12096,买盘
1037,14:03:12,6.72,--,4,2688,买盘
1038,14:03:09,6.72,--,11,7392,买盘
1039,14:03:06,6.72,--,11,7392,买盘
1040,14:03:03,6.72,--,11,7392,买盘
1041,14:03:00,6.72,--,25,16800,买盘
1042,14:02:57,6.72,0.01,4,2688,买盘
1043,14:02:54,6.71,-0.01,5,3355,卖盘
1044,14:02:51,6.72,--,6,4032,买盘
1045,14:02:48,6.72,--,150,100800,买盘
1046,14:02:45,6.72,--,3,2016,买盘
1047,14:02:42,6.72,--,4,2688,买盘
1048,14:02:39,6.72,--,5,3360,买盘
1049,14:02:36,6.72,0.01,77,51744,买盘
1050,14:02:33,6.71,-0.01,21,14091,卖盘
1051,14:02:30,6.72,--,30,20160,买盘
1052,14:02:27,6.72,--,7,4704,买盘
1053,14:02:21,6.72,--,22,14784,买盘
1054,14:02:18,6.72,--,17,11424,买盘
1055,14:02:15,6.72,--,9,6048,买盘
1056,14:02:12,6.72,0.01,5,3360,买盘
1057,14:02:09,6.71,-0.01,21,14091,卖盘
1058,14:02:06,6.72,--,22,14784,买盘
1059,14:02:03,6.72,--,25,16800,买盘
1060,14:02:00,6.72,--,3,2016,买盘
1061,14:01:57,6.72,--,24,16128,买盘
1062,14:01:54,6.72,--,31,20832,买盘
1063,14:01:51,6.72,-0.01,98,65856,卖盘
1064,14:01:45,6.73,0.01,45,30285,买盘
1065,14:01:42,6.72,-0.01,204,137088,卖盘
1066,14:01:36,6.73,--,5,3365,买盘
1067,14:01:33,6.73,--,34,22882,买盘
1068,14:01:30,6.73,--,3,2019,买盘
1069,14:01:27,6.73,--,4,2692,买盘
1070,14:01:24,6.73,0.01,12,8076,买盘
1071,14:01:21,6.72,--,41,27552,买盘
1072,14:01:15,6.72,-0.01,95,63840,卖盘
1073,14:01:12,6.73,--,37,24901,买盘
1074,14:01:09,6.73,--,11,7403,买盘
1075,14:01:06,6.73,--,4,2692,买盘
1076,14:01:03,6.73,--,56,37688,买盘
1077,14:01:00,6.73,0.01,11,7403,买盘
1078,14:00:57,6.72,--,11,7392,卖盘
1079,14:00:54,6.72,-0.01,154,103488,卖盘
1080,14:00:51,6.73,0.01,14,9422,买盘
1081,14:00:48,6.72,-0.01,16,10752,卖盘
1082,14:00:45,6.73,0.01,3,2019,买盘
1083,14:00:42,6.72,-0.01,51,34272,卖盘
1084,14:00:39,6.73,--,14,9422,买盘
1085,14:00:36,6.73,--,3,2019,买盘
1086,14:00:30,6.73,--,23,15479,买盘
1087,14:00:27,6.73,--,15,10095,买盘
1088,14:00:21,6.73,--,14,9422,买盘
1089,14:00:18,6.73,--,14,9422,买盘
1090,14:00:15,6.73,--,7,4711,买盘
1091,14:00:12,6.73,--,23,15479,买盘
1092,14:00:09,6.73,0.01,15,10095,买盘
1093,14:00:06,6.72,--,61,40992,卖盘
1094,14:00:03,6.72,--,17,11424,卖盘
1095,13:59:54,6.72,--,371,249312,买盘
1096,13:59:51,6.72,--,1,672,买盘
1097,13:59:48,6.72,--,2,1344,买盘
1098,13:59:45,6.72,--,2,1344,买盘
1099,13:59:42,6.72,--,125,84000,买盘
1100,13:59:39,6.72,--,1,672,买盘
1101,13:59:36,6.72,--,2,1344,买盘
1102,13:59:33,6.72,--,52,34944,买盘
1103,13:59:30,6.72,--,12,8064,买盘
1104,13:59:27,6.72,0.01,29,19488,买盘
1105,13:59:24,6.71,-0.01,5,3355,卖盘
1106,13:59:21,6.72,--,116,77952,买盘
1107,13:59:15,6.72,--,2,1344,买盘
1108,13:59:12,6.72,--,8,5376,买盘
1109,13:59:09,6.72,--,14,9408,买盘
1110,13:59:06,6.72,--,15,10080,买盘
1111,13:59:03,6.72,--,3,2016,买盘
1112,13:59:00,6.72,--,46,30912,买盘
1113,13:58:57,6.72,--,31,20832,买盘
1114,13:58:54,6.72,--,17,11424,买盘
1115,13:58:51,6.72,0.01,2,1344,买盘
1116,13:58:48,6.71,-0.01,51,34221,卖盘
1117,13:58:45,6.72,--,3,2016,买盘
1118,13:58:42,6.72,--,4,2688,买盘
1119,13:58:39,6.72,--,4,2688,买盘
1120,13:58:36,6.72,0.01,100,67200,买盘
1121,13:58:33,6.71,-0.01,10,6710,卖盘
1122,13:58:30,6.72,--,8,5376,买盘
1123,13:58:27,6.72,--,23,15456,买盘
1124,13:58:24,6.72,--,14,9408,买盘
1125,13:58:21,6.72,--,35,23520,买盘
1126,13:58:15,6.72,--,21,14112,买盘
1127,13:58:12,6.72,0.01,3,2016,买盘
1128,13:58:09,6.71,-0.01,152,101992,卖盘
1129,13:58:06,6.72,--,26,17472,买盘
1130,13:58:03,6.72,--,340,228480,买盘
1131,13:57:57,6.72,--,4850,3259388,买盘
1132,13:57:54,6.72,--,31,20832,买盘
1133,13:57:51,6.72,--,14,9408,买盘
1134,13:57:45,6.72,--,4,2688,买盘
1135,13:57:42,6.72,0.01,18,12096,买盘
1136,13:57:39,6.71,--,10,6710,卖盘
1137,13:57:36,6.71,--,391,262361,卖盘
1138,13:57:33,6.71,-0.01,20,13420,卖盘
1139,13:57:30,6.72,--,216,145152,买盘
1140,13:57:27,6.72,--,4,2688,买盘
1141,13:57:24,6.72,--,34,22848,买盘
1142,13:57:21,6.72,--,203,136416,买盘
1143,13:57:18,6.72,--,33,22176,买盘
1144,13:57:15,6.72,--,14,9408,买盘
1145,13:57:12,6.72,--,5,3360,买盘
1146,13:57:09,6.72,--,31,20832,买盘
1147,13:57:06,6.72,0.01,291,195552,买盘
1148,13:57:03,6.71,--,55,36905,买盘
1149,13:57:00,6.71,--,61,40931,买盘
1150,13:56:57,6.71,--,27,18117,买盘
1151,13:56:54,6.71,--,15,10065,买盘
1152,13:56:51,6.71,--,33,22143,买盘
1153,13:56:48,6.71,-0.01,1686,1131306,卖盘
1154,13:56:45,6.72,--,49,32928,买盘
1155,13:56:42,6.72,0.01,4,2688,买盘
1156,13:56:39,6.71,-0.01,16,10736,卖盘
1157,13:56:36,6.72,0.01,27,18144,买盘
1158,13:56:33,6.71,-0.01,201,134871,卖盘
1159,13:56:30,6.72,--,13,8736,买盘
1160,13:56:27,6.72,--,3,2016,买盘
1161,13:56:24,6.72,--,15,10080,买盘
1162,13:56:21,6.72,0.01,137,92064,买盘
1163,13:56:18,6.71,-0.01,270,181170,卖盘
1164,13:56:15,6.72,--,38,25536,买盘
1165,13:56:12,6.72,--,18,12096,买盘
1166,13:56:09,6.72,--,20,13440,买盘
1167,13:56:06,6.72,--,235,157920,买盘
1168,13:56:03,6.72,0.01,13,8736,买盘
1169,13:56:00,6.71,--,2,1342,卖盘
1170,13:55:57,6.71,--,31,20801,卖盘
1171,13:55:54,6.71,--,55,36905,买盘
1172,13:55:51,6.71,--,193,129503,买盘
1173,13:55:48,6.71,--,56,37576,买盘
1174,13:55:45,6.71,--,133,89243,买盘
1175,13:55:42,6.71,--,126,84546,买盘
1176,13:55:39,6.71,--,35,23485,买盘
1177,13:55:36,6.71,--,8,5368,买盘
1178,13:55:33,6.71,-0.01,302,202642,卖盘
1179,13:55:30,6.72,0.01,157,105504,买盘
1180,13:55:27,6.71,--,286,191906,买盘
1181,13:55:24,6.71,--,21,14091,买盘
1182,13:55:21,6.71,--,24,16104,买盘
1183,13:55:18,6.71,--,35,23485,买盘
1184,13:55:15,6.71,--,5,3355,买盘
1185,13:55:12,6.71,--,97,65087,买盘
1186,13:55:09,6.71,--,102,68442,买盘
1187,13:55:06,6.71,-0.01,2672,1792912,卖盘
1188,13:55:03,6.72,--,124,83328,买盘
1189,13:55:00,6.72,--,8,5376,买盘
1190,13:54:57,6.72,0.01,29,19488,买盘
1191,13:54:54,6.71,-0.01,429,287859,卖盘
1192,13:54:51,6.72,--,72,48384,买盘
1193,13:54:48,6.72,--,4,2688,买盘
1194,13:54:45,6.72,0.01,75,50400,买盘
1195,13:54:42,6.71,-0.01,30,20130,卖盘
1196,13:54:36,6.72,--,31,20832,买盘
1197,13:54:33,6.72,--,23,15456,买盘
1198,13:54:30,6.72,--,45,30240,买盘
1199,13:54:27,6.72,--,7,4704,买盘
1200,13:54:24,6.72,--,16,10752,买盘
1201,13:54:21,6.72,--,5,3360,买盘
1202,13:54:18,6.72,-0.01,253,170016,卖盘
1203,13:54:15,6.73,--,5,3365,买盘
1204,13:54:12,6.73,--,22,14806,买盘
1205,13:54:09,6.73,--,1,673,买盘
1206,13:54:06,6.73,--,35,23555,买盘
1207,13:54:03,6.73,--,111,74703,买盘
1208,13:54:00,6.73,--,20,13460,买盘
1209,13:53:57,6.73,--,117,78741,买盘
1210,13:53:54,6.73,0.01,1,673,买盘
1211,13:53:51,6.72,--,15,10080,卖盘
1212,13:53:48,6.72,-0.01,132,88704,卖盘
1213,13:53:45,6.73,--,5,3365,买盘
1214,13:53:42,6.73,0.01,7,4711,买盘
1215,13:53:39,6.72,-0.01,43,28896,卖盘
1216,13:53:36,6.73,0.01,5,3365,买盘
1217,13:53:33,6.72,-0.01,101,67872,卖盘
1218,13:53:30,6.73,--,19,12787,买盘
1219,13:53:27,6.73,--,27,18171,买盘
1220,13:53:24,6.73,--,5,3365,买盘
1221,13:53:21,6.73,--,5,3365,买盘
1222,13:53:18,6.73,--,1,673,买盘
1223,13:53:15,6.73,--,19,12787,买盘
1224,13:53:12,6.73,0.01,11,7403,买盘
1225,13:53:09,6.72,-0.01,28,18816,卖盘
1226,13:53:06,6.73,--,29,19517,买盘
1227,13:53:03,6.73,0.02,12,8076,买盘
1228,13:53:00,6.71,-0.02,62,41602,卖盘
1229,13:52:57,6.73,--,1117,751741,买盘
1230,13:52:54,6.73,0.01,14,9422,买盘
1231,13:52:51,6.72,-0.01,62,41664,卖盘
1232,13:52:45,6.73,--,4,2692,买盘
1233,13:52:42,6.73,--,69,46437,买盘
1234,13:52:39,6.73,0.01,40,26920,买盘
1235,13:52:36,6.72,--,14,9408,卖盘
1236,13:52:33,6.72,-0.01,51,34272,卖盘
1237,13:52:30,6.73,--,15,10095,买盘
1238,13:52:27,6.73,--,4,2692,买盘
1239,13:52:24,6.73,--,10,6730,买盘
1240,13:52:21,6.73,--,38,25574,买盘
1241,13:52:15,6.73,--,16,10768,买盘
1242,13:52:12,6.73,--,9,6057,买盘
1243,13:52:09,6.73,--,14,9422,买盘
1244,13:52:06,6.73,0.01,67,45091,买盘
1245,13:52:03,6.72,-0.01,13,8736,卖盘
1246,13:52:00,6.73,--,148,99604,买盘
1247,13:51:57,6.73,--,15,10095,买盘
1248,13:51:51,6.73,--,1,673,买盘
1249,13:51:48,6.73,--,78,52494,买盘
1250,13:51:45,6.73,0.01,2,1346,买盘
1251,13:51:42,6.72,-0.01,4,2688,卖盘
1252,13:51:39,6.73,--,74,49802,买盘
1253,13:51:36,6.73,0.01,14,9422,买盘
1254,13:51:33,6.72,--,74,49728,买盘
1255,13:51:30,6.72,-0.01,30,20160,卖盘
1256,13:51:27,6.73,--,6,4038,买盘
1257,13:51:24,6.73,0.01,16,10768,买盘
1258,13:51:21,6.72,--,684,459648,买盘
1259,13:51:18,6.72,--,189,127008,买盘
1260,13:51:15,6.72,--,19,12768,买盘
1261,13:51:12,6.72,--,3,2016,买盘
1262,13:51:06,6.72,--,14,9408,买盘
1263,13:51:03,6.72,0.01,118,79296,买盘
1264,13:51:00,6.71,-0.01,132,88572,卖盘
1265,13:50:57,6.72,--,80,53760,买盘
1266,13:50:51,6.72,--,92,61824,买盘
1267,13:50:45,6.72,0.01,8,5376,买盘
1268,13:50:42,6.71,-0.01,91,61061,卖盘
1269,13:50:39,6.72,0.01,12,8064,买盘
1270,13:50:36,6.71,--,66,44286,卖盘
1271,13:50:33,6.71,-0.01,190,127490,卖盘
1272,13:50:30,6.72,--,28,18816,买盘
1273,13:50:27,6.72,0.01,44,29568,买盘
1274,13:50:24,6.71,-0.01,1,671,卖盘
1275,13:50:21,6.72,--,634,426048,买盘
1276,13:50:18,6.72,--,69,46368,买盘
1277,13:50:15,6.72,--,10,6720,买盘
1278,13:50:12,6.72,--,16,10752,买盘
1279,13:50:09,6.72,0.01,25,16800,买盘
1280,13:50:06,6.71,--,24,16104,卖盘
1281,13:50:03,6.71,--,129,86559,卖盘
1282,13:50:00,6.71,-0.01,5,3355,卖盘
1283,13:49:57,6.72,--,29,19488,买盘
1284,13:49:54,6.72,--,686,460992,买盘
1285,13:49:51,6.72,0.01,47,31584,买盘
1286,13:49:48,6.71,-0.01,32,21472,卖盘
1287,13:49:45,6.72,--,17,11424,买盘
1288,13:49:42,6.72,--,5,3360,买盘
1289,13:49:36,6.72,--,17,11424,买盘
1290,13:49:33,6.72,--,11,7392,买盘
1291,13:49:30,6.72,--,3,2016,买盘
1292,13:49:27,6.72,--,4,2688,买盘
1293,13:49:24,6.72,--,24,16128,买盘
1294,13:49:21,6.72,--,14,9408,买盘
1295,13:49:15,6.72,--,30,20160,买盘
1296,13:49:12,6.72,--,28,18816,买盘
1297,13:49:09,6.72,--,11,7392,买盘
1298,13:49:06,6.72,0.01,140,94080,买盘
1299,13:49:03,6.71,-0.01,214,143594,卖盘
1300,13:48:57,6.72,--,1,672,买盘
1301,13:48:54,6.72,--,2,1344,买盘
1302,13:48:51,6.72,--,165,110880,买盘
1303,13:48:45,6.72,0.01,3,2016,买盘
1304,13:48:42,6.71,--,27,18117,卖盘
1305,13:48:39,6.71,--,39,26169,卖盘
1306,13:48:36,6.71,-0.01,13,8723,卖盘
1307,13:48:30,6.72,0.01,31,20832,买盘
1308,13:48:27,6.71,--,26,17446,卖盘
1309,13:48:24,6.71,-0.01,28,18788,卖盘
1310,13:48:21,6.72,0.01,17,11612,买盘
1311,13:48:18,6.71,--,51,34221,买盘
1312,13:48:15,6.71,--,117,78507,买盘
1313,13:48:12,6.71,--,455,305305,买盘
1314,13:48:09,6.71,--,229,153659,买盘
1315,13:48:06,6.71,--,801,537471,买盘
1316,13:48:03,6.71,--,93,62403,买盘
1317,13:48:00,6.71,-0.01,3268,2193311,卖盘
1318,13:47:57,6.72,0.01,22,14784,买盘
1319,13:47:54,6.71,-0.01,20,13420,卖盘
1320,13:47:51,6.72,--,1,672,买盘
1321,13:47:45,6.72,0.01,16,10752,买盘
1322,13:47:42,6.71,-0.01,14,9394,卖盘
1323,13:47:36,6.72,--,11,7392,买盘
1324,13:47:33,6.72,--,11,7392,买盘
1325,13:47:30,6.72,--,204,137088,买盘
1326,13:47:27,6.72,0.01,6,4032,买盘
1327,13:47:24,6.71,-0.01,33,22143,卖盘
1328,13:47:21,6.72,0.01,33,22176,买盘
1329,13:47:18,6.71,--,48,32208,卖盘
1330,13:47:15,6.71,-0.01,168,112728,卖盘
1331,13:47:12,6.72,0.01,32,21504,买盘
1332,13:47:09,6.71,-0.01,148,99308,卖盘
1333,13:47:06,6.72,0.01,494,331968,买盘
1334,13:47:03,6.71,--,6,4026,卖盘
1335,13:47:00,6.71,-0.02,538,360998,卖盘
1336,13:46:57,6.73,--,33,22209,买盘
1337,13:46:51,6.73,--,16,10768,买盘
1338,13:46:45,6.73,0.01,2,1346,买盘
1339,13:46:42,6.72,-0.01,7,4704,卖盘
1340,13:46:39,6.73,--,13,8749,买盘
1341,13:46:36,6.73,0.02,2,1346,买盘
1342,13:46:33,6.71,-0.02,331,222745,卖盘
1343,13:46:30,6.73,--,3,2019,买盘
1344,13:46:27,6.73,0.02,21,14133,买盘
1345,13:46:21,6.71,--,65,43615,卖盘
1346,13:46:18,6.71,-0.01,16,10736,卖盘
1347,13:46:15,6.72,--,138,92736,买盘
1348,13:46:12,6.72,0.01,8,5376,买盘
1349,13:46:09,6.71,-0.01,128,85888,卖盘
1350,13:46:06,6.72,--,49,32928,买盘
1351,13:46:03,6.72,0.01,26,17472,买盘
1352,13:46:00,6.71,-0.01,101,67771,卖盘
1353,13:45:57,6.72,--,8,5376,买盘
1354,13:45:54,6.72,--,14,9408,买盘
1355,13:45:51,6.72,--,1,672,买盘
1356,13:45:45,6.72,--,39,26208,买盘
1357,13:45:42,6.72,--,25,16800,买盘
1358,13:45:39,6.72,--,211,141792,买盘
1359,13:45:36,6.72,--,4,2688,买盘
1360,13:45:33,6.72,0.01,14,9408,买盘
1361,13:45:30,6.71,--,7,4697,卖盘
1362,13:45:27,6.71,-0.01,8,5368,卖盘
1363,13:45:24,6.72,--,1,672,买盘
1364,13:45:21,6.72,--,43,28896,买盘
1365,13:45:18,6.72,--,19,12768,买盘
1366,13:45:15,6.72,--,9,6048,买盘
1367,13:45:12,6.72,--,151,101472,买盘
1368,13:45:09,6.72,--,20,13440,买盘
1369,13:45:06,6.72,--,409,274848,买盘
1370,13:45:03,6.72,--,3,2016,买盘
1371,13:45:00,6.72,-0.01,286,192192,卖盘
1372,13:44:57,6.73,0.01,2,1346,买盘
1373,13:44:54,6.72,--,50,33600,卖盘
1374,13:44:51,6.72,--,24,16128,卖盘
1375,13:44:48,6.72,-0.01,1129,758688,卖盘
1376,13:44:45,6.73,--,167,112391,买盘
1377,13:44:42,6.73,--,4,2692,买盘
1378,13:44:36,6.73,0.01,18,12114,买盘
1379,13:44:33,6.72,-0.01,33,22176,卖盘
1380,13:44:30,6.73,0.01,3,2019,买盘
1381,13:44:27,6.72,--,20,13440,卖盘
1382,13:44:24,6.72,-0.01,20,13440,卖盘
1383,13:44:21,6.73,0.01,5,3365,买盘
1384,13:44:18,6.72,-0.01,3,2016,卖盘
1385,13:44:15,6.73,0.01,24,16152,买盘
1386,13:44:12,6.72,--,136,91392,卖盘
1387,13:44:09,6.72,-0.01,21,14112,卖盘
1388,13:44:06,6.73,--,5,3365,买盘
1389,13:44:03,6.73,0.01,13,8749,买盘
1390,13:44:00,6.72,-0.01,8,5376,卖盘
1391,13:43:57,6.73,--,1,673,买盘
1392,13:43:54,6.73,--,44,29612,买盘
1393,13:43:51,6.73,--,1,673,买盘
1394,13:43:45,6.73,--,3,2019,买盘
1395,13:43:42,6.73,0.01,16,10768,买盘
1396,13:43:39,6.72,-0.01,1,672,卖盘
1397,13:43:36,6.73,--,3,2019,买盘
1398,13:43:30,6.73,0.01,61,41053,买盘
1399,13:43:27,6.72,-0.01,114,76608,卖盘
1400,13:43:24,6.73,0.01,1,673,买盘
1401,13:43:21,6.72,-0.01,22,14784,卖盘
1402,13:43:18,6.73,--,1,673,买盘
1403,13:43:15,6.73,--,139,93547,买盘
1404,13:43:12,6.73,--,5,3365,买盘
1405,13:43:09,6.73,--,12,8076,买盘
1406,13:43:06,6.73,--,25,16825,买盘
1407,13:43:03,6.73,--,1,673,买盘
1408,13:42:57,6.73,--,20,13460,买盘
1409,13:42:51,6.73,--,1,673,买盘
1410,13:42:48,6.73,--,14,9422,买盘
1411,13:42:45,6.73,--,82,55186,买盘
1412,13:42:42,6.73,0.01,3,2019,买盘
1413,13:42:39,6.72,-0.01,21,14112,卖盘
1414,13:42:36,6.73,--,16,10768,买盘
1415,13:42:30,6.73,--,38,25574,买盘
1416,13:42:27,6.73,--,2,1346,买盘
1417,13:42:24,6.73,--,482,324386,买盘
1418,13:42:21,6.73,--,514,345922,买盘
1419,13:42:18,6.73,--,144,96912,买盘
1420,13:42:15,6.73,--,16,10768,买盘
1421,13:42:12,6.73,--,8,5384,买盘
1422,13:42:09,6.73,--,1,673,买盘
1423,13:42:06,6.73,--,16,10768,买盘
1424,13:42:03,6.73,--,14,9422,买盘
1425,13:42:00,6.73,--,13,8749,买盘
1426,13:41:57,6.73,--,16,10768,买盘
1427,13:41:51,6.73,0.01,14,9422,买盘
1428,13:41:48,6.72,-0.01,11,7392,卖盘
1429,13:41:45,6.73,--,3,2019,买盘
1430,13:41:42,6.73,0.01,33,22209,买盘
1431,13:41:39,6.72,--,32,21504,卖盘
1432,13:41:36,6.72,--,153,102816,卖盘
1433,13:41:33,6.72,-0.01,5,3360,卖盘
1434,13:41:30,6.73,--,16,10768,买盘
1435,13:41:27,6.73,--,267,179691,买盘
1436,13:41:24,6.73,--,1,673,买盘
1437,13:41:21,6.73,0.01,4,2692,买盘
1438,13:41:18,6.72,-0.01,171,114912,卖盘
1439,13:41:15,6.73,--,3,2019,买盘
1440,13:41:12,6.73,0.01,9,6057,买盘
1441,13:41:09,6.72,-0.01,31,20832,卖盘
1442,13:41:06,6.73,--,340,228820,买盘
1443,13:41:03,6.73,--,69,46437,买盘
1444,13:40:57,6.73,0.01,33,22209,买盘
1445,13:40:54,6.72,-0.01,100,67200,卖盘
1446,13:40:51,6.73,0.01,2,1346,买盘
1447,13:40:48,6.72,-0.01,23,15456,卖盘
1448,13:40:45,6.73,0.01,62,41726,买盘
1449,13:40:42,6.72,-0.01,8,5376,卖盘
1450,13:40:39,6.73,--,3,2019,买盘
1451,13:40:36,6.73,0.01,18,12114,买盘
1452,13:40:33,6.72,-0.01,10,6720,卖盘
1453,13:40:30,6.73,0.01,13,8749,买盘
1454,13:40:27,6.72,-0.01,15,10080,卖盘
1455,13:40:24,6.73,--,615,413895,买盘
1456,13:40:21,6.73,--,50,33650,买盘
1457,13:40:18,6.73,-0.01,1218,819714,卖盘
1458,13:40:15,6.74,--,4,2696,买盘
1459,13:40:12,6.74,--,39,26286,买盘
1460,13:40:09,6.74,--,11,7414,买盘
1461,13:40:06,6.74,--,61,41114,买盘
1462,13:40:00,6.74,--,17,11458,买盘
1463,13:39:57,6.74,--,6,4044,买盘
1464,13:39:54,6.74,--,19,12806,买盘
1465,13:39:51,6.74,--,85,57290,买盘
1466,13:39:45,6.74,--,119,80206,买盘
1467,13:39:42,6.74,--,9,6066,买盘
1468,13:39:39,6.74,--,14,9436,买盘
1469,13:39:36,6.74,0.01,2,1348,买盘
1470,13:39:33,6.73,-0.01,8,5384,卖盘
1471,13:39:30,6.74,--,12,8088,买盘
1472,13:39:27,6.74,0.01,18,12132,买盘
1473,13:39:21,6.73,--,134,90182,卖盘
1474,13:39:18,6.73,-0.01,195,131235,卖盘
1475,13:39:15,6.74,--,6,4044,买盘
1476,13:39:12,6.74,--,5,3370,买盘
1477,13:39:09,6.74,--,13,8762,买盘
1478,13:39:06,6.74,--,15,10110,买盘
1479,13:39:03,6.74,--,1,674,买盘
1480,13:39:00,6.74,--,32,21568,买盘
1481,13:38:57,6.74,--,8,5392,买盘
1482,13:38:54,6.74,--,400,269600,买盘
1483,13:38:51,6.74,0.01,1,674,买盘
1484,13:38:45,6.73,-0.01,37,24901,卖盘
1485,13:38:42,6.74,0.01,3,2022,买盘
1486,13:38:39,6.73,-0.01,11,7403,卖盘
1487,13:38:36,6.74,--,3,2022,买盘
1488,13:38:33,6.74,--,23,15502,买盘
1489,13:38:30,6.74,--,2,1348,买盘
1490,13:38:27,6.74,0.01,17,11458,买盘
1491,13:38:24,6.73,-0.01,134,90182,卖盘
1492,13:38:21,6.74,--,17,11458,买盘
1493,13:38:15,6.74,--,10,6740,买盘
1494,13:38:12,6.74,--,26,17524,买盘
1495,13:38:09,6.74,--,10,6740,买盘
1496,13:38:06,6.74,0.01,60,40440,买盘
1497,13:38:03,6.73,-0.01,42,28266,卖盘
1498,13:38:00,6.74,--,81,54594,买盘
1499,13:37:57,6.74,--,17,11458,买盘
1500,13:37:51,6.74,--,51,34374,买盘
1501,13:37:48,6.74,--,74,49876,买盘
1502,13:37:45,6.74,--,13,8762,买盘
1503,13:37:42,6.74,--,12,8088,买盘
1504,13:37:39,6.74,--,14,9436,买盘
1505,13:37:36,6.74,--,48,32352,买盘
1506,13:37:30,6.74,--,23,15502,买盘
1507,13:37:27,6.74,--,151,101774,买盘
1508,13:37:21,6.74,--,3,2022,买盘
1509,13:37:18,6.74,--,12,8088,买盘
1510,13:37:15,6.74,--,159,107166,买盘
1511,13:37:12,6.74,--,5,3370,买盘
1512,13:37:06,6.74,--,29,19546,买盘
1513,13:37:03,6.74,--,1,674,买盘
1514,13:37:00,6.74,--,5,3370,买盘
1515,13:36:57,6.74,--,5,3370,买盘
1516,13:36:54,6.74,--,13,8762,买盘
1517,13:36:51,6.74,0.01,3,2022,买盘
1518,13:36:48,6.73,-0.01,11,7403,卖盘
1519,13:36:45,6.74,--,3,2022,买盘
1520,13:36:42,6.74,0.01,16,10784,买盘
1521,13:36:39,6.73,--,10,6730,卖盘
1522,13:36:36,6.73,-0.01,75,50475,卖盘
1523,13:36:30,6.74,0.01,5,3370,买盘
1524,13:36:27,6.73,-0.01,143,96239,卖盘
1525,13:36:24,6.74,--,350,235900,买盘
1526,13:36:21,6.74,--,17,11458,买盘
1527,13:36:15,6.74,--,69,46506,买盘
1528,13:36:12,6.74,--,43,28982,买盘
1529,13:36:09,6.74,--,12,8088,买盘
1530,13:36:06,6.74,--,14,9436,买盘
1531,13:36:00,6.74,--,18,12132,买盘
1532,13:35:57,6.74,--,1,674,买盘
1533,13:35:51,6.74,--,6,4044,买盘
1534,13:35:48,6.74,--,15,10110,买盘
1535,13:35:45,6.74,--,5,3370,买盘
1536,13:35:42,6.74,0.01,5,3370,买盘
1537,13:35:39,6.73,-0.01,11,7403,卖盘
1538,13:35:36,6.74,--,28,18872,买盘
1539,13:35:30,6.74,--,138,93012,买盘
1540,13:35:27,6.74,--,28,18872,买盘
1541,13:35:21,6.74,--,4,2696,买盘
1542,13:35:18,6.74,--,7,4744,卖盘
1543,13:35:15,6.74,--,22,15475,买盘
1544,13:35:12,6.74,-0.01,62,41814,卖盘
1545,13:35:06,6.75,--,81,54675,买盘
1546,13:35:03,6.75,0.01,18,12150,买盘
1547,13:35:00,6.74,-0.01,75,50550,卖盘
1548,13:34:57,6.75,0.01,7,4725,买盘
1549,13:34:54,6.74,-0.01,15,10110,卖盘
1550,13:34:51,6.75,0.01,2,1350,买盘
1551,13:34:45,6.74,-0.01,19,12806,卖盘
1552,13:34:42,6.75,0.01,15,10125,买盘
1553,13:34:39,6.74,-0.01,26,17524,卖盘
1554,13:34:36,6.75,0.01,14,9450,买盘
1555,13:34:33,6.74,-0.01,129,86946,卖盘
1556,13:34:30,6.75,0.01,15,10125,买盘
1557,13:34:27,6.74,-0.01,9,6066,卖盘
1558,13:34:21,6.75,0.01,19,12825,买盘
1559,13:34:18,6.74,-0.01,20,13480,卖盘
1560,13:34:15,6.75,--,31,20925,买盘
1561,13:34:12,6.75,--,10,6750,买盘
1562,13:34:09,6.75,--,13,8775,买盘
1563,13:34:06,6.75,--,15,10125,买盘
1564,13:34:00,6.75,--,11,7425,买盘
1565,13:33:57,6.75,--,75,50625,买盘
1566,13:33:51,6.75,--,9,6075,买盘
1567,13:33:45,6.75,--,16,10800,买盘
1568,13:33:42,6.75,0.01,5,3375,买盘
1569,13:33:39,6.74,-0.01,15,10110,卖盘
1570,13:33:36,6.75,0.01,16,10800,买盘
1571,13:33:33,6.74,-0.01,131,88294,卖盘
1572,13:33:30,6.75,--,19,12825,买盘
1573,13:33:27,6.75,--,3,2025,买盘
1574,13:33:24,6.75,--,14,9450,买盘
1575,13:33:21,6.75,0.01,4,2700,买盘
1576,13:33:18,6.74,-0.01,10,6740,卖盘
1577,13:33:15,6.75,--,47,31725,买盘
1578,13:33:12,6.75,--,22,14850,买盘
1579,13:33:09,6.75,--,15,10125,买盘
1580,13:33:06,6.75,--,22,14850,买盘
1581,13:33:03,6.75,--,37,24975,买盘
1582,13:33:00,6.75,--,21,14175,买盘
1583,13:32:57,6.75,0.01,1,675,买盘
1584,13:32:51,6.74,-0.01,83,55942,卖盘
1585,13:32:45,6.75,0.01,2,1350,买盘
1586,13:32:42,6.74,-0.01,21,14801,卖盘
1587,13:32:39,6.75,--,24,16200,买盘
1588,13:32:36,6.75,0.01,135,91125,买盘
1589,13:32:33,6.74,-0.01,200,134800,卖盘
1590,13:32:30,6.75,--,94,63450,买盘
1591,13:32:27,6.75,--,3,2025,买盘
1592,13:32:21,6.75,0.01,5,3375,买盘
1593,13:32:18,6.74,-0.01,43,28982,卖盘
1594,13:32:15,6.75,--,7,4725,买盘
1595,13:32:12,6.75,--,113,76275,买盘
1596,13:32:06,6.75,--,69,46575,买盘
1597,13:32:00,6.75,--,1,675,买盘
1598,13:31:57,6.75,0.01,26,17550,买盘
1599,13:31:54,6.74,-0.01,5,3370,卖盘
1600,13:31:51,6.75,0.01,51,34425,买盘
1601,13:31:48,6.74,-0.01,10,6740,卖盘
1602,13:31:45,6.75,--,17,11475,买盘
1603,13:31:42,6.75,0.01,4,2700,买盘
1604,13:31:36,6.74,-0.01,134,90316,卖盘
1605,13:31:33,6.75,--,14,9450,买盘
1606,13:31:30,6.75,0.01,2,1350,买盘
1607,13:31:27,6.74,--,211,142214,卖盘
1608,13:31:24,6.74,--,31,20894,卖盘
1609,13:31:21,6.74,--,259,174566,买盘
1610,13:31:15,6.74,--,2,1348,买盘
1611,13:31:12,6.74,--,34,22916,买盘
1612,13:31:09,6.74,-0.01,413,278362,卖盘
1613,13:31:06,6.75,--,39,26325,买盘
1614,13:31:03,6.75,0.01,369,249075,买盘
1615,13:31:00,6.74,--,381,256794,买盘
1616,13:30:57,6.74,0.01,15,10110,买盘
1617,13:30:54,6.73,-0.01,1,673,卖盘
1618,13:30:51,6.74,0.01,15,10110,买盘
1619,13:30:48,6.73,-0.01,61,41053,卖盘
1620,13:30:45,6.74,--,3,2022,买盘
1621,13:30:42,6.74,--,15,10110,买盘
1622,13:30:39,6.74,--,142,95708,买盘
1623,13:30:36,6.74,0.01,2,1348,买盘
1624,13:30:33,6.73,-0.01,14,9422,卖盘
1625,13:30:30,6.74,--,9,6066,买盘
1626,13:30:27,6.74,--,28,18872,买盘
1627,13:30:21,6.74,--,18,12132,买盘
1628,13:30:18,6.74,--,13,8762,买盘
1629,13:30:15,6.74,--,218,146932,买盘
1630,13:30:12,6.74,0.01,29,19546,买盘
1631,13:30:09,6.73,--,21,14133,卖盘
1632,13:30:06,6.73,--,165,111045,买盘
1633,13:30:03,6.73,-0.01,524,352652,卖盘
1634,13:30:00,6.74,--,14,9436,买盘
1635,13:29:57,6.74,--,151,101774,买盘
1636,13:29:54,6.74,--,13,8762,买盘
1637,13:29:51,6.74,--,1,674,买盘
1638,13:29:45,6.74,--,17,11458,买盘
1639,13:29:42,6.74,--,134,90316,买盘
1640,13:29:36,6.74,0.01,3,2022,买盘
1641,13:29:33,6.73,-0.01,20,13460,卖盘
1642,13:29:30,6.74,0.01,7,4718,买盘
1643,13:29:27,6.73,--,3,2019,卖盘
1644,13:29:24,6.73,--,50,33650,买盘
1645,13:29:21,6.73,--,69,46437,买盘
1646,13:29:15,6.73,--,26,17498,买盘
1647,13:29:12,6.73,--,20,13460,买盘
1648,13:29:09,6.73,--,1,673,买盘
1649,13:29:06,6.73,--,114,76722,买盘
1650,13:29:03,6.73,--,11,7403,买盘
1651,13:29:00,6.73,--,19,12787,买盘
1652,13:28:57,6.73,--,60,40380,买盘
1653,13:28:54,6.73,--,5,3365,买盘
1654,13:28:51,6.73,--,11,7403,买盘
1655,13:28:48,6.73,--,13,8749,买盘
1656,13:28:45,6.73,--,22,14806,买盘
1657,13:28:42,6.73,-0.01,140,94220,卖盘
1658,13:28:36,6.74,--,3,2022,买盘
1659,13:28:30,6.74,0.01,3,2022,买盘
1660,13:28:27,6.73,--,12,8076,卖盘
1661,13:28:24,6.73,-0.01,525,353325,卖盘
1662,13:28:21,6.74,--,18,12132,买盘
1663,13:28:18,6.74,--,150,101100,买盘
1664,13:28:15,6.74,--,38,25612,买盘
1665,13:28:12,6.74,--,8,5392,买盘
1666,13:28:06,6.74,--,134,90316,买盘
1667,13:28:00,6.74,--,3,2022,买盘
1668,13:27:57,6.74,--,1,674,买盘
1669,13:27:51,6.74,--,93,62682,买盘
1670,13:27:48,6.74,--,1,674,买盘
1671,13:27:45,6.74,--,131,88294,买盘
1672,13:27:42,6.74,--,3,2022,买盘
1673,13:27:36,6.74,--,110,74140,买盘
1674,13:27:30,6.74,--,2,1348,买盘
1675,13:27:27,6.74,--,42,28308,买盘
1676,13:27:24,6.74,--,9,6066,买盘
1677,13:27:21,6.74,--,2,1348,买盘
1678,13:27:15,6.74,0.01,26,17524,买盘
1679,13:27:12,6.73,--,27,18171,买盘
1680,13:27:06,6.73,--,16,10768,买盘
1681,13:27:03,6.73,--,9,6057,买盘
1682,13:27:00,6.73,--,23,15479,买盘
1683,13:26:57,6.73,--,36,24228,买盘
1684,13:26:54,6.73,--,3,2019,买盘
1685,13:26:51,6.73,--,1,673,买盘
1686,13:26:48,6.73,--,6,4038,买盘
1687,13:26:45,6.73,-0.01,178,119794,卖盘
1688,13:26:42,6.74,0.01,105,70770,买盘
1689,13:26:39,6.73,-0.01,6,4038,卖盘
1690,13:26:36,6.74,--,11,7414,买盘
1691,13:26:33,6.74,--,16,10784,买盘
1692,13:26:30,6.74,--,2,1348,买盘
1693,13:26:27,6.74,--,14,9436,买盘
1694,13:26:24,6.74,--,1,674,买盘
1695,13:26:21,6.74,--,24,16176,买盘
1696,13:26:15,6.74,--,98,66052,买盘
1697,13:26:12,6.74,--,31,20894,买盘
1698,13:26:09,6.74,--,1,674,买盘
1699,13:26:06,6.74,--,36,24264,买盘
1700,13:26:03,6.74,0.01,1,674,买盘
1701,13:26:00,6.73,--,10,6730,买盘
1702,13:25:57,6.73,--,56,37688,买盘
1703,13:25:54,6.73,--,151,101623,买盘
1704,13:25:51,6.73,0.01,2,1346,买盘
1705,13:25:48,6.72,-0.01,132,88704,卖盘
1706,13:25:45,6.73,--,11,7403,买盘
1707,13:25:42,6.73,--,13,8749,买盘
1708,13:25:39,6.73,--,6,4038,买盘
1709,13:25:36,6.73,--,4,2692,买盘
1710,13:25:33,6.73,--,35,23555,买盘
1711,13:25:30,6.73,0.01,4,2692,买盘
1712,13:25:27,6.72,--,6,4032,卖盘
1713,13:25:24,6.72,-0.01,7,4704,卖盘
1714,13:25:21,6.73,--,251,168923,买盘
1715,13:25:18,6.73,--,2,1346,买盘
1716,13:25:15,6.73,--,141,94893,买盘
1717,13:25:12,6.73,--,4,2692,买盘
1718,13:25:09,6.73,0.01,1,673,买盘
1719,13:25:06,6.72,-0.01,68,45696,卖盘
1720,13:25:03,6.73,0.01,37,24901,买盘
1721,13:25:00,6.72,-0.01,27,18144,卖盘
1722,13:24:57,6.73,--,2,1346,买盘
1723,13:24:54,6.73,--,1,673,买盘
1724,13:24:51,6.73,--,132,88836,买盘
1725,13:24:48,6.73,--,1,673,买盘
1726,13:24:45,6.73,--,102,68646,买盘
1727,13:24:42,6.73,--,20,13460,买盘
1728,13:24:36,6.73,--,4,2692,买盘
1729,13:24:33,6.73,--,11,7403,买盘
1730,13:24:30,6.73,0.01,12,8076,买盘
1731,13:24:27,6.72,-0.01,7,4704,卖盘
1732,13:24:21,6.73,0.01,4,2692,买盘
1733,13:24:18,6.72,-0.01,10,6720,卖盘
1734,13:24:15,6.73,--,41,27593,买盘
1735,13:24:12,6.73,0.01,3,2019,买盘
1736,13:24:09,6.72,-0.01,33,22176,卖盘
1737,13:24:06,6.73,0.01,22,14806,买盘
1738,13:24:03,6.72,-0.01,63,42336,卖盘
1739,13:24:00,6.73,--,185,124505,卖盘
1740,13:23:57,6.73,--,8,5384,卖盘
1741,13:23:54,6.73,--,6,4038,卖盘
1742,13:23:51,6.73,--,133,89509,卖盘
1743,13:23:48,6.73,-0.01,4,2692,卖盘
1744,13:23:45,6.74,--,4,2696,买盘
1745,13:23:42,6.74,--,13,8762,买盘
1746,13:23:39,6.74,--,1,674,买盘
1747,13:23:36,6.74,--,4,2696,买盘
1748,13:23:33,6.74,--,65,43810,买盘
1749,13:23:30,6.74,--,3,2022,买盘
1750,13:23:27,6.74,--,9,6066,买盘
1751,13:23:21,6.74,0.01,3,2022,买盘
1752,13:23:18,6.73,-0.01,17,11441,卖盘
1753,13:23:15,6.74,--,10,6740,买盘
1754,13:23:12,6.74,0.01,5,3370,买盘
1755,13:23:09,6.73,-0.01,30,20190,卖盘
1756,13:23:06,6.74,0.01,15,10110,买盘
1757,13:23:03,6.73,-0.01,17,11441,卖盘
1758,13:23:00,6.74,0.01,15,10110,买盘
1759,13:22:57,6.73,-0.01,16,10768,卖盘
1760,13:22:54,6.74,--,163,109862,买盘
1761,13:22:51,6.74,--,1,674,买盘
1762,13:22:45,6.74,--,57,38418,买盘
1763,13:22:42,6.74,0.01,17,11458,买盘
1764,13:22:36,6.73,-0.01,23,15479,卖盘
1765,13:22:33,6.74,--,79,53246,买盘
1766,13:22:30,6.74,--,20,13480,买盘
1767,13:22:27,6.74,0.01,14,9436,买盘
1768,13:22:24,6.73,--,31,20863,卖盘
1769,13:22:21,6.73,-0.01,6,4038,卖盘
1770,13:22:18,6.74,--,23,15502,买盘
1771,13:22:15,6.74,--,28,18872,买盘
1772,13:22:12,6.74,0.01,16,10784,买盘
1773,13:22:09,6.73,-0.01,13,8749,卖盘
1774,13:22:06,6.74,0.01,29,19546,买盘
1775,13:22:03,6.73,-0.01,119,80087,卖盘
1776,13:22:00,6.74,0.01,28,18872,买盘
1777,13:21:57,6.73,--,161,108353,卖盘
1778,13:21:54,6.73,--,10,6730,卖盘
1779,13:21:51,6.73,-0.01,25,16825,卖盘
1780,13:21:48,6.74,--,22,14828,买盘
1781,13:21:45,6.74,0.01,18,12132,买盘
1782,13:21:42,6.73,-0.01,18,12114,卖盘
1783,13:21:36,6.74,--,14,9436,买盘
1784,13:21:33,6.74,--,34,22916,买盘
1785,13:21:30,6.74,0.02,4,2696,买盘
1786,13:21:27,6.72,--,53,35616,卖盘
1787,13:21:24,6.72,-0.02,16,10752,卖盘
1788,13:21:21,6.74,--,3,2022,买盘
1789,13:21:15,6.74,--,83,55942,买盘
1790,13:21:12,6.74,--,22,14828,买盘
1791,13:21:06,6.74,--,24,16176,买盘
1792,13:21:03,6.74,--,1,674,买盘
1793,13:21:00,6.74,--,18,12132,买盘
1794,13:20:57,6.74,--,140,94360,买盘
1795,13:20:54,6.74,--,14,9436,买盘
1796,13:20:51,6.74,--,75,50550,买盘
1797,13:20:48,6.74,0.01,18,12132,买盘
1798,13:20:45,6.73,--,4,2692,买盘
1799,13:20:42,6.73,--,84,56532,买盘
1800,13:20:39,6.73,--,14,9422,买盘
1801,13:20:36,6.73,--,4,2692,买盘
1802,13:20:33,6.73,--,3,2019,买盘
1803,13:20:30,6.73,--,3,2019,买盘
1804,13:20:27,6.73,--,17,11441,买盘
1805,13:20:21,6.73,--,353,237569,买盘
1806,13:20:15,6.73,--,19,12787,买盘
1807,13:20:12,6.73,0.01,157,105661,买盘
1808,13:20:06,6.72,--,106,71232,卖盘
1809,13:20:03,6.72,-0.01,3,2016,卖盘
1810,13:20:00,6.73,0.01,208,139984,买盘
1811,13:19:57,6.72,--,21,14112,买盘
1812,13:19:54,6.72,--,332,223104,买盘
1813,13:19:51,6.72,0.01,4,2688,买盘
1814,13:19:48,6.71,-0.01,1,671,卖盘
1815,13:19:45,6.72,--,2,1344,买盘
1816,13:19:42,6.72,--,16,10752,买盘
1817,13:19:39,6.72,--,47,31584,买盘
1818,13:19:36,6.72,0.01,2,1344,买盘
1819,13:19:33,6.71,-0.01,39,26169,卖盘
1820,13:19:30,6.72,0.01,22,14784,买盘
1821,13:19:27,6.71,--,74,49654,卖盘
1822,13:19:24,6.71,-0.01,5,3355,卖盘
1823,13:19:21,6.72,0.01,119,79968,买盘
1824,13:19:18,6.71,-0.01,28,18788,卖盘
1825,13:19:15,6.72,--,5,3360,买盘
1826,13:19:12,6.72,--,13,8736,买盘
1827,13:19:09,6.72,0.01,14,9408,买盘
1828,13:19:06,6.71,-0.01,295,197945,卖盘
1829,13:19:03,6.72,--,45,30240,买盘
1830,13:19:00,6.72,--,180,120960,买盘
1831,13:18:57,6.72,--,31,20832,买盘
1832,13:18:54,6.72,--,18,12096,买盘
1833,13:18:51,6.72,--,21,14112,买盘
1834,13:18:48,6.72,--,28,18816,买盘
1835,13:18:45,6.72,0.01,12,8064,买盘
1836,13:18:42,6.71,-0.01,313,210023,卖盘
1837,13:18:39,6.72,0.01,21,14112,买盘
1838,13:18:36,6.71,-0.01,570,382470,卖盘
1839,13:18:33,6.72,--,398,267456,买盘
1840,13:18:30,6.72,--,1166,783552,买盘
1841,13:18:27,6.72,--,17,11424,买盘
1842,13:18:24,6.72,--,23,15456,买盘
1843,13:18:21,6.72,--,4,2688,买盘
1844,13:18:18,6.72,--,6,4032,买盘
1845,13:18:15,6.72,0.01,155,104160,买盘
1846,13:18:12,6.71,-0.01,413,277123,卖盘
1847,13:18:09,6.72,0.01,206,138432,买盘
1848,13:18:06,6.71,-0.01,1276,856196,卖盘
1849,13:18:03,6.72,--,203,136416,买盘
1850,13:18:00,6.72,--,5,3360,买盘
1851,13:17:57,6.72,0.01,19,12768,买盘
1852,13:17:54,6.71,-0.01,507,340197,卖盘
1853,13:17:51,6.72,--,88,59136,买盘
1854,13:17:48,6.72,--,251,168672,买盘
1855,13:17:45,6.72,0.01,25,16800,买盘
1856,13:17:42,6.71,-0.01,381,255651,卖盘
1857,13:17:39,6.72,--,20,13440,买盘
1858,13:17:36,6.72,--,3,2016,买盘
1859,13:17:33,6.72,--,285,191520,买盘
1860,13:17:30,6.72,--,89,59808,买盘
1861,13:17:27,6.72,0.01,199,133728,买盘
1862,13:17:24,6.71,--,39,26169,卖盘
1863,13:17:21,6.71,-0.01,310,208010,卖盘
1864,13:17:18,6.72,--,551,370272,买盘
1865,13:17:15,6.72,--,13,8736,买盘
1866,13:17:12,6.72,--,4,2688,买盘
1867,13:17:09,6.72,--,43,28896,买盘
1868,13:17:06,6.72,--,22,14784,买盘
1869,13:17:03,6.72,-0.01,40,26880,卖盘
1870,13:17:00,6.73,--,48,32304,买盘
1871,13:16:57,6.73,0.01,19,12787,买盘
1872,13:16:51,6.72,--,151,101472,卖盘
1873,13:16:48,6.72,-0.01,12,8064,卖盘
1874,13:16:45,6.73,--,57,38361,买盘
1875,13:16:42,6.73,--,32,21536,买盘
1876,13:16:39,6.73,--,230,154790,买盘
1877,13:16:36,6.73,--,17,11441,买盘
1878,13:16:33,6.73,--,26,17498,买盘
1879,13:16:30,6.73,0.01,2,1346,买盘
1880,13:16:27,6.72,-0.01,30,20160,卖盘
1881,13:16:24,6.73,--,65,43745,买盘
1882,13:16:21,6.73,0.01,2,1346,买盘
1883,13:16:18,6.72,-0.01,172,115584,卖盘
1884,13:16:15,6.73,--,112,75376,买盘
1885,13:16:12,6.73,--,466,313618,买盘
1886,13:16:09,6.73,--,184,123832,买盘
1887,13:16:06,6.73,0.01,145,97585,买盘
1888,13:16:03,6.72,-0.01,12,8064,卖盘
1889,13:16:00,6.73,0.01,17,11441,买盘
1890,13:15:57,6.72,--,16,10752,卖盘
1891,13:15:54,6.72,--,22,14784,卖盘
1892,13:15:51,6.72,-0.01,148,99456,卖盘
1893,13:15:45,6.73,0.01,11,7403,买盘
1894,13:15:42,6.72,-0.01,19,12768,卖盘
1895,13:15:39,6.73,0.01,13,8749,买盘
1896,13:15:36,6.72,--,73,49056,卖盘
1897,13:15:33,6.72,-0.01,31,20832,卖盘
1898,13:15:30,6.73,--,127,85471,买盘
1899,13:15:27,6.73,0.01,15,10095,买盘
1900,13:15:24,6.72,-0.01,19,12768,卖盘
1901,13:15:21,6.73,0.01,3,2019,买盘
1902,13:15:18,6.72,-0.01,4,2688,卖盘
1903,13:15:15,6.73,--,43,28939,买盘
1904,13:15:12,6.73,0.01,36,24228,买盘
1905,13:15:09,6.72,--,5,3360,卖盘
1906,13:15:06,6.72,--,159,106848,卖盘
1907,13:15:03,6.72,-0.01,53,35616,卖盘
1908,13:15:00,6.73,--,2,1346,买盘
1909,13:14:57,6.73,--,5,3365,买盘
1910,13:14:54,6.73,--,12,8076,买盘
1911,13:14:51,6.73,0.01,2,1346,买盘
1912,13:14:48,6.72,-0.01,133,89376,卖盘
1913,13:14:45,6.73,--,21,14133,买盘
1914,13:14:42,6.73,--,135,90855,买盘
1915,13:14:39,6.73,--,28,18844,买盘
1916,13:14:36,6.73,-0.01,31,20863,卖盘
1917,13:14:30,6.74,0.01,16,10784,买盘
1918,13:14:27,6.73,-0.01,6,4038,卖盘
1919,13:14:21,6.74,0.01,15,10110,买盘
1920,13:14:15,6.73,--,28,18844,买盘
1921,13:14:12,6.73,--,49,32977,买盘
1922,13:14:09,6.73,--,151,101623,买盘
1923,13:14:06,6.73,0.01,27,18171,买盘
1924,13:14:03,6.72,-0.01,64,43008,卖盘
1925,13:14:00,6.73,--,16,10768,买盘
1926,13:13:57,6.73,0.01,32,21536,买盘
1927,13:13:54,6.72,-0.01,300,201600,卖盘
1928,13:13:51,6.73,--,1,673,买盘
1929,13:13:48,6.73,--,17,11441,买盘
1930,13:13:45,6.73,-0.01,36,24228,卖盘
1931,13:13:42,6.74,0.01,15,10110,买盘
1932,13:13:39,6.73,-0.01,200,134600,卖盘
1933,13:13:36,6.74,--,16,10784,买盘
1934,13:13:33,6.74,0.01,34,22916,买盘
1935,13:13:30,6.73,--,33,22209,卖盘
1936,13:13:27,6.73,-0.01,5,3365,卖盘
1937,13:13:24,6.74,--,27,18198,买盘
1938,13:13:21,6.74,0.02,5,3370,买盘
1939,13:13:15,6.72,-0.01,42,28224,卖盘
1940,13:13:12,6.73,0.01,207,139311,买盘
1941,13:13:09,6.72,-0.01,118,79296,卖盘
1942,13:13:06,6.73,0.01,171,115083,卖盘
1943,13:13:03,6.72,-0.02,117,78624,卖盘
1944,13:13:00,6.74,--,1006,678044,买盘
1945,13:12:57,6.74,0.02,101,68074,买盘
1946,13:12:54,6.72,-0.02,63,42336,卖盘
1947,13:12:51,6.74,0.01,15,10110,买盘
1948,13:12:48,6.73,--,22,14806,买盘
1949,13:12:45,6.73,--,4,2692,买盘
1950,13:12:42,6.73,--,4,2692,买盘
1951,13:12:39,6.73,-0.01,184,123832,卖盘
1952,13:12:36,6.74,0.01,4,2696,买盘
1953,13:12:33,6.73,-0.01,17,11441,卖盘
1954,13:12:30,6.74,--,16,10784,买盘
1955,13:12:27,6.74,0.01,4,2696,买盘
1956,13:12:24,6.73,-0.01,99,66627,卖盘
1957,13:12:21,6.74,0.01,21,14154,买盘
1958,13:12:18,6.73,-0.01,148,99604,卖盘
1959,13:12:15,6.74,--,8,5392,买盘
1960,13:12:12,6.74,--,135,90990,买盘
1961,13:12:06,6.74,--,28,18872,买盘
1962,13:12:03,6.74,0.01,92,62008,买盘
1963,13:12:00,6.73,0.01,52,34996,买盘
1964,13:11:57,6.72,-0.01,47,31584,卖盘
1965,13:11:54,6.73,--,5,3365,买盘
1966,13:11:51,6.73,--,1,673,买盘
1967,13:11:48,6.73,--,279,187767,买盘
1968,13:11:45,6.73,0.01,17,11441,买盘
1969,13:11:42,6.72,--,121,81312,卖盘
1970,13:11:39,6.72,--,6,4032,卖盘
1971,13:11:36,6.72,-0.01,181,121632,卖盘
1972,13:11:33,6.73,--,39,26247,买盘
1973,13:11:30,6.73,--,17,11441,买盘
1974,13:11:27,6.73,--,20,13460,买盘
1975,13:11:24,6.73,--,55,37015,买盘
1976,13:11:21,6.73,0.01,117,78741,买盘
1977,13:11:18,6.72,-0.01,29,19488,卖盘
1978,13:11:15,6.73,--,161,108353,买盘
1979,13:11:12,6.73,--,18,12114,买盘
1980,13:11:06,6.73,-0.01,31,20863,卖盘
1981,13:11:03,6.74,--,13,8762,买盘
1982,13:11:00,6.74,0.01,12,8088,买盘
1983,13:10:57,6.73,-0.01,4,2692,中性盘
1984,13:10:51,6.74,--,2,1348,买盘
1985,13:10:48,6.74,--,14,9436,买盘
1986,13:10:45,6.74,--,67,45158,买盘
1987,13:10:42,6.74,--,3,2022,买盘
1988,13:10:39,6.74,0.01,13,8762,买盘
1989,13:10:36,6.73,--,19,12787,卖盘
1990,13:10:33,6.73,-0.01,32,21536,卖盘
1991,13:10:30,6.74,0.01,3,2022,买盘
1992,13:10:27,6.73,--,51,34323,卖盘
1993,13:10:24,6.73,-0.01,136,91528,卖盘
1994,13:10:21,6.74,0.01,11,7414,买盘
1995,13:10:18,6.73,-0.01,25,16825,卖盘
1996,13:10:15,6.74,--,189,127386,买盘
1997,13:10:12,6.74,--,6,4044,买盘
1998,13:10:06,6.74,0.01,29,19546,买盘
1999,13:10:03,6.73,-0.01,73,49129,卖盘
2000,13:10:00,6.74,--,7,4718,买盘
2001,13:09:57,6.74,--,10,6740,买盘
2002,13:09:54,6.74,--,14,9436,买盘
2003,13:09:51,6.74,0.01,1,674,买盘
2004,13:09:48,6.73,-0.01,29,19517,卖盘
2005,13:09:45,6.74,--,23,15502,买盘
2006,13:09:42,6.74,--,18,12132,买盘
2007,13:09:36,6.74,0.01,3,2022,买盘
2008,13:09:33,6.73,-0.01,136,91528,卖盘
2009,13:09:30,6.74,--,3,2022,买盘
2010,13:09:27,6.74,-0.01,16,10784,中性盘
2011,13:09:24,6.75,--,43,29025,买盘
2012,13:09:21,6.75,0.02,14,9450,买盘
2013,13:09:18,6.73,-0.01,201,135273,卖盘
2014,13:09:15,6.74,--,26,17524,买盘
2015,13:09:12,6.74,--,18,12132,买盘
2016,13:09:09,6.74,--,84,56616,买盘
2017,13:09:06,6.74,0.01,15,10110,买盘
2018,13:09:03,6.73,-0.01,153,102969,卖盘
2019,13:09:00,6.74,--,6,4044,买盘
2020,13:08:57,6.74,--,22,14828,买盘
2021,13:08:51,6.74,--,1,674,买盘
2022,13:08:48,6.74,--,14,9436,买盘
2023,13:08:45,6.74,-0.01,54,36396,卖盘
2024,13:08:42,6.75,--,2,1350,买盘
2025,13:08:36,6.75,0.01,43,29025,买盘
2026,13:08:33,6.74,-0.01,7,4718,卖盘
2027,13:08:30,6.75,--,4,2700,买盘
2028,13:08:27,6.75,--,9,6075,买盘
2029,13:08:24,6.75,--,55,37125,买盘
2030,13:08:21,6.75,0.02,3,2025,买盘
2031,13:08:18,6.73,-0.01,164,110372,卖盘
2032,13:08:15,6.74,--,63,42462,买盘
2033,13:08:12,6.74,0.01,60,40440,买盘
2034,13:08:09,6.73,-0.01,63,42399,卖盘
2035,13:08:06,6.74,0.01,34,22916,买盘
2036,13:08:03,6.73,-0.01,89,59897,卖盘
2037,13:08:00,6.74,0.01,4,2696,买盘
2038,13:07:57,6.73,--,8,5384,卖盘
2039,13:07:51,6.73,-0.01,72,48456,卖盘
2040,13:07:45,6.74,--,2,1348,买盘
2041,13:07:42,6.74,--,4,2696,买盘
2042,13:07:39,6.74,0.01,18,12132,买盘
2043,13:07:36,6.73,-0.01,152,102296,卖盘
2044,13:07:33,6.74,--,14,9436,买盘
2045,13:07:30,6.74,--,16,10784,买盘
2046,13:07:27,6.74,--,33,22242,买盘
2047,13:07:21,6.74,--,3,2022,买盘
2048,13:07:18,6.74,-0.01,75,50550,卖盘
2049,13:07:15,6.75,--,29,19575,买盘
2050,13:07:12,6.75,0.01,17,11475,买盘
2051,13:07:09,6.74,-0.01,40,26960,卖盘
2052,13:07:06,6.75,0.01,27,18225,买盘
2053,13:07:03,6.74,-0.01,11,7414,卖盘
2054,13:07:00,6.75,--,2,1350,买盘
2055,13:06:54,6.75,0.01,30,20250,买盘
2056,13:06:51,6.74,--,12,8088,买盘
2057,13:06:45,6.74,0.01,17,11458,买盘
2058,13:06:42,6.73,-0.01,9,6057,卖盘
2059,13:06:39,6.74,-0.01,113,76162,卖盘
2060,13:06:36,6.75,--,4,2700,买盘
2061,13:06:33,6.75,--,13,8775,买盘
2062,13:06:30,6.75,--,3,2025,买盘
2063,13:06:27,6.75,0.02,4,2700,买盘
2064,13:06:24,6.73,-0.02,172,115756,卖盘
2065,13:06:21,6.75,0.02,130,87750,买盘
2066,13:06:18,6.73,-0.02,48,32304,卖盘
2067,13:06:15,6.75,0.02,26,17550,买盘
2068,13:06:12,6.73,--,71,47783,卖盘
2069,13:06:09,6.73,-0.01,10,6730,卖盘
2070,13:06:06,6.74,--,15,10110,买盘
2071,13:06:03,6.74,--,8,5392,买盘
2072,13:06:00,6.74,--,26,17524,买盘
2073,13:05:57,6.74,--,1,674,买盘
2074,13:05:51,6.74,--,20,13480,买盘
2075,13:05:48,6.74,--,39,26286,买盘
2076,13:05:45,6.74,--,22,14828,买盘
2077,13:05:42,6.74,--,3,2022,买盘
2078,13:05:39,6.74,--,13,8762,买盘
2079,13:05:36,6.74,--,2,1348,买盘
2080,13:05:33,6.74,--,31,20894,卖盘
2081,13:05:30,6.74,-0.01,25,16850,卖盘
2082,13:05:27,6.75,0.02,15,10125,买盘
2083,13:05:24,6.73,-0.02,131,88163,卖盘
2084,13:05:21,6.75,--,17,11475,买盘
2085,13:05:15,6.75,0.01,40,27000,买盘
2086,13:05:12,6.74,0.01,21,14154,卖盘
2087,13:05:09,6.73,-0.01,62,41726,卖盘
2088,13:05:06,6.74,--,15,10110,买盘
2089,13:05:03,6.74,--,26,17524,买盘
2090,13:05:00,6.74,0.01,1,674,买盘
2091,13:04:57,6.73,-0.01,11,7403,卖盘
2092,13:04:54,6.74,--,13,8762,买盘
2093,13:04:51,6.74,--,33,22242,买盘
2094,13:04:45,6.74,--,3,2022,买盘
2095,13:04:42,6.74,--,16,10784,买盘
2096,13:04:39,6.74,--,25,16850,买盘
2097,13:04:36,6.74,-0.01,121,81554,卖盘
2098,13:04:33,6.75,--,13,8775,买盘
2099,13:04:30,6.75,0.01,15,10125,买盘
2100,13:04:27,6.74,-0.01,146,98404,卖盘
2101,13:04:24,6.75,-0.01,2,1350,中性盘
2102,13:04:21,6.76,0.01,639,431964,买盘
2103,13:04:18,6.75,-0.01,103,69525,卖盘
2104,13:04:15,6.76,--,5,3380,买盘
2105,13:04:12,6.76,--,104,70304,买盘
2106,13:04:09,6.76,--,14,9464,买盘
2107,13:04:06,6.76,--,14,9464,买盘
2108,13:04:00,6.76,--,1,676,买盘
2109,13:03:57,6.76,--,28,18928,买盘
2110,13:03:54,6.76,--,10,6760,买盘
2111,13:03:51,6.76,0.01,1,676,买盘
2112,13:03:48,6.75,--,13,8775,买盘
2113,13:03:45,6.75,--,23,15525,买盘
2114,13:03:42,6.75,0.01,20,13500,买盘
2115,13:03:39,6.74,-0.02,79,53246,卖盘
2116,13:03:36,6.76,--,15,10140,买盘
2117,13:03:33,6.76,--,1,676,买盘
2118,13:03:30,6.76,0.01,141,95316,买盘
2119,13:03:27,6.75,--,75,50625,买盘
2120,13:03:24,6.75,--,14,9450,买盘
2121,13:03:21,6.75,--,4,2700,买盘
2122,13:03:18,6.75,-0.01,13,8775,卖盘
2123,13:03:15,6.76,--,17,11492,买盘
2124,13:03:12,6.76,0.01,68,45968,买盘
2125,13:03:09,6.75,--,2,1350,卖盘
2126,13:03:06,6.75,-0.01,63,42525,卖盘
2127,13:03:03,6.76,0.01,15,10140,买盘
2128,13:03:00,6.75,-0.01,17,11475,卖盘
2129,13:02:57,6.76,--,5,3380,买盘
2130,13:02:51,6.76,0.01,20,13520,买盘
2131,13:02:48,6.75,-0.01,15,10125,卖盘
2132,13:02:45,6.76,0.01,3,2028,买盘
2133,13:02:42,6.75,--,33,22275,买盘
2134,13:02:39,6.75,--,57,38475,买盘
2135,13:02:36,6.75,--,7,4725,买盘
2136,13:02:33,6.75,--,1,675,买盘
2137,13:02:30,6.75,--,146,98550,买盘
2138,13:02:27,6.75,--,3,2025,买盘
2139,13:02:24,6.75,--,5,3375,买盘
2140,13:02:21,6.75,--,7,4725,买盘
2141,13:02:18,6.75,--,17,11475,买盘
2142,13:02:15,6.75,-0.01,45,30375,卖盘
2143,13:02:12,6.76,0.01,64,43264,买盘
2144,13:02:09,6.75,-0.01,16,10800,卖盘
2145,13:02:06,6.76,0.01,79,53404,买盘
2146,13:02:03,6.75,-0.01,5,3375,卖盘
2147,13:02:00,6.76,0.01,19,12844,买盘
2148,13:01:57,6.75,--,41,27999,买盘
2149,13:01:54,6.75,--,42,28350,买盘
2150,13:01:51,6.75,0.02,44,29700,买盘
2151,13:01:48,6.73,-0.02,5,3365,卖盘
2152,13:01:45,6.75,--,17,11475,买盘
2153,13:01:42,6.75,--,103,69525,买盘
2154,13:01:36,6.75,--,149,100575,买盘
2155,13:01:33,6.75,--,145,97875,买盘
2156,13:01:30,6.75,--,45,30375,买盘
2157,13:01:27,6.75,--,2,1350,买盘
2158,13:01:24,6.75,--,100,67500,买盘
2159,13:01:21,6.75,--,117,78975,买盘
2160,13:01:18,6.75,--,1,675,买盘
2161,13:01:15,6.75,--,86,58050,买盘
2162,13:01:12,6.75,0.02,132,89100,买盘
2163,13:01:09,6.73,--,207,139311,买盘
2164,13:01:06,6.73,--,115,77395,买盘
2165,13:01:03,6.73,--,13,8749,买盘
2166,13:01:00,6.73,--,129,86817,买盘
2167,13:00:57,6.73,--,16,10768,买盘
2168,13:00:54,6.73,--,129,86817,买盘
2169,13:00:51,6.73,--,105,70665,买盘
2170,13:00:48,6.73,--,23,15479,买盘
2171,13:00:45,6.73,0.01,17,11441,买盘
2172,13:00:42,6.72,-0.01,25,16800,卖盘
2173,13:00:39,6.73,--,130,87490,买盘
2174,13:00:36,6.73,0.01,133,89509,买盘
2175,13:00:33,6.72,-0.01,772,518784,卖盘
2176,13:00:30,6.73,--,157,105661,买盘
2177,13:00:27,6.73,--,24,16152,买盘
2178,13:00:21,6.73,--,112,75376,买盘
2179,13:00:18,6.73,--,1,673,买盘
2180,13:00:15,6.73,--,121,81433,买盘
2181,13:00:12,6.73,--,130,87490,买盘
2182,13:00:09,6.73,--,61,41053,卖盘
2183,13:00:06,6.73,-0.01,396,266588,卖盘
2184,13:00:03,6.74,0.01,1897,1279171,买盘
2185,13:00:00,6.73,--,0,0,买盘
2186,11:30:00,6.73,--,0,0,买盘
2187,11:29:57,6.73,--,1,673,买盘
2188,11:29:54,6.73,--,14,9422,买盘
2189,11:29:51,6.73,0.01,3,2019,买盘
2190,11:29:48,6.72,-0.01,5,3360,卖盘
2191,11:29:45,6.73,--,2,1346,买盘
2192,11:29:42,6.73,--,14,9422,买盘
2193,11:29:39,6.73,--,25,16825,买盘
2194,11:29:36,6.73,0.01,1041,700593,买盘
2195,11:29:33,6.72,-0.01,21,14112,卖盘
2196,11:29:30,6.73,0.01,17,11441,买盘
2197,11:29:27,6.72,-0.01,6,4032,卖盘
2198,11:29:24,6.73,--,115,77395,买盘
2199,11:29:21,6.73,--,14,9422,买盘
2200,11:29:18,6.73,--,1,673,买盘
2201,11:29:15,6.73,--,36,24228,买盘
2202,11:29:12,6.73,--,11,7403,买盘
2203,11:29:09,6.73,--,20,13460,买盘
2204,11:29:06,6.73,--,2,1346,买盘
2205,11:29:03,6.73,0.01,70,47110,买盘
2206,11:29:00,6.72,-0.01,6,4032,卖盘
2207,11:28:57,6.73,0.01,64,43072,买盘
2208,11:28:54,6.72,-0.01,5,3360,卖盘
2209,11:28:51,6.73,--,11,7403,买盘
2210,11:28:48,6.73,--,23,15479,买盘
2211,11:28:45,6.73,0.01,3,2019,买盘
2212,11:28:42,6.72,--,16,10752,卖盘
2213,11:28:39,6.72,--,146,98112,卖盘
2214,11:28:36,6.72,--,17,11424,卖盘
2215,11:28:33,6.72,-0.01,13,8736,卖盘
2216,11:28:30,6.73,0.01,3,2019,买盘
2217,11:28:27,6.72,-0.01,73,49056,卖盘
2218,11:28:24,6.73,--,56,37688,买盘
2219,11:28:21,6.73,0.01,8,5384,买盘
2220,11:28:18,6.72,-0.01,33,22176,卖盘
2221,11:28:15,6.73,--,47,31631,买盘
2222,11:28:12,6.73,--,277,186421,买盘
2223,11:28:06,6.73,--,19,12787,买盘
2224,11:28:03,6.73,--,48,32304,买盘
2225,11:28:00,6.73,0.01,50,33650,买盘
2226,11:27:57,6.72,-0.01,6,4032,卖盘
2227,11:27:51,6.73,--,13,8749,买盘
2228,11:27:45,6.73,0.01,7,4711,买盘
2229,11:27:42,6.72,-0.01,22,14784,卖盘
2230,11:27:39,6.73,--,170,114410,买盘
2231,11:27:36,6.73,0.01,8,5384,买盘
2232,11:27:33,6.72,-0.01,26,17472,卖盘
2233,11:27:30,6.73,0.01,22,14806,买盘
2234,11:27:27,6.72,-0.01,5,3360,卖盘
2235,11:27:24,6.73,--,5,3365,买盘
2236,11:27:21,6.73,--,60,40380,买盘
2237,11:27:18,6.73,--,15,10095,买盘
2238,11:27:15,6.73,0.01,7,4711,买盘
2239,11:27:12,6.72,-0.01,8,5376,卖盘
2240,11:27:06,6.73,--,16,10768,买盘
2241,11:27:03,6.73,0.01,14,9422,买盘
2242,11:26:57,6.72,--,154,103488,买盘
2243,11:26:54,6.72,--,8,5376,买盘
2244,11:26:51,6.72,--,21,14112,买盘
2245,11:26:45,6.72,--,70,47040,买盘
2246,11:26:42,6.72,-0.01,59,39648,卖盘
2247,11:26:39,6.73,--,11,7403,买盘
2248,11:26:36,6.73,--,2,1346,买盘
2249,11:26:33,6.73,--,50,33650,买盘
2250,11:26:30,6.73,0.01,403,271219,买盘
2251,11:26:27,6.72,--,9,6048,卖盘
2252,11:26:24,6.72,-0.01,30,20160,卖盘
2253,11:26:21,6.73,--,32,21536,买盘
2254,11:26:18,6.73,--,1,673,买盘
2255,11:26:15,6.73,--,30,20190,买盘
2256,11:26:12,6.73,--,26,17498,买盘
2257,11:26:06,6.73,0.01,3,2019,买盘
2258,11:26:03,6.72,-0.01,13,8736,卖盘
2259,11:26:00,6.73,0.01,14,9422,买盘
2260,11:25:57,6.72,-0.01,30,20160,卖盘
2261,11:25:54,6.73,0.01,26,17498,买盘
2262,11:25:51,6.72,-0.01,219,147168,卖盘
2263,11:25:48,6.73,--,304,204592,买盘
2264,11:25:45,6.73,0.01,4,2692,买盘
2265,11:25:42,6.72,-0.01,406,272832,卖盘
2266,11:25:39,6.73,--,29,19517,买盘
2267,11:25:36,6.73,0.01,4,2692,买盘
2268,11:25:33,6.72,-0.01,13,8736,卖盘
2269,11:25:30,6.73,0.01,9,6057,买盘
2270,11:25:27,6.72,-0.01,72,48384,卖盘
2271,11:25:21,6.73,0.01,304,204592,买盘
2272,11:25:18,6.72,-0.01,6,4032,卖盘
2273,11:25:15,6.73,--,20,13460,买盘
2274,11:25:12,6.73,--,5,3365,买盘
2275,11:25:09,6.73,-0.01,10,6730,卖盘
2276,11:25:06,6.74,--,5,3370,买盘
2277,11:25:03,6.74,0.01,26,17524,买盘
2278,11:25:00,6.73,--,2,1346,卖盘
2279,11:24:57,6.73,-0.01,6,4038,卖盘
2280,11:24:54,6.74,--,12,8088,买盘
2281,11:24:51,6.74,0.02,2,1348,买盘
2282,11:24:48,6.72,-0.02,5,3360,卖盘
2283,11:24:45,6.74,--,268,180632,买盘
2284,11:24:42,6.74,0.02,29,19546,买盘
2285,11:24:39,6.72,-0.02,185,124320,卖盘
2286,11:24:36,6.74,0.01,17,11458,买盘
2287,11:24:33,6.73,--,492,331116,买盘
2288,11:24:30,6.73,--,24,16152,买盘
2289,11:24:27,6.73,--,3,2019,买盘
2290,11:24:24,6.73,--,20,13460,买盘
2291,11:24:21,6.73,--,16,10768,买盘
2292,11:24:18,6.73,--,1,673,买盘
2293,11:24:15,6.73,--,6,4038,买盘
2294,11:24:12,6.73,--,69,46437,买盘
2295,11:24:09,6.73,--,15,10095,买盘
2296,11:24:06,6.73,0.01,3,2019,买盘
2297,11:24:03,6.72,-0.01,23,15456,卖盘
2298,11:24:00,6.73,--,217,146041,买盘
2299,11:23:57,6.73,0.01,43,28939,买盘
2300,11:23:54,6.72,-0.01,23,15456,卖盘
2301,11:23:51,6.73,--,4,2692,买盘
2302,11:23:48,6.73,0.01,26,17498,买盘
2303,11:23:45,6.72,-0.01,273,183456,卖盘
2304,11:23:42,6.73,--,6,4038,买盘
2305,11:23:39,6.73,0.01,12,8076,买盘
2306,11:23:36,6.72,--,92,61824,卖盘
2307,11:23:33,6.72,-0.01,18,12096,卖盘
2308,11:23:30,6.73,0.01,18,12114,买盘
2309,11:23:27,6.72,-0.01,17,11424,卖盘
2310,11:23:24,6.73,0.01,14,9422,买盘
2311,11:23:21,6.72,-0.01,211,141792,卖盘
2312,11:23:18,6.73,--,1,673,买盘
2313,11:23:15,6.73,--,489,329097,买盘
2314,11:23:12,6.73,--,72,48456,买盘
2315,11:23:06,6.73,0.01,3,2019,买盘
2316,11:23:03,6.72,--,76,51072,卖盘
2317,11:22:57,6.72,-0.01,14,9408,卖盘
2318,11:22:54,6.73,--,13,8749,买盘
2319,11:22:51,6.73,0.01,19,12787,买盘
2320,11:22:48,6.72,-0.01,264,177408,卖盘
2321,11:22:45,6.73,--,83,55859,买盘
2322,11:22:42,6.73,--,23,15479,买盘
2323,11:22:39,6.73,--,66,44418,买盘
2324,11:22:36,6.73,--,63,42399,买盘
2325,11:22:30,6.73,0.01,41,27593,买盘
2326,11:22:27,6.72,-0.01,17,11424,卖盘
2327,11:22:24,6.73,--,200,134600,买盘
2328,11:22:21,6.73,--,3,2019,买盘
2329,11:22:18,6.73,0.01,15,10095,买盘
2330,11:22:15,6.72,--,66,44352,卖盘
2331,11:22:12,6.72,-0.01,58,38976,卖盘
2332,11:22:09,6.73,--,131,88163,买盘
2333,11:22:06,6.73,--,34,22882,买盘
2334,11:22:03,6.73,--,11,7403,买盘
2335,11:22:00,6.73,0.01,22,14806,买盘
2336,11:21:57,6.72,--,28,18816,卖盘
2337,11:21:54,6.72,-0.01,6,4032,卖盘
2338,11:21:51,6.73,--,264,177672,买盘
2339,11:21:45,6.73,--,15,10095,买盘
2340,11:21:42,6.73,0.01,3,2019,买盘
2341,11:21:39,6.72,-0.01,28,18816,卖盘
2342,11:21:36,6.73,--,2,1346,买盘
2343,11:21:33,6.73,--,14,9422,买盘
2344,11:21:30,6.73,--,4,2692,买盘
2345,11:21:27,6.73,--,26,17498,买盘
2346,11:21:24,6.73,--,85,57205,买盘
2347,11:21:21,6.73,--,2,1346,买盘
2348,11:21:18,6.73,--,26,17498,买盘
2349,11:21:15,6.73,0.01,7,4711,买盘
2350,11:21:12,6.72,--,92,61824,卖盘
2351,11:21:09,6.72,-0.01,26,17472,卖盘
2352,11:21:06,6.73,--,103,69319,买盘
2353,11:21:03,6.73,--,10,6730,买盘
2354,11:21:00,6.73,0.01,22,14806,买盘
2355,11:20:57,6.72,-0.01,31,20832,卖盘
2356,11:20:51,6.73,--,340,228820,买盘
2357,11:20:45,6.73,0.01,14,9422,买盘
2358,11:20:42,6.72,-0.01,40,26880,卖盘
2359,11:20:39,6.73,0.01,27,18171,买盘
2360,11:20:36,6.72,--,129,86688,买盘
2361,11:20:33,6.72,--,40,26880,买盘
2362,11:20:30,6.72,--,68,45696,买盘
2363,11:20:27,6.72,--,129,86688,买盘
2364,11:20:24,6.72,--,1248,838656,卖盘
2365,11:20:21,6.72,-0.01,8,5376,卖盘
2366,11:20:18,6.73,--,88,59224,买盘
2367,11:20:15,6.73,--,12,8076,买盘
2368,11:20:12,6.73,0.01,7,4711,买盘
2369,11:20:09,6.72,-0.01,21,14112,卖盘
2370,11:20:06,6.73,0.01,42,28266,买盘
2371,11:20:03,6.72,-0.01,6,4032,卖盘
2372,11:20:00,6.73,0.01,251,168923,买盘
2373,11:19:57,6.72,-0.01,265,178080,卖盘
2374,11:19:54,6.73,--,97,65281,买盘
2375,11:19:51,6.73,0.01,1,673,买盘
2376,11:19:48,6.72,-0.01,14,9408,卖盘
2377,11:19:45,6.73,0.01,132,88836,买盘
2378,11:19:42,6.72,-0.01,35,23520,卖盘
2379,11:19:39,6.73,0.01,17,11441,买盘
2380,11:19:36,6.72,-0.01,55,36960,卖盘
2381,11:19:33,6.73,--,12,8076,买盘
2382,11:19:30,6.73,--,10,6730,买盘
2383,11:19:27,6.73,0.01,2,1346,买盘
2384,11:19:24,6.72,--,113,75936,卖盘
2385,11:19:21,6.72,-0.01,22,14784,卖盘
2386,11:19:18,6.73,--,1,673,买盘
2387,11:19:15,6.73,0.01,9,6057,买盘
2388,11:19:12,6.72,-0.01,47,31584,卖盘
2389,11:19:09,6.73,--,21,14133,买盘
2390,11:19:06,6.73,--,33,22209,买盘
2391,11:19:00,6.73,0.01,13,8749,买盘
2392,11:18:57,6.72,--,59,39648,卖盘
2393,11:18:54,6.72,-0.01,264,177408,卖盘
2394,11:18:51,6.73,--,24,16152,买盘
2395,11:18:48,6.73,0.01,13,8749,买盘
2396,11:18:45,6.72,-0.01,135,90720,卖盘
2397,11:18:42,6.73,0.01,13,8749,买盘
2398,11:18:39,6.72,--,31,20832,卖盘
2399,11:18:36,6.72,--,18,12096,卖盘
2400,11:18:33,6.72,-0.01,40,26880,卖盘
2401,11:18:30,6.73,0.01,14,9422,买盘
2402,11:18:27,6.72,-0.01,38,25536,卖盘
2403,11:18:24,6.73,--,14,9422,买盘
2404,11:18:21,6.73,0.01,14,9422,买盘
2405,11:18:18,6.72,-0.01,14,9408,卖盘
2406,11:18:15,6.73,--,20,13460,买盘
2407,11:18:12,6.73,--,5,3365,买盘
2408,11:18:09,6.73,--,14,9422,买盘
2409,11:18:06,6.73,--,18,12114,买盘
2410,11:18:03,6.73,0.01,13,8749,买盘
2411,11:17:57,6.72,-0.01,290,194880,买盘
2412,11:17:54,6.73,--,5,3365,买盘
2413,11:17:51,6.73,0.02,25,16825,买盘
2414,11:17:48,6.71,-0.02,189,126819,卖盘
2415,11:17:45,6.73,--,173,116429,卖盘
2416,11:17:42,6.73,0.01,127,85471,卖盘
2417,11:17:39,6.72,-0.01,895,601843,卖盘
2418,11:17:36,6.73,0.02,5,3365,买盘
2419,11:17:33,6.71,-0.02,7872,5282112,卖盘
2420,11:17:30,6.73,--,116,78068,买盘
2421,11:17:27,6.73,--,27,18171,买盘
2422,11:17:24,6.73,0.01,50,33650,买盘
2423,11:17:21,6.72,-0.01,514,345408,卖盘
2424,11:17:18,6.73,--,13,8749,买盘
2425,11:17:15,6.73,--,6,4038,买盘
2426,11:17:12,6.73,--,52,34996,买盘
2427,11:17:09,6.73,--,33,22209,买盘
2428,11:17:06,6.73,0.01,18,12114,买盘
2429,11:17:03,6.72,-0.01,16,10752,卖盘
2430,11:17:00,6.73,0.01,264,177672,买盘
2431,11:16:57,6.72,--,63,42336,卖盘
2432,11:16:54,6.72,--,9,6048,卖盘
2433,11:16:51,6.72,--,131,88032,卖盘
2434,11:16:48,6.72,-0.01,37,24864,卖盘
2435,11:16:45,6.73,0.02,2813,1893633,买盘
2436,11:16:42,6.71,-0.01,28,18788,卖盘
2437,11:16:39,6.72,--,455,305760,买盘
2438,11:16:36,6.72,--,277,186144,买盘
2439,11:16:33,6.72,0.01,200,134400,买盘
2440,11:16:30,6.71,-0.01,5187,3480477,卖盘
2441,11:16:27,6.72,--,28,18816,买盘
2442,11:16:24,6.72,-0.01,960,645308,卖盘
2443,11:16:21,6.73,-0.01,12,8076,买盘
2444,11:16:18,6.74,--,5003,3372022,买盘
2445,11:16:15,6.74,0.01,3,2022,买盘
2446,11:16:12,6.73,-0.01,123,82779,卖盘
2447,11:16:09,6.74,--,45,30330,买盘
2448,11:16:06,6.74,--,971,654454,卖盘
2449,11:16:03,6.74,--,306,206244,买盘
2450,11:16:00,6.74,0.01,54,36396,买盘
2451,11:15:57,6.73,-0.01,55,37015,卖盘
2452,11:15:54,6.74,--,4443,2995067,买盘
2453,11:15:51,6.74,-0.01,113,76162,卖盘
2454,11:15:48,6.75,--,161,108675,买盘
2455,11:15:45,6.75,--,105,70875,买盘
2456,11:15:42,6.75,--,12,8100,买盘
2457,11:15:39,6.75,--,23,15525,买盘
2458,11:15:36,6.75,--,2,1350,买盘
2459,11:15:30,6.75,--,4,2700,买盘
2460,11:15:27,6.75,0.01,19,12825,买盘
2461,11:15:24,6.74,--,62,41788,卖盘
2462,11:15:21,6.74,--,268,180632,买盘
2463,11:15:18,6.74,--,15,10110,买盘
2464,11:15:15,6.74,--,7,4718,买盘
2465,11:15:12,6.74,--,54,36396,买盘
2466,11:15:09,6.74,--,50,33700,买盘
2467,11:15:06,6.74,0.01,74,49876,买盘
2468,11:15:03,6.73,-0.01,264,177672,卖盘
2469,11:15:00,6.74,0.01,14,9436,买盘
2470,11:14:57,6.73,-0.01,2,1346,卖盘
2471,11:14:54,6.74,--,153,103122,买盘
2472,11:14:51,6.74,--,1,674,买盘
2473,11:14:45,6.74,--,240,161760,买盘
2474,11:14:42,6.74,--,3,2022,买盘
2475,11:14:39,6.74,--,12,8088,买盘
2476,11:14:36,6.74,--,3,2022,买盘
2477,11:14:33,6.74,--,14,9436,买盘
2478,11:14:30,6.74,0.01,9,6066,买盘
2479,11:14:27,6.73,--,19,12787,卖盘
2480,11:14:24,6.73,--,165,111045,卖盘
2481,11:14:21,6.73,-0.01,26,17498,卖盘
2482,11:14:18,6.74,--,24,16176,买盘
2483,11:14:15,6.74,--,15,10110,买盘
2484,11:14:12,6.74,--,18,12132,买盘
2485,11:14:09,6.74,--,2,1348,买盘
2486,11:14:06,6.74,0.01,272,183328,买盘
2487,11:14:03,6.73,-0.01,407,273911,卖盘
2488,11:14:00,6.74,--,13,8762,买盘
2489,11:13:57,6.74,--,2,1348,买盘
2490,11:13:54,6.74,--,30,20220,卖盘
2491,11:13:51,6.74,--,12,8088,买盘
2492,11:13:48,6.74,--,21,14154,买盘
2493,11:13:45,6.74,--,12,8088,买盘
2494,11:13:42,6.74,--,10,6740,买盘
2495,11:13:39,6.74,--,28,18872,买盘
2496,11:13:36,6.74,--,25,16850,买盘
2497,11:13:33,6.74,-0.01,12,8088,卖盘
2498,11:13:30,6.75,--,8,5400,买盘
2499,11:13:27,6.75,0.01,15,10125,买盘
2500,11:13:24,6.74,--,199,134126,买盘
2501,11:13:21,6.74,--,158,106492,买盘
2502,11:13:18,6.74,--,20,13480,买盘
2503,11:13:15,6.74,--,20,13480,买盘
2504,11:13:12,6.74,--,4,2696,买盘
2505,11:13:09,6.74,--,8,5392,买盘
2506,11:13:06,6.74,--,280,188720,买盘
2507,11:13:03,6.74,--,40,26960,买盘
2508,11:13:00,6.74,--,8,5392,买盘
2509,11:12:57,6.74,--,140,94360,买盘
2510,11:12:54,6.74,--,17,11458,买盘
2511,11:12:51,6.74,--,11,7414,买盘
2512,11:12:48,6.74,--,10,6740,买盘
2513,11:12:45,6.74,-0.01,28,18872,卖盘
2514,11:12:42,6.75,--,37,24975,买盘
2515,11:12:39,6.75,--,511,344925,买盘
2516,11:12:36,6.75,0.02,2,1350,买盘
2517,11:12:33,6.73,-0.01,28,18844,卖盘
2518,11:12:30,6.74,--,7,4718,买盘
2519,11:12:27,6.74,--,75,50550,卖盘
2520,11:12:24,6.74,--,55,37070,卖盘
2521,11:12:21,6.74,--,115,77510,买盘
2522,11:12:15,6.74,--,101,68074,买盘
2523,11:12:12,6.74,--,10,6740,买盘
2524,11:12:09,6.74,-0.01,113,76162,卖盘
2525,11:12:06,6.75,0.01,3,2025,买盘
2526,11:12:03,6.74,-0.01,31,20894,卖盘
2527,11:12:00,6.75,--,132,89100,买盘
2528,11:11:57,6.75,0.01,78,52650,买盘
2529,11:11:54,6.74,--,3,2022,买盘
2530,11:11:51,6.74,--,18,12132,买盘
2531,11:11:48,6.74,--,11,7414,买盘
2532,11:11:45,6.74,--,41,27634,买盘
2533,11:11:42,6.74,--,59,39766,买盘
2534,11:11:39,6.74,--,41,27634,买盘
2535,11:11:36,6.74,0.01,47,31678,买盘
2536,11:11:33,6.73,-0.01,9,6057,卖盘
2537,11:11:30,6.74,--,48,32352,买盘
2538,11:11:27,6.74,--,95,64030,买盘
2539,11:11:24,6.74,--,38,25612,买盘
2540,11:11:21,6.74,--,2,1348,买盘
2541,11:11:15,6.74,--,37,24938,买盘
2542,11:11:12,6.74,-0.01,150,101100,卖盘
2543,11:11:09,6.75,--,1,675,买盘
2544,11:11:06,6.75,0.01,13,8775,买盘
2545,11:11:03,6.74,--,31,20894,卖盘
2546,11:11:00,6.74,-0.01,151,101774,卖盘
2547,11:10:57,6.75,--,2,1350,买盘
2548,11:10:51,6.75,0.01,14,9450,买盘
2549,11:10:48,6.74,-0.01,2,1348,卖盘
2550,11:10:45,6.75,--,4,2700,买盘
2551,11:10:42,6.75,--,2,1350,买盘
2552,11:10:39,6.75,--,24,16200,买盘
2553,11:10:36,6.75,--,2,1350,买盘
2554,11:10:30,6.75,0.01,18,12150,买盘
2555,11:10:27,6.74,--,41,27634,卖盘
2556,11:10:24,6.74,-0.01,23,15502,卖盘
2557,11:10:21,6.75,--,4,2700,买盘
2558,11:10:18,6.75,0.01,12,8100,买盘
2559,11:10:15,6.74,--,131,88294,买盘
2560,11:10:12,6.74,--,144,97056,卖盘
2561,11:10:09,6.74,-0.01,37,24938,卖盘
2562,11:10:06,6.75,0.01,20,13500,买盘
2563,11:10:03,6.74,-0.01,280,188720,卖盘
2564,11:10:00,6.75,0.01,1,675,买盘
2565,11:09:57,6.74,-0.01,21,14154,卖盘
2566,11:09:51,6.75,0.01,2,1350,买盘
2567,11:09:48,6.74,-0.01,2,1348,卖盘
2568,11:09:45,6.75,--,19,12825,买盘
2569,11:09:42,6.75,--,5,3375,买盘
2570,11:09:39,6.75,0.01,11,7425,买盘
2571,11:09:36,6.74,--,67,45158,买盘
2572,11:09:33,6.74,--,72,48528,买盘
2573,11:09:30,6.74,--,4,2696,买盘
2574,11:09:27,6.74,--,34,22916,买盘
2575,11:09:24,6.74,--,36,24264,买盘
2576,11:09:21,6.74,--,24,16176,买盘
2577,11:09:18,6.74,--,23,15502,买盘
2578,11:09:15,6.74,--,269,181306,买盘
2579,11:09:12,6.74,--,22,14828,买盘
2580,11:09:09,6.74,--,9,6066,买盘
2581,11:09:06,6.74,-0.01,304,204896,卖盘
2582,11:09:03,6.75,--,410,276750,买盘
2583,11:09:00,6.75,0.01,29,19575,买盘
2584,11:08:57,6.74,--,227,152998,卖盘
2585,11:08:54,6.74,-0.01,11,7414,卖盘
2586,11:08:51,6.75,--,23,15525,买盘
2587,11:08:45,6.75,--,5,3375,买盘
2588,11:08:42,6.75,--,5,3375,买盘
2589,11:08:39,6.75,--,34,22950,买盘
2590,11:08:36,6.75,--,3,2025,买盘
2591,11:08:30,6.75,0.02,6,4050,买盘
2592,11:08:27,6.73,-0.01,29,19517,卖盘
2593,11:08:24,6.74,--,51,34374,买盘
2594,11:08:21,6.74,0.01,36,24264,买盘
2595,11:08:18,6.73,-0.01,7,4711,卖盘
2596,11:08:15,6.74,--,310,208940,买盘
2597,11:08:12,6.74,--,14,9436,买盘
2598,11:08:09,6.74,--,24,16176,买盘
2599,11:08:06,6.74,--,89,59986,卖盘
2600,11:08:03,6.74,--,35,23590,买盘
2601,11:08:00,6.74,-0.01,164,110536,卖盘
2602,11:07:57,6.75,--,1,675,买盘
2603,11:07:54,6.75,--,14,9450,买盘
2604,11:07:51,6.75,--,4,2700,买盘
2605,11:07:48,6.75,--,1,675,买盘
2606,11:07:45,6.75,--,4,2700,买盘
2607,11:07:42,6.75,--,18,12150,买盘
2608,11:07:39,6.75,--,51,34425,买盘
2609,11:07:36,6.75,--,18,12150,买盘
2610,11:07:33,6.75,--,61,41175,买盘
2611,11:07:30,6.75,--,4,2700,买盘
2612,11:07:27,6.75,0.01,353,238275,买盘
2613,11:07:24,6.74,-0.01,3,2022,卖盘
2614,11:07:21,6.75,0.01,43,29025,买盘
2615,11:07:18,6.74,0.01,298,200852,买盘
2616,11:07:15,6.73,--,42,28266,卖盘
2617,11:07:12,6.73,-0.01,27,18171,卖盘
2618,11:07:09,6.74,--,155,104470,买盘
2619,11:07:06,6.74,0.01,14,9436,买盘
2620,11:07:03,6.73,-0.01,135,90855,卖盘
2621,11:07:00,6.74,--,225,151650,买盘
2622,11:06:57,6.74,--,11,7414,买盘
2623,11:06:54,6.74,--,1,674,买盘
2624,11:06:51,6.74,--,15,10110,买盘
2625,11:06:48,6.74,--,81,54594,买盘
2626,11:06:45,6.74,--,63,42731,卖盘
2627,11:06:42,6.74,--,126,85328,买盘
2628,11:06:39,6.74,--,12,8088,买盘
2629,11:06:36,6.74,-0.01,2326,1568263,卖盘
2630,11:06:30,6.75,--,326,220050,买盘
2631,11:06:27,6.75,--,16,10800,买盘
2632,11:06:24,6.75,--,105,70875,买盘
2633,11:06:21,6.75,--,277,186975,买盘
2634,11:06:18,6.75,--,55,37125,买盘
2635,11:06:15,6.75,--,77,51975,买盘
2636,11:06:12,6.75,0.01,47,31725,买盘
2637,11:06:09,6.74,-0.01,1086,731964,卖盘
2638,11:06:06,6.75,--,5,3375,买盘
2639,11:06:03,6.75,-0.01,167,112725,卖盘
2640,11:06:00,6.76,0.01,141,95316,买盘
2641,11:05:57,6.75,--,175,118125,卖盘
2642,11:05:54,6.75,-0.01,3,2025,卖盘
2643,11:05:51,6.76,0.01,14,9464,买盘
2644,11:05:48,6.75,-0.01,14,9450,卖盘
2645,11:05:45,6.76,--,3,2028,买盘
2646,11:05:42,6.76,--,15,10140,买盘
2647,11:05:39,6.76,--,11,7436,买盘
2648,11:05:36,6.76,--,2,1352,买盘
2649,11:05:30,6.76,0.01,17,11492,买盘
2650,11:05:27,6.75,--,32,21600,卖盘
2651,11:05:24,6.75,0.01,105,70875,买盘
2652,11:05:21,6.74,-0.01,367,247358,卖盘
2653,11:05:18,6.75,--,82,55350,买盘
2654,11:05:15,6.75,--,27,18225,买盘
2655,11:05:12,6.75,--,133,89775,买盘
2656,11:05:09,6.75,--,15,10125,买盘
2657,11:05:06,6.75,--,7,4725,买盘
2658,11:05:03,6.75,0.01,145,97875,买盘
2659,11:05:00,6.74,--,102,68748,卖盘
2660,11:04:57,6.74,-0.01,217,146258,卖盘
2661,11:04:54,6.75,--,31,20925,买盘
2662,11:04:51,6.75,0.01,8,5400,买盘
2663,11:04:48,6.74,-0.01,9,6066,卖盘
2664,11:04:45,6.75,-0.01,58,39150,卖盘
2665,11:04:42,6.76,0.01,3,2028,买盘
2666,11:04:39,6.75,0.01,3,2025,买盘
2667,11:04:36,6.74,-0.02,25,16850,卖盘
2668,11:04:30,6.76,--,59,39884,买盘
2669,11:04:27,6.76,--,4,2704,买盘
2670,11:04:24,6.76,--,297,200772,买盘
2671,11:04:21,6.76,--,14,9464,买盘
2672,11:04:18,6.76,--,14,9464,买盘
2673,11:04:15,6.76,-0.01,16,10816,中性盘
2674,11:04:12,6.77,0.01,1056,714912,买盘
2675,11:04:06,6.76,--,116,78416,买盘
2676,11:04:03,6.76,0.01,14,9464,买盘
2677,11:04:00,6.75,--,5,3375,卖盘
2678,11:03:57,6.75,-0.01,208,140400,卖盘
2679,11:03:54,6.76,--,12,8112,买盘
2680,11:03:51,6.76,--,62,41912,卖盘
2681,11:03:48,6.76,-0.01,9,6084,卖盘
2682,11:03:45,6.77,--,21,14217,买盘
2683,11:03:42,6.77,--,121,81917,买盘
2684,11:03:39,6.77,--,25,16925,买盘
2685,11:03:36,6.77,0.02,3,2030,买盘
2686,11:03:33,6.75,-0.01,47,31725,卖盘
2687,11:03:30,6.76,--,66,44616,买盘
2688,11:03:27,6.76,0.01,63,42588,买盘
2689,11:03:24,6.75,-0.01,264,178200,卖盘
2690,11:03:21,6.76,0.01,45,30420,买盘
2691,11:03:18,6.75,-0.01,20,13500,卖盘
2692,11:03:15,6.76,-0.01,544,367744,卖盘
2693,11:03:12,6.77,--,6,4061,买盘
2694,11:03:06,6.77,--,116,78532,买盘
2695,11:03:03,6.77,0.01,10,6770,买盘
2696,11:03:00,6.76,--,42,28392,卖盘
2697,11:02:57,6.76,-0.01,206,139256,卖盘
2698,11:02:54,6.77,--,1,677,买盘
2699,11:02:51,6.77,0.02,2,1354,买盘
2700,11:02:48,6.75,-0.01,10,7290,卖盘
2701,11:02:45,6.76,--,184,124384,买盘
2702,11:02:42,6.76,--,14,9464,买盘
2703,11:02:39,6.76,--,21,14196,买盘
2704,11:02:36,6.76,0.01,103,69628,买盘
2705,11:02:33,6.75,-0.01,38,25650,卖盘
2706,11:02:30,6.76,0.01,13,8788,买盘
2707,11:02:27,6.75,-0.01,874,589950,卖盘
2708,11:02:24,6.76,-0.01,19,12844,卖盘
2709,11:02:21,6.77,--,4,2708,买盘
2710,11:02:18,6.77,--,157,106289,买盘
2711,11:02:15,6.77,--,20,13540,买盘
2712,11:02:12,6.77,0.01,16,10832,买盘
2713,11:02:09,6.76,-0.01,16,10816,卖盘
2714,11:02:06,6.77,0.01,13,8801,买盘
2715,11:02:03,6.76,-0.01,1,676,卖盘
2716,11:02:00,6.77,0.01,14,9478,买盘
2717,11:01:57,6.76,-0.01,62,41912,卖盘
2718,11:01:54,6.77,--,216,146232,买盘
2719,11:01:51,6.77,--,10,6770,买盘
2720,11:01:48,6.77,--,43,29110,买盘
2721,11:01:45,6.77,0.01,5,3385,买盘
2722,11:01:42,6.76,-0.01,7,4732,卖盘
2723,11:01:39,6.77,--,24,16247,买盘
2724,11:01:36,6.77,0.01,9,6093,买盘
2725,11:01:33,6.76,-0.01,17,11492,卖盘
2726,11:01:30,6.77,--,269,182113,买盘
2727,11:01:27,6.77,0.01,27,18279,买盘
2728,11:01:24,6.76,--,10,6760,卖盘
2729,11:01:21,6.76,--,30,20280,卖盘
2730,11:01:18,6.76,-0.01,135,91260,卖盘
2731,11:01:15,6.77,--,18,12186,买盘
2732,11:01:12,6.77,--,10,6770,买盘
2733,11:01:06,6.77,--,17,11509,买盘
2734,11:01:03,6.77,--,1,677,买盘
2735,11:01:00,6.77,0.01,101,68377,买盘
2736,11:00:57,6.76,-0.01,11,7436,卖盘
2737,11:00:54,6.77,--,217,146909,买盘
2738,11:00:51,6.77,--,24,16247,买盘
2739,11:00:45,6.77,--,5,3385,买盘
2740,11:00:42,6.77,--,19,12863,买盘
2741,11:00:39,6.77,--,11,7446,买盘
2742,11:00:36,6.77,0.01,13,8801,买盘
2743,11:00:33,6.76,-0.01,32,21632,卖盘
2744,11:00:30,6.77,--,321,217317,买盘
2745,11:00:27,6.77,--,74,50098,卖盘
2746,11:00:24,6.77,--,29,19633,卖盘
2747,11:00:21,6.77,--,219,148263,买盘
2748,11:00:18,6.77,--,56,37912,买盘
2749,11:00:15,6.77,--,80,54160,买盘
2750,11:00:12,6.77,--,12,8123,买盘
2751,11:00:09,6.77,--,15,10155,买盘
2752,11:00:06,6.77,--,11,7446,买盘
2753,11:00:03,6.77,--,31,20987,买盘
2754,11:00:00,6.77,--,1,677,买盘
2755,10:59:57,6.77,--,89,60252,买盘
2756,10:59:54,6.77,0.01,4,2708,买盘
2757,10:59:51,6.76,-0.01,203,137228,卖盘
2758,10:59:48,6.77,--,13,8801,买盘
2759,10:59:45,6.77,0.01,5,3385,买盘
2760,10:59:42,6.76,-0.01,9,6084,卖盘
2761,10:59:39,6.77,--,112,75824,买盘
2762,10:59:36,6.77,--,19,12863,买盘
2763,10:59:33,6.77,--,285,192945,买盘
2764,10:59:30,6.77,0.01,51,34527,买盘
2765,10:59:27,6.76,-0.01,32,21632,卖盘
2766,10:59:24,6.77,--,161,108997,买盘
2767,10:59:21,6.77,0.01,27,18279,买盘
2768,10:59:18,6.76,-0.01,150,101400,卖盘
2769,10:59:15,6.77,--,22,14893,买盘
2770,10:59:12,6.77,--,24,16247,买盘
2771,10:59:09,6.77,0.01,67,45359,买盘
2772,10:59:06,6.76,--,78,52728,卖盘
2773,10:59:03,6.76,--,43,29068,卖盘
2774,10:59:00,6.76,--,9,6084,卖盘
2775,10:58:57,6.76,-0.01,386,260936,卖盘
2776,10:58:54,6.77,--,208,140816,买盘
2777,10:58:51,6.77,0.01,214,144878,买盘
2778,10:58:48,6.76,-0.01,1,676,卖盘
2779,10:58:45,6.77,--,15,10155,买盘
2780,10:58:42,6.77,--,18,12186,买盘
2781,10:58:39,6.77,0.01,38,25726,买盘
2782,10:58:36,6.76,-0.01,286,193336,卖盘
2783,10:58:33,6.77,--,1,677,买盘
2784,10:58:30,6.77,--,17,11509,买盘
2785,10:58:27,6.77,0.01,4,2708,买盘
2786,10:58:24,6.76,-0.01,140,94640,卖盘
2787,10:58:21,6.77,--,5,3385,买盘
2788,10:58:18,6.77,--,57,38589,买盘
2789,10:58:15,6.77,--,32,21664,买盘
2790,10:58:12,6.77,--,4,2708,买盘
2791,10:58:09,6.77,0.01,123,83271,买盘
2792,10:58:06,6.76,--,13,8788,卖盘
2793,10:58:03,6.76,--,2,1352,卖盘
2794,10:58:00,6.76,--,5,3380,卖盘
2795,10:57:57,6.76,-0.01,69,46644,卖盘
2796,10:57:54,6.77,--,18,12186,买盘
2797,10:57:51,6.77,--,202,136754,买盘
2798,10:57:45,6.77,--,67,45359,买盘
2799,10:57:42,6.77,--,55,37235,买盘
2800,10:57:39,6.77,--,18,12186,买盘
2801,10:57:36,6.77,--,123,83271,买盘
2802,10:57:30,6.77,0.01,6,4061,买盘
2803,10:57:27,6.76,-0.01,136,91936,卖盘
2804,10:57:24,6.77,--,13,8801,买盘
2805,10:57:21,6.77,--,4,2708,买盘
2806,10:57:18,6.77,--,16,10832,买盘
2807,10:57:15,6.77,--,80,54160,买盘
2808,10:57:12,6.77,0.01,27,18279,买盘
2809,10:57:06,6.76,-0.01,21,14196,卖盘
2810,10:57:03,6.77,--,13,8801,买盘
2811,10:57:00,6.77,0.01,37,25049,买盘
2812,10:56:57,6.76,--,3,2028,卖盘
2813,10:56:54,6.76,-0.01,10,6760,卖盘
2814,10:56:51,6.77,0.01,64,43328,买盘
2815,10:56:48,6.76,-0.01,575,388700,卖盘
2816,10:56:45,6.77,--,31,20987,买盘
2817,10:56:42,6.77,--,4,2708,买盘
2818,10:56:39,6.77,--,197,133369,买盘
2819,10:56:36,6.77,--,24,16247,买盘
2820,10:56:33,6.77,--,19,12863,买盘
2821,10:56:30,6.77,--,143,96811,买盘
2822,10:56:27,6.77,--,13,8801,买盘
2823,10:56:24,6.77,--,1,677,买盘
2824,10:56:21,6.77,--,13,8801,买盘
2825,10:56:18,6.77,--,78,52806,买盘
2826,10:56:15,6.77,--,36,24372,买盘
2827,10:56:12,6.77,0.01,80,54160,买盘
2828,10:56:09,6.76,-0.01,301,203476,卖盘
2829,10:56:06,6.77,0.01,18,12186,买盘
2830,10:56:03,6.76,-0.01,7,4732,卖盘
2831,10:56:00,6.77,0.01,1,677,买盘
2832,10:55:57,6.76,-0.01,636,429936,卖盘
2833,10:55:54,6.77,--,4,2708,买盘
2834,10:55:51,6.77,0.01,8,5416,买盘
2835,10:55:48,6.76,-0.01,200,135200,卖盘
2836,10:55:45,6.77,0.01,27,18279,买盘
2837,10:55:42,6.76,--,174,117624,卖盘
2838,10:55:39,6.76,--,171,115866,买盘
2839,10:55:36,6.76,0.01,705,476580,买盘
2840,10:55:33,6.75,-0.01,33,22275,卖盘
2841,10:55:30,6.76,0.01,138,93288,买盘
2842,10:55:27,6.75,--,17,11475,卖盘
2843,10:55:24,6.75,-0.01,10,6750,卖盘
2844,10:55:21,6.76,--,50,33800,买盘
2845,10:55:18,6.76,--,241,162916,买盘
2846,10:55:15,6.76,--,82,55432,买盘
2847,10:55:12,6.76,0.01,261,176436,买盘
2848,10:55:09,6.75,-0.01,21,14175,卖盘
2849,10:55:06,6.76,0.01,6,4056,买盘
2850,10:55:00,6.75,--,16,10800,卖盘
2851,10:54:57,6.75,-0.01,6,4050,卖盘
2852,10:54:54,6.76,0.01,1,676,买盘
2853,10:54:51,6.75,-0.01,16,10800,卖盘
2854,10:54:48,6.76,--,214,144664,买盘
2855,10:54:45,6.76,0.01,14,9464,买盘
2856,10:54:42,6.75,-0.01,7,4725,卖盘
2857,10:54:39,6.76,--,36,24336,买盘
2858,10:54:36,6.76,0.01,12,8112,买盘
2859,10:54:33,6.75,-0.01,129,87075,卖盘
2860,10:54:30,6.76,--,4,2704,买盘
2861,10:54:27,6.76,--,16,10816,买盘
2862,10:54:24,6.76,--,55,37180,买盘
2863,10:54:21,6.76,--,14,9464,买盘
2864,10:54:18,6.76,--,20,13520,买盘
2865,10:54:15,6.76,0.01,30,20280,买盘
2866,10:54:12,6.75,--,19,12825,卖盘
2867,10:54:06,6.75,-0.01,20,13500,卖盘
2868,10:54:03,6.76,0.01,1,676,买盘
2869,10:54:00,6.75,-0.01,60,40500,卖盘
2870,10:53:57,6.76,--,1,676,买盘
2871,10:53:54,6.76,0.01,21,14196,买盘
2872,10:53:51,6.75,--,5,3375,卖盘
2873,10:53:45,6.75,-0.01,228,153900,卖盘
2874,10:53:42,6.76,--,18,12168,买盘
2875,10:53:39,6.76,0.01,12,8112,买盘
2876,10:53:36,6.75,0.01,1147,774225,买盘
2877,10:53:33,6.74,-0.01,185,124690,卖盘
2878,10:53:30,6.75,0.01,3,2025,买盘
2879,10:53:27,6.74,-0.01,18,12132,卖盘
2880,10:53:24,6.75,--,79,53325,买盘
2881,10:53:21,6.75,0.01,32,21600,买盘
2882,10:53:18,6.74,-0.01,133,89642,卖盘
2883,10:53:15,6.75,--,112,75600,买盘
2884,10:53:12,6.75,--,5,3375,买盘
2885,10:53:09,6.75,--,14,9450,买盘
2886,10:53:06,6.75,--,14,9450,买盘
2887,10:52:57,6.75,--,45,30375,买盘
2888,10:52:54,6.75,--,21,14175,买盘
2889,10:52:51,6.75,--,1,675,买盘
2890,10:52:48,6.75,--,14,9450,买盘
2891,10:52:45,6.75,--,205,138375,买盘
2892,10:52:42,6.75,--,4,2700,买盘
2893,10:52:39,6.75,--,16,10800,买盘
2894,10:52:36,6.75,--,523,353025,买盘
2895,10:52:30,6.75,0.01,8,5400,买盘
2896,10:52:27,6.74,-0.01,11,7414,卖盘
2897,10:52:24,6.75,0.01,14,9450,买盘
2898,10:52:21,6.74,--,61,41114,卖盘
2899,10:52:18,6.74,--,88,59312,卖盘
2900,10:52:15,6.74,-0.01,54,36396,卖盘
2901,10:52:12,6.75,0.01,133,89775,买盘
2902,10:52:09,6.74,--,49,33026,买盘
2903,10:52:06,6.74,--,23,15502,买盘
2904,10:52:03,6.74,--,12,8088,买盘
2905,10:52:00,6.74,0.01,35,23590,买盘
2906,10:51:57,6.73,-0.01,37,24901,卖盘
2907,10:51:54,6.74,--,1,674,买盘
2908,10:51:51,6.74,--,51,34374,买盘
2909,10:51:45,6.74,--,224,150976,买盘
2910,10:51:42,6.74,--,78,52572,买盘
2911,10:51:39,6.74,0.01,157,105818,买盘
2912,10:51:36,6.73,--,156,104988,卖盘
