,time,price,change,volume,amount,type
0,15:00:03,8.63,-0.02,9652,8330357,卖盘
1,14:57:00,8.65,0.01,216,187359,买盘
2,14:56:57,8.64,0.01,135,116640,买盘
3,14:56:54,8.63,-0.01,164,141532,卖盘
4,14:56:51,8.64,0.01,121,104544,买盘
5,14:56:48,8.63,--,148,127724,卖盘
6,14:56:45,8.63,-0.01,103,88889,卖盘
7,14:56:42,8.64,0.01,195,168480,买盘
8,14:56:39,8.63,-0.01,67,57821,卖盘
9,14:56:36,8.64,--,252,217728,买盘
10,14:56:33,8.64,--,82,70848,买盘
11,14:56:30,8.64,--,894,772416,买盘
12,14:56:27,8.64,--,88,76032,买盘
13,14:56:24,8.64,-0.01,1058,914112,卖盘
14,14:56:21,8.65,0.01,174,150510,买盘
15,14:56:18,8.64,-0.01,131,113184,卖盘
16,14:56:15,8.65,--,232,200680,买盘
17,14:56:12,8.65,0.01,126,108990,买盘
18,14:56:09,8.64,-0.01,179,154656,卖盘
19,14:56:06,8.65,--,307,265555,买盘
20,14:56:03,8.65,--,823,711895,买盘
21,14:56:00,8.65,0.01,91,78715,买盘
22,14:55:57,8.64,-0.01,153,132192,卖盘
23,14:55:54,8.65,0.01,8,6920,买盘
24,14:55:51,8.64,-0.01,106,91584,卖盘
25,14:55:48,8.65,--,263,227495,买盘
26,14:55:45,8.65,0.01,52,44980,买盘
27,14:55:42,8.64,--,168,145152,卖盘
28,14:55:39,8.64,-0.01,78,67392,卖盘
29,14:55:36,8.65,0.01,168,145320,买盘
30,14:55:33,8.64,-0.01,94,81216,卖盘
31,14:55:30,8.65,--,73,63145,买盘
32,14:55:27,8.65,--,128,110720,买盘
33,14:55:24,8.65,--,93,80445,买盘
34,14:55:21,8.65,0.01,238,205870,买盘
35,14:55:18,8.64,-0.01,156,134784,卖盘
36,14:55:15,8.65,--,199,172135,买盘
37,14:55:12,8.65,--,103,89095,买盘
38,14:55:09,8.65,0.01,143,123695,买盘
39,14:55:06,8.64,--,227,196128,卖盘
40,14:55:03,8.64,-0.01,262,226368,卖盘
41,14:55:00,8.65,0.01,223,192895,买盘
42,14:54:57,8.64,--,218,188352,卖盘
43,14:54:54,8.64,-0.02,1430,1235520,卖盘
44,14:54:51,8.66,0.01,32,27712,买盘
45,14:54:48,8.65,--,152,131480,买盘
46,14:54:45,8.65,--,133,115045,买盘
47,14:54:42,8.65,--,180,155700,买盘
48,14:54:39,8.65,-0.01,113,97745,卖盘
49,14:54:36,8.66,0.01,510,441660,买盘
50,14:54:33,8.65,--,124,107260,买盘
51,14:54:30,8.65,--,1428,1235220,卖盘
52,14:54:27,8.65,--,124,107260,卖盘
53,14:54:24,8.65,--,78,67470,卖盘
54,14:54:21,8.65,-0.01,34,29410,卖盘
55,14:54:18,8.66,--,61,52826,买盘
56,14:54:15,8.66,--,65,56290,卖盘
57,14:54:12,8.66,--,5,4330,卖盘
58,14:54:09,8.66,--,10,8660,卖盘
59,14:54:06,8.66,0.01,1428,1236648,买盘
60,14:54:03,8.65,--,174,150510,卖盘
61,14:54:00,8.65,--,88,76120,卖盘
62,14:53:57,8.65,--,297,256905,买盘
63,14:53:54,8.65,-0.01,119,102935,卖盘
64,14:53:51,8.66,--,173,149818,买盘
65,14:53:48,8.66,--,257,222562,买盘
66,14:53:45,8.66,--,151,130766,买盘
67,14:53:42,8.66,0.01,183,158478,买盘
68,14:53:39,8.65,-0.01,53,45845,卖盘
69,14:53:36,8.66,0.01,41,35506,买盘
70,14:53:33,8.65,--,129,111585,卖盘
71,14:53:30,8.65,--,133,115045,卖盘
72,14:53:27,8.65,--,58,50170,买盘
73,14:53:24,8.65,0.01,40,34600,买盘
74,14:53:21,8.64,--,43,37152,卖盘
75,14:53:18,8.64,-0.01,334,288576,卖盘
76,14:53:15,8.65,0.01,200,173000,买盘
77,14:53:12,8.64,--,105,90720,卖盘
78,14:53:09,8.64,-0.01,220,190080,卖盘
79,14:53:06,8.65,-0.01,2724,2356260,卖盘
80,14:53:03,8.66,0.01,96,83136,买盘
81,14:53:00,8.65,--,119,102935,卖盘
82,14:52:57,8.65,-0.01,103,89095,卖盘
83,14:52:54,8.66,0.01,143,123838,买盘
84,14:52:51,8.65,--,201,173865,卖盘
85,14:52:48,8.65,-0.01,40,34600,卖盘
86,14:52:45,8.66,--,26,22516,买盘
87,14:52:42,8.66,0.01,20,17320,买盘
88,14:52:39,8.65,-0.01,58,50170,卖盘
89,14:52:36,8.66,0.01,43,37238,买盘
90,14:52:33,8.65,-0.01,29,25085,卖盘
91,14:52:30,8.66,--,620,536920,买盘
92,14:52:27,8.66,--,37,32042,买盘
93,14:52:24,8.66,0.01,382,330812,买盘
94,14:52:21,8.65,-0.01,3,2595,卖盘
95,14:52:18,8.66,0.01,79,68414,买盘
96,14:52:15,8.65,-0.01,42,36330,卖盘
97,14:52:12,8.66,--,58,50228,买盘
98,14:52:09,8.66,--,56,48496,买盘
99,14:52:06,8.66,--,72,62352,买盘
100,14:52:03,8.66,--,20,17320,买盘
101,14:52:00,8.66,--,377,326482,买盘
102,14:51:57,8.66,--,1626,1408116,卖盘
103,14:51:54,8.66,-0.01,22,19052,卖盘
104,14:51:51,8.67,0.01,381,330327,买盘
105,14:51:48,8.66,--,2,1732,卖盘
106,14:51:45,8.66,0.01,398,344668,买盘
107,14:51:42,8.65,-0.01,11,9515,卖盘
108,14:51:39,8.66,--,955,827030,买盘
109,14:51:36,8.66,--,61,52826,买盘
110,14:51:33,8.66,--,250,216500,卖盘
111,14:51:30,8.66,-0.01,758,656428,卖盘
112,14:51:27,8.67,0.01,32,27744,买盘
113,14:51:24,8.66,--,129,111714,卖盘
114,14:51:21,8.66,--,947,820102,买盘
115,14:51:18,8.66,--,4,3464,买盘
116,14:51:15,8.66,--,194,168004,买盘
117,14:51:12,8.66,--,16,13856,买盘
118,14:51:09,8.66,--,163,141158,买盘
119,14:51:06,8.66,-0.01,62,53692,卖盘
120,14:51:03,8.67,0.01,557,482919,买盘
121,14:51:00,8.66,--,212,183592,买盘
122,14:50:57,8.66,-0.01,317,274522,卖盘
123,14:50:54,8.67,0.01,36,31212,买盘
124,14:50:51,8.66,--,365,316090,卖盘
125,14:50:48,8.66,--,48,41568,卖盘
126,14:50:45,8.66,--,89,77074,卖盘
127,14:50:42,8.66,--,2,1732,卖盘
128,14:50:39,8.66,0.01,122,105652,买盘
129,14:50:36,8.65,-0.01,95,82175,卖盘
130,14:50:33,8.66,0.01,30,25980,买盘
131,14:50:30,8.65,-0.01,23,19895,卖盘
132,14:50:27,8.66,--,97,84002,买盘
133,14:50:24,8.66,0.01,31,26846,买盘
134,14:50:21,8.65,-0.01,200,173000,卖盘
135,14:50:18,8.66,--,127,109982,买盘
136,14:50:15,8.66,0.01,62,53692,买盘
137,14:50:12,8.65,--,184,159160,卖盘
138,14:50:09,8.65,--,39,33735,卖盘
139,14:50:06,8.65,--,204,176460,卖盘
140,14:50:03,8.65,--,302,261230,卖盘
141,14:50:00,8.65,-0.01,80,69200,卖盘
142,14:49:57,8.66,--,49,42434,买盘
143,14:49:54,8.66,-0.01,552,478032,卖盘
144,14:49:51,8.67,0.02,81,70227,买盘
145,14:49:48,8.65,-0.01,409,353785,卖盘
146,14:49:45,8.66,--,481,416546,卖盘
147,14:49:42,8.66,-0.01,5,4330,卖盘
148,14:49:39,8.67,--,374,324258,买盘
149,14:49:36,8.67,--,154,133518,买盘
150,14:49:33,8.67,0.01,17,14739,买盘
151,14:49:30,8.66,--,1004,869464,卖盘
152,14:49:27,8.66,--,25,21650,卖盘
153,14:49:24,8.66,-0.01,161,139426,卖盘
154,14:49:21,8.67,--,14,12138,买盘
155,14:49:15,8.67,0.01,11,9537,买盘
156,14:49:12,8.66,--,274,237284,卖盘
157,14:49:09,8.66,--,77,66682,卖盘
158,14:49:06,8.66,-0.01,145,125570,卖盘
159,14:49:03,8.67,--,178,154326,买盘
160,14:49:00,8.67,--,45,39015,买盘
161,14:48:57,8.67,0.01,16,13872,买盘
162,14:48:54,8.66,-0.01,113,97858,卖盘
163,14:48:51,8.67,--,43,37281,买盘
164,14:48:48,8.67,--,36,31212,买盘
165,14:48:45,8.67,--,50,43350,买盘
166,14:48:42,8.67,0.01,23,19941,买盘
167,14:48:39,8.66,--,2,1732,卖盘
168,14:48:36,8.66,-0.01,24,20784,卖盘
169,14:48:33,8.67,--,84,72828,买盘
170,14:48:30,8.67,--,10,8670,买盘
171,14:48:27,8.67,0.01,184,159528,买盘
172,14:48:24,8.66,-0.01,26,22516,卖盘
173,14:48:21,8.67,--,140,121380,买盘
174,14:48:18,8.67,--,97,84099,买盘
175,14:48:15,8.67,--,21,18207,买盘
176,14:48:12,8.67,--,206,178602,买盘
177,14:48:09,8.67,--,10,8670,买盘
178,14:48:06,8.67,0.01,16,13872,买盘
179,14:48:03,8.66,--,12,10392,卖盘
180,14:48:00,8.66,--,34,29444,卖盘
181,14:47:57,8.66,--,5,4330,卖盘
182,14:47:54,8.66,-0.01,332,287512,卖盘
183,14:47:51,8.67,0.01,92,79764,买盘
184,14:47:48,8.66,-0.01,122,105652,卖盘
185,14:47:45,8.67,--,24,20808,买盘
186,14:47:42,8.67,0.01,3,2601,买盘
187,14:47:39,8.66,--,1,866,卖盘
188,14:47:36,8.66,-0.01,7,6062,卖盘
189,14:47:33,8.67,0.01,312,270504,买盘
190,14:47:30,8.66,--,143,123838,卖盘
191,14:47:27,8.66,--,52,45032,卖盘
192,14:47:24,8.66,--,92,79672,卖盘
193,14:47:21,8.66,-0.01,4,3464,卖盘
194,14:47:18,8.67,--,100,86700,买盘
195,14:47:15,8.67,0.01,88,76296,买盘
196,14:47:12,8.66,-0.01,34,29444,卖盘
197,14:47:09,8.67,0.01,72,62424,买盘
198,14:47:06,8.66,-0.01,425,368050,卖盘
199,14:47:03,8.67,0.01,1328,1151376,买盘
200,14:47:00,8.66,--,36,31176,卖盘
201,14:46:57,8.66,--,38,32908,卖盘
202,14:46:54,8.66,-0.01,18,15588,卖盘
203,14:46:51,8.67,0.01,72,62424,买盘
204,14:46:48,8.66,--,367,317822,卖盘
205,14:46:45,8.66,--,21,18186,卖盘
206,14:46:42,8.66,--,192,166272,买盘
207,14:46:39,8.66,0.01,40,34640,买盘
208,14:46:36,8.65,--,544,470560,卖盘
209,14:46:33,8.65,-0.01,50,43250,卖盘
210,14:46:30,8.66,--,801,693666,中性盘
211,14:46:27,8.66,--,66,57329,买盘
212,14:46:24,8.66,--,20,17320,买盘
213,14:46:21,8.66,--,467,404422,买盘
214,14:46:18,8.66,0.01,51,44166,买盘
215,14:46:15,8.65,--,168,145320,卖盘
216,14:46:12,8.65,--,70,60550,卖盘
217,14:46:09,8.65,--,367,317455,卖盘
218,14:46:06,8.65,-0.01,68,58820,卖盘
219,14:46:03,8.66,0.01,212,183592,买盘
220,14:46:00,8.65,-0.01,368,318320,卖盘
221,14:45:57,8.66,--,72,62352,买盘
222,14:45:54,8.66,--,353,305698,买盘
223,14:45:51,8.66,0.01,94,81404,买盘
224,14:45:48,8.65,-0.01,208,179920,卖盘
225,14:45:42,8.66,0.01,380,329080,买盘
226,14:45:39,8.65,--,31,26815,卖盘
227,14:45:36,8.65,--,35,30275,卖盘
228,14:45:33,8.65,--,1,865,卖盘
229,14:45:30,8.65,--,381,329565,卖盘
230,14:45:27,8.65,-0.01,36,31140,卖盘
231,14:45:24,8.66,--,42,36372,买盘
232,14:45:21,8.66,0.01,35,30310,买盘
233,14:45:18,8.65,--,30,26642,卖盘
234,14:45:15,8.65,--,28,24220,卖盘
235,14:45:12,8.65,--,553,478345,卖盘
236,14:45:09,8.65,--,19,16435,卖盘
237,14:45:06,8.65,-0.01,123,106395,卖盘
238,14:45:03,8.66,0.01,243,210438,买盘
239,14:45:00,8.65,--,37,32005,卖盘
240,14:44:57,8.65,--,52,44980,卖盘
241,14:44:54,8.65,-0.01,487,421255,卖盘
242,14:44:51,8.66,--,82,71012,买盘
243,14:44:48,8.66,0.01,67,58022,买盘
244,14:44:45,8.65,-0.01,19,16435,卖盘
245,14:44:42,8.66,--,115,99590,买盘
246,14:44:39,8.66,--,557,482362,买盘
247,14:44:36,8.66,--,47,40702,买盘
248,14:44:33,8.66,--,498,431268,买盘
249,14:44:30,8.66,0.01,10,8660,买盘
250,14:44:27,8.65,-0.01,19,16435,卖盘
251,14:44:24,8.66,0.01,421,364586,买盘
252,14:44:21,8.65,-0.01,5,4325,卖盘
253,14:44:18,8.66,--,105,90930,买盘
254,14:44:15,8.66,0.01,116,100456,买盘
255,14:44:12,8.65,-0.01,2,1730,卖盘
256,14:44:09,8.66,-0.01,2145,1858262,卖盘
257,14:44:06,8.67,--,813,704871,买盘
258,14:44:03,8.67,0.01,28,24276,买盘
259,14:44:00,8.66,--,104,90064,卖盘
260,14:43:57,8.66,--,24,20784,卖盘
261,14:43:54,8.66,--,296,256336,卖盘
262,14:43:51,8.66,--,124,107384,卖盘
263,14:43:48,8.66,--,81,70146,卖盘
264,14:43:45,8.66,--,2003,1734598,卖盘
265,14:43:42,8.66,-0.01,37,32042,卖盘
266,14:43:39,8.67,0.01,24,20808,买盘
267,14:43:36,8.66,--,5,4330,卖盘
268,14:43:33,8.66,--,23,19918,卖盘
269,14:43:30,8.66,-0.01,84,72744,卖盘
270,14:43:27,8.67,0.01,13,11271,买盘
271,14:43:24,8.66,--,367,317822,卖盘
272,14:43:21,8.66,--,191,165579,卖盘
273,14:43:18,8.66,-0.01,3,2598,卖盘
274,14:43:15,8.67,--,6,5202,买盘
275,14:43:12,8.67,0.01,43,37281,买盘
276,14:43:09,8.66,-0.01,520,450320,卖盘
277,14:43:06,8.67,--,22,19074,买盘
278,14:43:03,8.67,0.01,1,867,买盘
279,14:43:00,8.66,--,1,866,卖盘
280,14:42:57,8.66,-0.01,23,19918,卖盘
281,14:42:54,8.67,-0.01,329,285243,卖盘
282,14:42:51,8.68,0.01,87,75516,买盘
283,14:42:48,8.67,--,35,30345,卖盘
284,14:42:45,8.67,--,118,102306,卖盘
285,14:42:42,8.67,--,220,190740,卖盘
286,14:42:39,8.67,--,4,3468,卖盘
287,14:42:36,8.67,--,51,44217,卖盘
288,14:42:33,8.67,--,2,1734,卖盘
289,14:42:30,8.67,-0.01,82,71094,卖盘
290,14:42:27,8.68,0.01,23,19964,买盘
291,14:42:24,8.67,-0.01,12,10404,卖盘
292,14:42:21,8.68,--,20,17360,买盘
293,14:42:18,8.68,0.01,111,96348,买盘
294,14:42:15,8.67,--,11,9537,卖盘
295,14:42:12,8.67,--,90,78030,卖盘
296,14:42:09,8.67,-0.01,769,666723,卖盘
297,14:42:06,8.68,--,15,13020,买盘
298,14:42:03,8.68,0.01,1,868,买盘
299,14:42:00,8.67,--,21,18207,卖盘
300,14:41:57,8.67,-0.01,123,106641,卖盘
301,14:41:54,8.68,0.01,30,26040,买盘
302,14:41:51,8.67,--,66,57222,卖盘
303,14:41:48,8.67,-0.01,110,95370,卖盘
304,14:41:45,8.68,0.01,26,22568,买盘
305,14:41:42,8.67,--,6,5202,卖盘
306,14:41:39,8.67,--,50,43350,卖盘
307,14:41:36,8.67,-0.01,20,17340,卖盘
308,14:41:33,8.68,--,52,45136,买盘
309,14:41:30,8.68,0.01,25,21700,买盘
310,14:41:27,8.67,--,1,867,卖盘
311,14:41:24,8.67,--,490,424830,卖盘
312,14:41:21,8.67,--,634,549678,卖盘
313,14:41:18,8.67,-0.01,297,257499,卖盘
314,14:41:15,8.68,--,9,7812,买盘
315,14:41:12,8.68,0.01,185,160580,买盘
316,14:41:09,8.67,--,34,29478,卖盘
317,14:41:06,8.67,--,654,567018,卖盘
318,14:41:03,8.67,-0.01,53,45951,卖盘
319,14:41:00,8.68,--,53,46004,买盘
320,14:40:57,8.68,--,107,92876,买盘
321,14:40:54,8.68,--,6,5208,买盘
322,14:40:51,8.68,--,25,21700,买盘
323,14:40:48,8.68,--,76,66315,卖盘
324,14:40:45,8.68,--,628,545624,买盘
325,14:40:42,8.68,--,25,21700,买盘
326,14:40:39,8.68,--,82,71523,卖盘
327,14:40:36,8.68,--,88,76384,卖盘
328,14:40:33,8.68,--,69,59892,卖盘
329,14:40:30,8.68,--,77,66836,卖盘
330,14:40:27,8.68,-0.01,5,4340,卖盘
331,14:40:24,8.69,0.01,10,8690,买盘
332,14:40:21,8.68,0.01,282,245296,买盘
333,14:40:18,8.67,-0.01,43,37281,卖盘
334,14:40:15,8.68,--,9,7812,买盘
335,14:40:12,8.68,--,10,8680,买盘
336,14:40:09,8.68,0.01,24,20832,买盘
337,14:40:06,8.67,-0.01,248,215016,卖盘
338,14:40:03,8.68,0.01,351,304668,买盘
339,14:40:00,8.67,-0.01,18,15606,卖盘
340,14:39:57,8.68,-0.01,17,14756,卖盘
341,14:39:54,8.69,0.01,63,54747,买盘
342,14:39:51,8.68,-0.01,428,371504,卖盘
343,14:39:48,8.69,0.01,266,231154,买盘
344,14:39:45,8.68,-0.01,523,453964,卖盘
345,14:39:42,8.69,--,5,4345,买盘
346,14:39:39,8.69,0.01,8,6952,买盘
347,14:39:36,8.68,--,63,54684,卖盘
348,14:39:33,8.68,--,852,739536,卖盘
349,14:39:27,8.68,--,86,74648,卖盘
350,14:39:24,8.68,--,5,4340,卖盘
351,14:39:21,8.68,-0.01,1,868,卖盘
352,14:39:15,8.69,0.01,6,5214,买盘
353,14:39:12,8.68,--,130,112840,卖盘
354,14:39:09,8.68,-0.01,7,6076,卖盘
355,14:39:06,8.69,--,15,13035,买盘
356,14:39:03,8.69,0.01,17,14773,买盘
357,14:39:00,8.68,--,45,39060,卖盘
358,14:38:57,8.68,--,130,112840,卖盘
359,14:38:54,8.68,-0.01,49,42532,卖盘
360,14:38:51,8.69,0.01,547,475343,买盘
361,14:38:48,8.68,--,23,19964,卖盘
362,14:38:45,8.68,-0.01,94,81592,卖盘
363,14:38:42,8.69,0.01,29,25201,买盘
364,14:38:39,8.68,-0.01,34,29512,卖盘
365,14:38:36,8.69,0.01,31,26939,买盘
366,14:38:33,8.68,--,101,87668,卖盘
367,14:38:30,8.68,--,1,868,卖盘
368,14:38:27,8.68,-0.01,559,485212,卖盘
369,14:38:24,8.69,--,56,48664,买盘
370,14:38:21,8.69,0.01,4,3476,买盘
371,14:38:18,8.68,--,329,285572,卖盘
372,14:38:12,8.68,--,161,139748,卖盘
373,14:38:09,8.68,-0.01,6,5208,卖盘
374,14:38:06,8.69,0.01,197,171193,买盘
375,14:38:03,8.68,-0.01,28,24304,卖盘
376,14:38:00,8.69,0.01,140,121660,买盘
377,14:37:57,8.68,--,7,6076,卖盘
378,14:37:54,8.68,-0.01,22,19096,卖盘
379,14:37:51,8.69,0.01,42,36498,买盘
380,14:37:48,8.68,--,5,4340,卖盘
381,14:37:45,8.68,-0.01,25,21700,卖盘
382,14:37:42,8.69,--,59,51271,买盘
383,14:37:39,8.69,--,319,277211,买盘
384,14:37:36,8.69,--,32,27808,买盘
385,14:37:33,8.69,--,1974,1715927,卖盘
386,14:37:30,8.69,-0.01,149,129480,卖盘
387,14:37:24,8.7,--,3,2610,买盘
388,14:37:18,8.7,0.01,18,15659,买盘
389,14:37:15,8.69,--,4,3476,卖盘
390,14:37:12,8.69,--,5,4345,卖盘
391,14:37:09,8.69,-0.01,5,4345,卖盘
392,14:37:06,8.7,0.01,314,273180,买盘
393,14:37:03,8.69,-0.01,24,20856,卖盘
394,14:37:00,8.7,0.01,21,18270,买盘
395,14:36:57,8.69,--,2,1738,卖盘
396,14:36:54,8.69,--,2,1738,卖盘
397,14:36:51,8.69,--,42,36498,卖盘
398,14:36:48,8.69,--,12,10428,卖盘
399,14:36:45,8.69,-0.01,30,26070,卖盘
400,14:36:42,8.7,0.01,144,125279,买盘
401,14:36:39,8.69,--,132,114708,卖盘
402,14:36:36,8.69,--,39,33891,卖盘
403,14:36:33,8.69,-0.01,6,5561,卖盘
404,14:36:30,8.7,--,31,26969,买盘
405,14:36:27,8.7,0.01,125,108749,买盘
406,14:36:24,8.69,-0.01,4,3476,卖盘
407,14:36:21,8.7,0.01,94,81780,买盘
408,14:36:18,8.69,-0.01,174,151553,卖盘
409,14:36:15,8.7,--,8,6959,卖盘
410,14:36:12,8.7,-0.01,3,2610,卖盘
411,14:36:09,8.71,0.01,40,34840,买盘
412,14:36:06,8.7,-0.01,15,13049,卖盘
413,14:36:03,8.71,0.01,2,1742,买盘
414,14:36:00,8.7,--,200,174000,卖盘
415,14:35:57,8.7,--,95,82650,卖盘
416,14:35:54,8.7,--,3,2610,卖盘
417,14:35:51,8.7,--,40,34800,卖盘
418,14:35:48,8.7,--,246,214019,卖盘
419,14:35:45,8.7,--,369,321030,卖盘
420,14:35:42,8.7,--,183,159210,卖盘
421,14:35:39,8.7,--,2,1739,卖盘
422,14:35:36,8.7,--,41,35670,卖盘
423,14:35:33,8.7,-0.01,17,14789,卖盘
424,14:35:30,8.71,--,30,26130,买盘
425,14:35:27,8.71,--,9,7839,买盘
426,14:35:24,8.71,0.01,2,1742,买盘
427,14:35:21,8.7,-0.01,2,1739,卖盘
428,14:35:18,8.71,0.01,119,103649,买盘
429,14:35:15,8.7,-0.01,185,160950,卖盘
430,14:35:12,8.71,0.01,91,79261,买盘
431,14:35:09,8.7,-0.01,139,120929,卖盘
432,14:35:06,8.71,--,69,60099,买盘
433,14:35:03,8.71,--,8,6968,买盘
434,14:35:00,8.71,0.01,82,71422,买盘
435,14:34:57,8.7,--,100,87000,卖盘
436,14:34:54,8.7,-0.01,25,22272,卖盘
437,14:34:51,8.71,0.01,278,242138,买盘
438,14:34:45,8.7,-0.01,37,32189,卖盘
439,14:34:42,8.71,--,182,158522,买盘
440,14:34:36,8.71,--,29,25259,买盘
441,14:34:33,8.71,--,13,11323,买盘
442,14:34:30,8.71,0.01,28,24388,买盘
443,14:34:27,8.7,-0.01,70,60899,卖盘
444,14:34:24,8.71,0.01,199,173329,买盘
445,14:34:21,8.7,-0.01,65,56549,卖盘
446,14:34:15,8.71,0.01,42,36582,买盘
447,14:34:12,8.7,--,9,7829,卖盘
448,14:34:09,8.7,--,14,12179,卖盘
449,14:34:06,8.7,--,11,9570,卖盘
450,14:34:03,8.7,--,118,102659,卖盘
451,14:34:00,8.7,--,43,37410,卖盘
452,14:33:57,8.7,--,100,87000,卖盘
453,14:33:54,8.7,--,53,46109,卖盘
454,14:33:51,8.7,--,71,61769,卖盘
455,14:33:48,8.7,-0.01,1,869,卖盘
456,14:33:45,8.71,0.01,28,24388,买盘
457,14:33:42,8.7,--,505,439349,卖盘
458,14:33:36,8.7,-0.01,164,142680,卖盘
459,14:33:33,8.71,--,3,2613,买盘
460,14:33:27,8.71,0.01,10,8710,买盘
461,14:33:24,8.7,-0.01,39,33930,卖盘
462,14:33:21,8.71,--,5,4355,买盘
463,14:33:18,8.71,--,56,48776,买盘
464,14:33:15,8.71,--,149,129779,买盘
465,14:33:09,8.71,0.01,71,61841,买盘
466,14:33:06,8.7,-0.01,21,18270,卖盘
467,14:33:03,8.71,--,115,100165,买盘
468,14:33:00,8.71,0.01,69,60099,买盘
469,14:32:57,8.7,--,14,12179,卖盘
470,14:32:54,8.7,--,241,209669,卖盘
471,14:32:51,8.7,-0.01,315,274050,卖盘
472,14:32:48,8.71,0.01,97,84487,买盘
473,14:32:45,8.7,--,58,50459,卖盘
474,14:32:42,8.7,--,23,20010,卖盘
475,14:32:39,8.7,0.01,700,609000,买盘
476,14:32:36,8.69,-0.01,150,130349,卖盘
477,14:32:33,8.7,0.01,60,52199,买盘
478,14:32:30,8.69,-0.01,2,1738,卖盘
479,14:32:27,8.7,--,23,20010,买盘
480,14:32:24,8.7,0.01,452,393239,买盘
481,14:32:21,8.69,--,116,100804,卖盘
482,14:32:18,8.69,-0.01,20,17380,卖盘
483,14:32:15,8.7,--,364,316680,买盘
484,14:32:12,8.7,--,33,28709,买盘
485,14:32:09,8.7,0.01,21,18270,买盘
486,14:32:06,8.69,-0.01,11,9559,卖盘
487,14:32:03,8.7,--,76,66120,买盘
488,14:32:00,8.7,0.01,29,26012,买盘
489,14:31:57,8.69,-0.01,7,6083,卖盘
490,14:31:54,8.7,0.01,87,75690,买盘
491,14:31:51,8.69,--,128,111318,买盘
492,14:31:48,8.69,--,115,99935,买盘
493,14:31:45,8.69,0.01,22,19118,买盘
494,14:31:42,8.68,--,105,91140,卖盘
495,14:31:39,8.68,--,20,17360,卖盘
496,14:31:36,8.68,--,22,19096,卖盘
497,14:31:33,8.68,--,2,1736,卖盘
498,14:31:30,8.68,--,365,316820,买盘
499,14:31:27,8.68,--,169,146692,买盘
500,14:31:24,8.68,--,57,49476,买盘
501,14:31:21,8.68,--,39,33852,买盘
502,14:31:18,8.68,--,26,22568,买盘
503,14:31:15,8.68,0.01,402,348936,买盘
504,14:31:12,8.67,-0.01,215,186405,卖盘
505,14:31:09,8.68,--,149,129332,卖盘
506,14:31:06,8.68,-0.01,37,32116,卖盘
507,14:31:03,8.69,--,10,8690,买盘
508,14:31:00,8.69,--,43,37367,买盘
509,14:30:57,8.69,0.01,28,24332,买盘
510,14:30:54,8.68,--,211,183148,卖盘
511,14:30:51,8.68,0.01,691,599788,买盘
512,14:30:48,8.67,-0.01,89,77163,卖盘
513,14:30:45,8.68,0.01,16,13888,买盘
514,14:30:42,8.67,-0.01,632,547944,卖盘
515,14:30:39,8.68,--,390,338520,买盘
516,14:30:36,8.68,--,29,25172,买盘
517,14:30:33,8.68,--,9,7812,买盘
518,14:30:27,8.68,0.01,11,9548,买盘
519,14:30:24,8.67,--,140,122160,买盘
520,14:30:21,8.67,--,11,9537,买盘
521,14:30:18,8.67,0.01,167,144789,买盘
522,14:30:15,8.66,-0.01,240,207840,卖盘
523,14:30:12,8.67,-0.01,366,317322,卖盘
524,14:30:09,8.68,0.01,10,8680,买盘
525,14:30:06,8.67,-0.01,6,5202,卖盘
526,14:30:03,8.68,0.01,45,39060,买盘
527,14:30:00,8.67,--,138,119646,买盘
528,14:29:57,8.67,0.02,55,47685,买盘
529,14:29:51,8.65,--,390,337350,卖盘
530,14:29:48,8.65,--,105,90825,卖盘
531,14:29:45,8.65,--,258,223170,卖盘
532,14:29:42,8.65,-0.01,4,3460,卖盘
533,14:29:39,8.66,0.01,15,12990,买盘
534,14:29:36,8.65,-0.01,441,381465,卖盘
535,14:29:33,8.66,--,4,3464,买盘
536,14:29:30,8.66,--,13,11258,买盘
537,14:29:27,8.66,--,7,6062,买盘
538,14:29:24,8.66,0.01,147,127302,买盘
539,14:29:21,8.65,-0.01,621,537165,卖盘
540,14:29:18,8.66,-0.01,1497,1296402,卖盘
541,14:29:15,8.67,0.01,7,6069,买盘
542,14:29:12,8.66,-0.01,228,197448,卖盘
543,14:29:09,8.67,--,127,110109,买盘
544,14:29:06,8.67,--,56,48552,买盘
545,14:29:03,8.67,--,206,178602,买盘
546,14:29:00,8.67,--,40,34680,买盘
547,14:28:57,8.67,--,41,35547,买盘
548,14:28:54,8.67,0.01,5,4335,买盘
549,14:28:51,8.66,-0.01,79,68414,卖盘
550,14:28:48,8.67,--,21,18207,买盘
551,14:28:45,8.67,--,24,20808,买盘
552,14:28:42,8.67,--,12,10404,买盘
553,14:28:39,8.67,--,154,133518,卖盘
554,14:28:36,8.67,--,233,202011,卖盘
555,14:28:33,8.67,--,35,30345,卖盘
556,14:28:30,8.67,--,25,21675,卖盘
557,14:28:27,8.67,--,36,31212,卖盘
558,14:28:24,8.67,--,206,178602,卖盘
559,14:28:18,8.67,-0.01,3,2601,卖盘
560,14:28:15,8.68,--,14,12152,买盘
561,14:28:12,8.68,0.01,52,45136,买盘
562,14:28:09,8.67,--,23,19941,卖盘
563,14:28:06,8.67,-0.01,4,3468,卖盘
564,14:28:03,8.68,--,61,52948,买盘
565,14:28:00,8.68,0.01,80,69440,买盘
566,14:27:57,8.67,-0.01,16,13872,卖盘
567,14:27:54,8.68,0.01,31,26908,买盘
568,14:27:51,8.67,--,52,45084,卖盘
569,14:27:48,8.67,-0.01,204,176868,卖盘
570,14:27:45,8.68,--,3,2604,买盘
571,14:27:42,8.68,--,8,6944,买盘
572,14:27:39,8.68,--,5,4340,买盘
573,14:27:36,8.68,--,25,21700,买盘
574,14:27:33,8.68,0.01,1,868,买盘
575,14:27:30,8.67,-0.01,2,1734,卖盘
576,14:27:27,8.68,0.01,1,868,买盘
577,14:27:24,8.67,--,1,867,卖盘
578,14:27:21,8.67,-0.01,21,18207,卖盘
579,14:27:18,8.68,0.01,1,868,买盘
580,14:27:15,8.67,0.01,16,13872,买盘
581,14:27:12,8.66,-0.02,2,1732,卖盘
582,14:27:09,8.68,0.01,25,21700,买盘
583,14:27:06,8.67,--,51,44217,买盘
584,14:27:03,8.67,--,17,14739,买盘
585,14:27:00,8.67,--,163,141321,卖盘
586,14:26:57,8.67,-0.01,57,49419,卖盘
587,14:26:54,8.68,--,10,8680,买盘
588,14:26:51,8.68,0.01,53,46004,买盘
589,14:26:48,8.67,-0.01,38,32946,卖盘
590,14:26:45,8.68,--,9,7812,买盘
591,14:26:42,8.68,--,6,5208,买盘
592,14:26:39,8.68,0.01,9,7812,买盘
593,14:26:36,8.67,-0.01,22,19074,卖盘
594,14:26:33,8.68,--,230,199640,买盘
595,14:26:30,8.68,--,5,4340,买盘
596,14:26:24,8.68,0.01,128,111104,买盘
597,14:26:21,8.67,--,271,234957,买盘
598,14:26:18,8.67,0.01,146,126582,买盘
599,14:26:15,8.66,-0.01,34,29444,卖盘
600,14:26:12,8.67,--,314,272238,买盘
601,14:26:09,8.67,--,11,9537,买盘
602,14:26:06,8.67,--,39,33813,买盘
603,14:26:03,8.67,--,89,77163,买盘
604,14:26:00,8.67,--,32,27744,买盘
605,14:25:54,8.67,--,153,132651,卖盘
606,14:25:51,8.67,--,76,65892,卖盘
607,14:25:48,8.67,-0.01,3,2601,卖盘
608,14:25:45,8.68,0.01,58,50344,买盘
609,14:25:42,8.67,--,1,867,卖盘
610,14:25:39,8.67,0.01,53,45951,买盘
611,14:25:36,8.66,-0.01,41,35506,卖盘
612,14:25:33,8.67,--,78,67626,买盘
613,14:25:24,8.67,0.01,381,330327,买盘
614,14:25:21,8.66,-0.01,36,31176,卖盘
615,14:25:18,8.67,0.01,97,84099,买盘
616,14:25:15,8.66,-0.01,24,20784,卖盘
617,14:25:12,8.67,0.01,18,15606,买盘
618,14:25:09,8.66,--,357,309162,卖盘
619,14:25:06,8.66,-0.01,4,3464,卖盘
620,14:25:03,8.67,--,2,1734,买盘
621,14:25:00,8.67,--,7,6069,买盘
622,14:24:57,8.67,0.01,351,304317,买盘
623,14:24:54,8.66,-0.01,81,70146,中性盘
624,14:24:51,8.67,0.01,53,45951,买盘
625,14:24:48,8.66,-0.01,77,66682,卖盘
626,14:24:45,8.67,0.01,34,29478,买盘
627,14:24:42,8.66,-0.01,84,72744,卖盘
628,14:24:39,8.67,0.01,101,87567,买盘
629,14:24:36,8.66,-0.01,42,36372,卖盘
630,14:24:33,8.67,0.01,20,17340,买盘
631,14:24:30,8.66,-0.01,37,32042,卖盘
632,14:24:27,8.67,--,74,64158,买盘
633,14:24:24,8.67,--,104,90168,买盘
634,14:24:21,8.67,0.01,33,28611,买盘
635,14:24:18,8.66,-0.01,148,128168,卖盘
636,14:24:15,8.67,0.01,67,58089,买盘
637,14:24:12,8.66,--,53,45898,卖盘
638,14:24:09,8.66,-0.01,13,11258,卖盘
639,14:24:06,8.67,--,8,6936,买盘
640,14:24:03,8.67,0.01,43,37281,买盘
641,14:24:00,8.66,-0.01,316,273656,买盘
642,14:23:57,8.67,0.01,407,352869,买盘
643,14:23:54,8.66,-0.01,82,71012,卖盘
644,14:23:51,8.67,0.01,79,68493,买盘
645,14:23:48,8.66,--,13,11258,卖盘
646,14:23:45,8.66,-0.01,398,344668,卖盘
647,14:23:42,8.67,0.01,10,8670,买盘
648,14:23:36,8.66,-0.01,23,19918,卖盘
649,14:23:33,8.67,0.03,310,268770,买盘
650,14:23:30,8.64,--,14,12096,卖盘
651,14:23:27,8.64,-0.01,250,216000,卖盘
652,14:23:24,8.65,--,19,16435,买盘
653,14:23:21,8.65,--,27,23355,买盘
654,14:23:18,8.65,--,989,855485,卖盘
655,14:23:15,8.65,--,113,97745,卖盘
656,14:23:12,8.65,--,326,281990,卖盘
657,14:23:09,8.65,-0.01,15,12975,卖盘
658,14:23:06,8.66,--,49,42434,买盘
659,14:23:03,8.66,--,43,37238,买盘
660,14:23:00,8.66,0.01,6,5196,买盘
661,14:22:57,8.65,-0.01,10,8650,卖盘
662,14:22:54,8.66,0.01,48,41568,买盘
663,14:22:51,8.65,-0.01,80,69200,卖盘
664,14:22:48,8.66,--,1,866,买盘
665,14:22:45,8.66,--,61,52826,买盘
666,14:22:42,8.66,--,23,19918,买盘
667,14:22:39,8.66,--,350,303100,买盘
668,14:22:36,8.66,--,90,77940,卖盘
669,14:22:33,8.66,--,250,216500,卖盘
670,14:22:30,8.66,--,433,374978,卖盘
671,14:22:27,8.66,--,450,389700,卖盘
672,14:22:24,8.66,-0.01,50,43300,卖盘
673,14:22:21,8.67,--,12,10404,买盘
674,14:22:18,8.67,--,65,56355,买盘
675,14:22:15,8.67,0.01,388,336396,买盘
676,14:22:12,8.66,--,28,24248,卖盘
677,14:22:09,8.66,-0.01,65,56290,卖盘
678,14:22:06,8.67,--,11,9537,买盘
679,14:22:03,8.67,--,2,1734,买盘
680,14:22:00,8.67,--,9,7803,买盘
681,14:21:57,8.67,--,24,20808,卖盘
682,14:21:54,8.67,--,145,125715,卖盘
683,14:21:51,8.67,-0.01,139,120513,卖盘
684,14:21:48,8.68,0.01,634,550312,买盘
685,14:21:45,8.67,--,553,479451,卖盘
686,14:21:42,8.67,-0.01,121,104907,卖盘
687,14:21:39,8.68,0.01,136,118048,买盘
688,14:21:36,8.67,-0.01,41,35547,卖盘
689,14:21:33,8.68,0.01,107,92876,买盘
690,14:21:30,8.67,-0.01,29,25143,卖盘
691,14:21:27,8.68,--,18,15624,买盘
692,14:21:24,8.68,0.01,30,26040,买盘
693,14:21:21,8.67,-0.01,144,124848,卖盘
694,14:21:18,8.68,--,1,868,买盘
695,14:21:15,8.68,0.01,56,48608,买盘
696,14:21:12,8.67,--,60,52020,卖盘
697,14:21:09,8.67,-0.01,42,36414,卖盘
698,14:21:06,8.68,-0.01,169,146692,卖盘
699,14:21:03,8.69,0.01,81,70389,买盘
700,14:21:00,8.68,--,46,39928,卖盘
701,14:20:57,8.68,--,17,14756,卖盘
702,14:20:54,8.68,--,269,233492,卖盘
703,14:20:51,8.68,--,38,32984,卖盘
704,14:20:48,8.68,-0.01,8,6944,卖盘
705,14:20:45,8.69,--,21,18249,买盘
706,14:20:42,8.69,0.01,12,10428,买盘
707,14:20:39,8.68,-0.01,467,405356,卖盘
708,14:20:36,8.69,--,134,116446,买盘
709,14:20:33,8.69,--,28,24332,买盘
710,14:20:30,8.69,--,406,352814,卖盘
711,14:20:27,8.69,--,132,114708,卖盘
712,14:20:24,8.69,--,219,190311,卖盘
713,14:20:21,8.69,-0.01,626,543994,卖盘
714,14:20:18,8.7,0.01,52,45239,买盘
715,14:20:15,8.69,--,125,108625,卖盘
716,14:20:12,8.69,--,25,21725,卖盘
717,14:20:09,8.69,-0.01,209,181621,卖盘
718,14:20:06,8.7,--,16,13919,买盘
719,14:20:03,8.7,--,156,135720,买盘
720,14:20:00,8.7,--,180,156600,买盘
721,14:19:57,8.7,0.01,11,9570,买盘
722,14:19:54,8.69,-0.01,46,39974,卖盘
723,14:19:51,8.7,0.01,52,45239,买盘
724,14:19:48,8.69,-0.01,24,20856,卖盘
725,14:19:45,8.7,0.01,10,8700,买盘
726,14:19:42,8.69,-0.01,655,569195,卖盘
727,14:19:39,8.7,0.01,18,15659,买盘
728,14:19:36,8.69,-0.01,30,26070,卖盘
729,14:19:33,8.7,--,382,332514,卖盘
730,14:19:30,8.7,--,190,165300,卖盘
731,14:19:27,8.7,--,205,178349,卖盘
732,14:19:24,8.7,-0.01,9,7829,卖盘
733,14:19:18,8.71,0.01,92,80132,买盘
734,14:19:15,8.7,--,10,8700,卖盘
735,14:19:12,8.7,--,112,97439,卖盘
736,14:19:09,8.7,-0.01,132,114839,卖盘
737,14:19:06,8.71,0.01,139,121069,买盘
738,14:19:03,8.7,-0.01,195,169650,卖盘
739,14:19:00,8.71,0.01,105,91455,买盘
740,14:18:57,8.7,--,26,22619,卖盘
741,14:18:54,8.7,--,3,2610,卖盘
742,14:18:51,8.7,-0.01,80,69600,卖盘
743,14:18:48,8.71,0.01,179,155909,买盘
744,14:18:45,8.7,--,40,34800,卖盘
745,14:18:42,8.7,-0.01,79,68730,卖盘
746,14:18:39,8.71,0.01,358,311818,买盘
747,14:18:36,8.7,--,14,12179,卖盘
748,14:18:30,8.7,-0.01,188,163560,卖盘
749,14:18:24,8.71,0.01,7,6097,买盘
750,14:18:21,8.7,--,48,41760,卖盘
751,14:18:18,8.7,-0.01,24,20880,卖盘
752,14:18:12,8.71,--,10,8710,买盘
753,14:18:09,8.71,--,56,48776,买盘
754,14:18:06,8.71,0.01,89,77519,买盘
755,14:18:03,8.7,--,12,10440,卖盘
756,14:18:00,8.7,-0.01,5,4350,卖盘
757,14:17:57,8.71,0.01,30,26130,买盘
758,14:17:54,8.7,--,50,43500,卖盘
759,14:17:51,8.7,-0.01,38,33060,卖盘
760,14:17:48,8.71,--,3,2613,买盘
761,14:17:45,8.71,--,173,150683,买盘
762,14:17:42,8.71,0.01,15,13065,买盘
763,14:17:39,8.7,--,23,20010,卖盘
764,14:17:36,8.7,-0.01,5,4350,卖盘
765,14:17:33,8.71,--,22,19162,买盘
766,14:17:30,8.71,0.01,49,42679,买盘
767,14:17:27,8.7,-0.01,202,175740,卖盘
768,14:17:24,8.71,--,159,138489,卖盘
769,14:17:18,8.71,--,225,195975,买盘
770,14:17:12,8.71,0.01,121,105391,买盘
771,14:17:09,8.7,-0.01,5,4350,卖盘
772,14:17:06,8.71,--,270,235170,买盘
773,14:17:03,8.71,--,100,87100,买盘
774,14:17:00,8.71,0.01,9,7839,买盘
775,14:16:54,8.7,-0.01,6,5220,卖盘
776,14:16:51,8.71,--,50,43550,买盘
777,14:16:48,8.71,--,1,871,买盘
778,14:16:45,8.71,--,32,27872,买盘
779,14:16:42,8.71,-0.01,21,18291,卖盘
780,14:16:39,8.72,0.01,47,40984,买盘
781,14:16:36,8.71,-0.01,3,2613,卖盘
782,14:16:33,8.72,0.01,1,872,买盘
783,14:16:30,8.71,--,13,11323,卖盘
784,14:16:27,8.71,--,5,4355,买盘
785,14:16:24,8.71,0.01,190,165490,买盘
786,14:16:21,8.7,-0.01,2,1739,卖盘
787,14:16:18,8.71,-0.01,683,594893,卖盘
788,14:16:12,8.72,0.01,71,61912,买盘
789,14:16:09,8.71,-0.01,5,4355,卖盘
790,14:16:06,8.72,--,71,61912,买盘
791,14:16:03,8.72,--,66,57552,买盘
792,14:16:00,8.72,--,12,10464,买盘
793,14:15:54,8.72,0.01,62,54064,买盘
794,14:15:51,8.71,--,88,76648,卖盘
795,14:15:48,8.71,-0.01,2,1742,卖盘
796,14:15:45,8.72,--,20,17440,买盘
797,14:15:42,8.72,--,29,25288,买盘
798,14:15:39,8.72,0.01,20,17440,买盘
799,14:15:36,8.71,-0.01,49,42679,卖盘
800,14:15:33,8.72,--,74,64528,买盘
801,14:15:30,8.72,0.01,5,4360,买盘
802,14:15:27,8.71,--,30,26130,卖盘
803,14:15:24,8.71,--,100,87100,卖盘
804,14:15:21,8.71,-0.01,100,87100,卖盘
805,14:15:18,8.72,0.01,72,62784,买盘
806,14:15:15,8.71,-0.01,1,871,卖盘
807,14:15:09,8.72,--,5,4360,买盘
808,14:15:06,8.72,0.01,8,6976,买盘
809,14:15:03,8.71,--,11,9581,卖盘
810,14:14:57,8.71,--,12,10452,卖盘
811,14:14:54,8.71,--,10,8710,卖盘
812,14:14:51,8.71,-0.01,90,78390,卖盘
813,14:14:48,8.72,0.01,16,13952,买盘
814,14:14:45,8.71,--,10,8710,卖盘
815,14:14:42,8.71,--,2,1742,卖盘
816,14:14:39,8.71,--,31,27001,卖盘
817,14:14:36,8.71,-0.01,80,69680,卖盘
818,14:14:33,8.72,--,14,12208,买盘
819,14:14:30,8.72,0.01,4,3488,买盘
820,14:14:27,8.71,--,55,47905,卖盘
821,14:14:24,8.71,-0.01,45,39195,卖盘
822,14:14:21,8.72,--,3,2616,买盘
823,14:14:18,8.72,0.01,1,872,买盘
824,14:14:15,8.71,--,137,119327,卖盘
825,14:14:12,8.71,--,116,101036,买盘
826,14:14:09,8.71,--,33,28743,中性盘
827,14:14:06,8.71,--,218,189878,卖盘
828,14:14:03,8.71,--,11,9581,卖盘
829,14:14:00,8.71,-0.01,53,46163,卖盘
830,14:13:57,8.72,0.01,14,12208,买盘
831,14:13:54,8.71,--,229,199459,卖盘
832,14:13:51,8.71,--,159,138489,买盘
833,14:13:48,8.71,--,21,18291,买盘
834,14:13:45,8.71,--,216,188136,买盘
835,14:13:42,8.71,--,25,21775,买盘
836,14:13:39,8.71,--,2,1742,买盘
837,14:13:36,8.71,--,242,210782,买盘
838,14:13:30,8.71,--,5,4355,买盘
839,14:13:27,8.71,--,36,31356,买盘
840,14:13:24,8.71,--,4,3484,买盘
841,14:13:21,8.71,--,100,87100,买盘
842,14:13:18,8.71,--,103,89713,买盘
843,14:13:15,8.71,0.01,176,153296,买盘
844,14:13:12,8.7,-0.01,9,7829,卖盘
845,14:13:09,8.71,0.01,18,15678,买盘
846,14:13:06,8.7,--,38,33060,卖盘
847,14:13:00,8.7,--,61,53069,卖盘
848,14:12:57,8.7,--,60,52199,卖盘
849,14:12:51,8.7,-0.01,69,60029,卖盘
850,14:12:48,8.71,--,10,8710,买盘
851,14:12:45,8.71,--,259,225589,买盘
852,14:12:42,8.71,--,1,871,买盘
853,14:12:39,8.71,0.01,157,136747,买盘
854,14:12:36,8.7,-0.01,41,35670,卖盘
855,14:12:33,8.71,--,97,84487,买盘
856,14:12:30,8.71,0.01,8,6968,买盘
857,14:12:27,8.7,-0.01,301,261869,卖盘
858,14:12:24,8.71,0.01,2,1742,买盘
859,14:12:18,8.7,-0.01,104,90479,卖盘
860,14:12:15,8.71,0.01,18,15678,买盘
861,14:12:12,8.7,-0.01,1,869,卖盘
862,14:12:09,8.71,--,211,183781,买盘
863,14:12:06,8.71,--,14,12194,买盘
864,14:12:03,8.71,--,28,24388,买盘
865,14:12:00,8.71,--,1,871,买盘
866,14:11:57,8.71,0.01,312,271752,买盘
867,14:11:54,8.7,--,2,1739,卖盘
868,14:11:51,8.7,-0.01,78,67860,卖盘
869,14:11:48,8.71,--,2,1742,买盘
870,14:11:45,8.71,0.01,21,18291,买盘
871,14:11:42,8.7,--,37,32189,卖盘
872,14:11:39,8.7,--,4,3479,卖盘
873,14:11:36,8.7,-0.01,84,73080,卖盘
874,14:11:33,8.71,--,3,2613,买盘
875,14:11:30,8.71,--,10,8710,买盘
876,14:11:27,8.71,0.01,29,25259,买盘
877,14:11:24,8.7,--,33,28709,卖盘
878,14:11:21,8.7,-0.01,8,6959,卖盘
879,14:11:18,8.71,-0.01,66,57486,卖盘
880,14:11:15,8.72,--,57,49704,买盘
881,14:11:09,8.72,0.01,104,90688,买盘
882,14:11:06,8.71,--,25,21775,卖盘
883,14:11:03,8.71,-0.01,216,188136,卖盘
884,14:11:00,8.72,0.01,38,33136,买盘
885,14:10:57,8.71,--,40,34840,卖盘
886,14:10:54,8.71,-0.01,17,14807,卖盘
887,14:10:51,8.72,0.01,136,118592,买盘
888,14:10:48,8.71,-0.01,70,60970,卖盘
889,14:10:45,8.72,0.01,27,23544,买盘
890,14:10:42,8.71,--,28,24388,卖盘
891,14:10:36,8.71,-0.01,45,39195,卖盘
892,14:10:33,8.72,0.01,8,6976,买盘
893,14:10:30,8.71,--,6,5226,卖盘
894,14:10:27,8.71,-0.01,18,15678,卖盘
895,14:10:24,8.72,0.02,43,37496,买盘
896,14:10:21,8.7,-0.01,75,65249,卖盘
897,14:10:18,8.71,--,375,326625,卖盘
898,14:10:15,8.71,-0.01,45,39195,卖盘
899,14:10:12,8.72,--,14,12208,买盘
900,14:10:09,8.72,0.01,23,20056,买盘
901,14:10:06,8.71,-0.01,67,58357,卖盘
902,14:10:03,8.72,0.01,21,18312,买盘
903,14:10:00,8.71,0.01,2,1742,买盘
904,14:09:57,8.7,-0.01,20,17400,卖盘
905,14:09:54,8.71,--,91,79261,买盘
906,14:09:51,8.71,0.01,133,115843,买盘
907,14:09:48,8.7,-0.01,88,76560,卖盘
908,14:09:45,8.71,--,1,871,买盘
909,14:09:42,8.71,--,223,194233,买盘
910,14:09:39,8.71,0.01,295,256945,买盘
911,14:09:36,8.7,-0.01,72,62639,卖盘
912,14:09:33,8.71,0.01,16,13936,买盘
913,14:09:30,8.7,--,8,6959,卖盘
914,14:09:27,8.7,-0.01,12,10440,卖盘
915,14:09:24,8.71,--,111,96681,买盘
916,14:09:21,8.71,--,8,6968,买盘
917,14:09:18,8.71,0.01,5,4355,买盘
918,14:09:12,8.7,-0.01,11,9570,卖盘
919,14:09:09,8.71,--,15,13065,买盘
920,14:09:06,8.71,--,131,114101,买盘
921,14:09:03,8.71,--,508,442468,买盘
922,14:09:00,8.71,--,26,22646,买盘
923,14:08:54,8.71,--,49,42679,买盘
924,14:08:51,8.71,0.01,9,7839,买盘
925,14:08:48,8.7,-0.01,39,33930,卖盘
926,14:08:45,8.71,0.01,17,14807,买盘
927,14:08:42,8.7,-0.01,135,117449,卖盘
928,14:08:39,8.71,0.01,88,76648,买盘
929,14:08:36,8.7,--,45,39150,卖盘
930,14:08:33,8.7,-0.01,4,3479,卖盘
931,14:08:30,8.71,--,167,145457,卖盘
932,14:08:27,8.71,--,58,50518,卖盘
933,14:08:24,8.71,--,11,9581,卖盘
934,14:08:21,8.71,-0.01,337,293527,卖盘
935,14:08:18,8.72,--,89,77608,买盘
936,14:08:15,8.72,0.01,54,47088,买盘
937,14:08:12,8.71,--,11,9581,卖盘
938,14:08:09,8.71,--,186,162006,卖盘
939,14:08:06,8.71,-0.01,216,188136,卖盘
940,14:08:03,8.72,0.01,143,124696,买盘
941,14:08:00,8.71,-0.01,47,40937,卖盘
942,14:07:57,8.72,0.01,174,151728,买盘
943,14:07:54,8.71,--,22,19162,卖盘
944,14:07:51,8.71,--,5,4355,卖盘
945,14:07:48,8.71,--,120,104520,卖盘
946,14:07:45,8.71,--,66,57486,卖盘
947,14:07:42,8.71,-0.01,211,183781,卖盘
948,14:07:39,8.72,0.01,41,35752,买盘
949,14:07:36,8.71,-0.01,40,34840,卖盘
950,14:07:33,8.72,--,31,27032,买盘
951,14:07:30,8.72,--,1,872,买盘
952,14:07:27,8.72,--,45,39240,买盘
953,14:07:24,8.72,--,135,117720,买盘
954,14:07:21,8.72,0.01,68,59296,买盘
955,14:07:18,8.71,--,59,51389,卖盘
956,14:07:15,8.71,--,25,21775,卖盘
957,14:07:12,8.71,-0.01,41,35711,卖盘
958,14:07:09,8.72,--,76,66272,买盘
959,14:07:06,8.72,--,9,7848,买盘
960,14:07:03,8.72,--,37,32264,买盘
961,14:07:00,8.72,0.01,561,489192,买盘
962,14:06:57,8.71,--,88,76648,卖盘
963,14:06:54,8.71,--,59,51389,卖盘
964,14:06:51,8.71,-0.01,48,41808,卖盘
965,14:06:48,8.72,--,173,150856,买盘
966,14:06:45,8.72,--,153,133416,买盘
967,14:06:42,8.72,--,17,14824,买盘
968,14:06:39,8.72,0.01,7,6104,买盘
969,14:06:36,8.71,-0.01,56,48776,卖盘
970,14:06:33,8.72,--,86,74992,买盘
971,14:06:24,8.72,0.01,14,12208,买盘
972,14:06:21,8.71,-0.01,268,233428,卖盘
973,14:06:18,8.72,-0.01,722,629584,卖盘
974,14:06:15,8.73,0.01,280,244440,买盘
975,14:06:12,8.72,-0.01,333,290376,卖盘
976,14:06:09,8.73,--,64,55872,买盘
977,14:06:06,8.73,--,151,131823,买盘
978,14:06:03,8.73,0.01,385,336105,买盘
979,14:06:00,8.72,-0.01,268,233696,卖盘
980,14:05:57,8.73,0.01,121,105633,买盘
981,14:05:54,8.72,--,260,226720,卖盘
982,14:05:51,8.72,--,71,61912,卖盘
983,14:05:48,8.72,-0.01,102,88944,卖盘
984,14:05:45,8.73,0.01,53,46269,买盘
985,14:05:42,8.72,--,457,398504,卖盘
986,14:05:39,8.72,--,25,21800,卖盘
987,14:05:36,8.72,-0.01,373,325256,卖盘
988,14:05:33,8.73,--,350,305550,买盘
989,14:05:30,8.73,--,48,41904,买盘
990,14:05:27,8.73,--,92,80316,买盘
991,14:05:24,8.73,--,206,179838,买盘
992,14:05:21,8.73,--,252,219996,买盘
993,14:05:18,8.73,--,968,845064,卖盘
994,14:05:15,8.73,--,2065,1802745,卖盘
995,14:05:12,8.73,-0.01,235,205155,卖盘
996,14:05:09,8.74,--,137,119738,买盘
997,14:05:06,8.74,--,202,176548,买盘
998,14:05:03,8.74,0.01,356,311144,买盘
999,14:05:00,8.73,-0.01,265,231345,卖盘
1000,14:04:57,8.74,--,84,73416,买盘
1001,14:04:54,8.74,0.01,209,182666,买盘
1002,14:04:51,8.73,--,27,23571,卖盘
1003,14:04:48,8.73,--,69,60237,卖盘
1004,14:04:45,8.73,--,379,330867,卖盘
1005,14:04:42,8.73,--,37,32301,卖盘
1006,14:04:39,8.73,--,56,48888,卖盘
1007,14:04:36,8.73,--,315,274995,卖盘
1008,14:04:33,8.73,--,152,132696,买盘
1009,14:04:30,8.73,--,197,172024,卖盘
1010,14:04:27,8.73,--,43,38368,买盘
1011,14:04:24,8.73,--,116,101268,买盘
1012,14:04:21,8.73,--,88,76867,卖盘
1013,14:04:18,8.73,--,204,178092,卖盘
1014,14:04:15,8.73,--,182,158886,卖盘
1015,14:04:12,8.73,--,194,170191,买盘
1016,14:04:09,8.73,--,87,75951,买盘
1017,14:04:06,8.73,--,84,73375,卖盘
1018,14:04:03,8.73,--,217,190270,买盘
1019,14:04:00,8.73,--,23,20079,买盘
1020,14:03:57,8.73,--,1436,1253628,买盘
1021,14:03:54,8.73,0.01,183,159759,买盘
1022,14:03:51,8.72,--,1140,994080,卖盘
1023,14:03:48,8.72,-0.01,236,205792,卖盘
1024,14:03:45,8.73,--,263,229599,买盘
1025,14:03:42,8.73,--,207,180711,买盘
1026,14:03:39,8.73,0.01,1085,947205,买盘
1027,14:03:36,8.72,--,1617,1410024,卖盘
1028,14:03:33,8.72,-0.01,178,155216,卖盘
1029,14:03:30,8.73,--,305,266265,买盘
1030,14:03:27,8.73,--,65,56745,买盘
1031,14:03:24,8.73,--,25,21825,买盘
1032,14:03:21,8.73,--,140,122220,买盘
1033,14:03:18,8.73,0.01,84,73332,买盘
1034,14:03:15,8.72,-0.01,5,4360,卖盘
1035,14:03:12,8.73,0.01,45,39285,买盘
1036,14:03:09,8.72,--,1796,1566112,买盘
1037,14:03:06,8.72,--,116,101152,买盘
1038,14:03:03,8.72,--,202,176144,买盘
1039,14:03:00,8.72,0.01,32,27904,买盘
1040,14:02:57,8.71,--,131,114101,卖盘
1041,14:02:54,8.71,--,52,45292,卖盘
1042,14:02:51,8.71,0.01,1028,895388,买盘
1043,14:02:48,8.7,-0.01,235,204449,卖盘
1044,14:02:45,8.71,0.01,572,498212,买盘
1045,14:02:42,8.7,--,112,97439,卖盘
1046,14:02:39,8.7,-0.01,196,170520,卖盘
1047,14:02:36,8.71,--,44,38324,买盘
1048,14:02:33,8.71,--,50,43550,买盘
1049,14:02:30,8.71,--,21,18291,买盘
1050,14:02:27,8.71,0.01,44,38324,买盘
1051,14:02:24,8.7,--,27,23489,卖盘
1052,14:02:21,8.7,--,50,43500,卖盘
1053,14:02:18,8.7,--,246,214715,买盘
1054,14:02:15,8.7,--,177,153990,买盘
1055,14:02:12,8.7,--,480,417599,买盘
1056,14:02:09,8.7,--,159,138330,买盘
1057,14:02:06,8.7,--,338,294060,买盘
1058,14:02:03,8.7,--,36,31319,买盘
1059,14:02:00,8.7,--,532,462839,买盘
1060,14:01:57,8.7,--,55,47849,买盘
1061,14:01:54,8.7,--,221,192269,买盘
1062,14:01:51,8.7,0.01,247,214889,买盘
1063,14:01:48,8.69,--,1065,925485,卖盘
1064,14:01:45,8.69,-0.01,187,162503,卖盘
1065,14:01:42,8.7,--,61,53069,买盘
1066,14:01:39,8.7,--,381,331470,买盘
1067,14:01:36,8.7,0.01,27,23489,买盘
1068,14:01:33,8.69,--,19,17223,买盘
1069,14:01:30,8.69,--,125,108625,买盘
1070,14:01:27,8.69,--,223,193787,买盘
1071,14:01:24,8.69,--,33,28677,买盘
1072,14:01:21,8.69,--,105,91245,买盘
1073,14:01:18,8.69,0.01,755,656095,买盘
1074,14:01:15,8.68,--,29,25172,卖盘
1075,14:01:12,8.68,--,10,8680,卖盘
1076,14:01:09,8.68,-0.01,90,78120,卖盘
1077,14:01:06,8.69,0.01,1169,1015861,买盘
1078,14:01:03,8.68,-0.01,362,314216,卖盘
1079,14:01:00,8.69,0.01,161,139909,买盘
1080,14:00:57,8.68,--,369,320292,买盘
1081,14:00:54,8.68,--,105,91140,买盘
1082,14:00:51,8.68,--,2,1736,买盘
1083,14:00:48,8.68,0.01,633,549444,买盘
1084,14:00:45,8.67,-0.01,61,52887,卖盘
1085,14:00:42,8.68,--,1,868,买盘
1086,14:00:39,8.68,--,27,23436,买盘
1087,14:00:36,8.68,--,157,136276,买盘
1088,14:00:33,8.68,0.01,148,128464,买盘
1089,14:00:30,8.67,-0.01,126,109242,卖盘
1090,14:00:27,8.68,--,45,39060,买盘
1091,14:00:24,8.68,--,29,25172,买盘
1092,14:00:21,8.68,0.01,22,19096,买盘
1093,14:00:18,8.67,-0.01,93,80631,卖盘
1094,14:00:15,8.68,0.01,49,42532,买盘
1095,14:00:12,8.67,-0.01,27,23409,卖盘
1096,14:00:09,8.68,--,32,27776,买盘
1097,14:00:06,8.68,--,83,72044,买盘
1098,14:00:03,8.68,--,104,90272,买盘
1099,14:00:00,8.68,--,174,151032,买盘
1100,13:59:57,8.68,--,114,98952,买盘
1101,13:59:54,8.68,--,214,185752,买盘
1102,13:59:51,8.68,--,143,124124,买盘
1103,13:59:48,8.68,--,335,290780,买盘
1104,13:59:45,8.68,--,73,63364,买盘
1105,13:59:42,8.68,--,236,204848,买盘
1106,13:59:39,8.68,--,688,597184,卖盘
1107,13:59:36,8.68,-0.01,160,138880,卖盘
1108,13:59:33,8.69,--,17,14773,买盘
1109,13:59:30,8.69,0.01,37,32152,买盘
1110,13:59:27,8.68,--,2055,1783740,卖盘
1111,13:59:24,8.68,--,552,479136,买盘
1112,13:59:21,8.68,--,11,9548,买盘
1113,13:59:18,8.68,--,705,611940,买盘
1114,13:59:15,8.68,--,130,112840,买盘
1115,13:59:12,8.68,--,11,9548,买盘
1116,13:59:09,8.68,--,501,434868,买盘
1117,13:59:06,8.68,--,34,29512,买盘
1118,13:59:03,8.68,--,763,662284,买盘
1119,13:59:00,8.68,0.01,6,5208,买盘
1120,13:58:57,8.67,--,318,275706,卖盘
1121,13:58:51,8.67,--,1327,1150509,买盘
1122,13:58:48,8.67,--,169,146523,买盘
1123,13:58:45,8.67,0.01,6,5236,买盘
1124,13:58:42,8.66,--,20,17320,买盘
1125,13:58:39,8.66,--,111,96126,买盘
1126,13:58:36,8.66,--,33,28578,买盘
1127,13:58:33,8.66,--,197,170602,买盘
1128,13:58:30,8.66,--,18,15588,买盘
1129,13:58:27,8.66,0.01,56,48496,买盘
1130,13:58:24,8.65,-0.01,855,739575,卖盘
1131,13:58:21,8.66,--,23,19918,买盘
1132,13:58:18,8.66,0.01,4,3464,买盘
1133,13:58:15,8.65,--,13,11245,卖盘
1134,13:58:12,8.65,--,20,17300,卖盘
1135,13:58:09,8.65,-0.01,2,1730,中性盘
1136,13:58:06,8.66,--,10,8660,买盘
1137,13:58:03,8.66,--,5012,4340392,买盘
1138,13:58:00,8.66,0.01,3,2598,买盘
1139,13:57:57,8.65,0.01,267,231188,买盘
1140,13:57:54,8.64,-0.01,271,234144,卖盘
1141,13:57:51,8.65,--,360,311400,买盘
1142,13:57:48,8.65,0.01,145,125425,买盘
1143,13:57:45,8.64,--,16,13824,卖盘
1144,13:57:42,8.64,-0.01,701,605664,卖盘
1145,13:57:39,8.65,--,91,78715,买盘
1146,13:57:36,8.65,--,32,27680,买盘
1147,13:57:33,8.65,--,4,3460,买盘
1148,13:57:30,8.65,--,11,9515,买盘
1149,13:57:27,8.65,--,360,311400,买盘
1150,13:57:24,8.65,0.01,5,4325,买盘
1151,13:57:21,8.64,-0.01,69,59616,卖盘
1152,13:57:18,8.65,--,15,12975,买盘
1153,13:57:15,8.65,--,22,19030,买盘
1154,13:57:12,8.65,0.01,351,303615,买盘
1155,13:57:09,8.64,-0.01,3,2592,卖盘
1156,13:57:06,8.65,--,52,44980,买盘
1157,13:57:03,8.65,0.01,9,7785,买盘
1158,13:57:00,8.64,--,50,43200,卖盘
1159,13:56:57,8.64,-0.01,62,53568,卖盘
1160,13:56:54,8.65,--,3,2595,买盘
1161,13:56:51,8.65,--,2,1730,买盘
1162,13:56:48,8.65,0.01,154,133210,买盘
1163,13:56:45,8.64,--,180,155520,卖盘
1164,13:56:42,8.64,--,2,1728,卖盘
1165,13:56:39,8.64,-0.01,26,22464,卖盘
1166,13:56:36,8.65,0.01,13,11245,买盘
1167,13:56:33,8.64,-0.01,16,13824,卖盘
1168,13:56:30,8.65,0.01,13,11245,买盘
1169,13:56:27,8.64,--,18,15552,买盘
1170,13:56:24,8.64,--,21,18144,买盘
1171,13:56:21,8.64,--,496,428544,卖盘
1172,13:56:18,8.64,-0.01,9,7776,卖盘
1173,13:56:15,8.65,--,9,7785,买盘
1174,13:56:12,8.65,--,2,1730,买盘
1175,13:56:09,8.65,--,37,32005,买盘
1176,13:56:06,8.65,0.01,19,16435,买盘
1177,13:56:03,8.64,-0.01,123,106272,卖盘
1178,13:56:00,8.65,--,221,191165,买盘
1179,13:55:57,8.65,--,10,8650,买盘
1180,13:55:54,8.65,--,11,9515,买盘
1181,13:55:51,8.65,--,2,1730,买盘
1182,13:55:48,8.65,0.01,221,191165,买盘
1183,13:55:45,8.64,-0.01,2,1728,卖盘
1184,13:55:42,8.65,--,55,47575,买盘
1185,13:55:39,8.65,0.01,2,1730,买盘
1186,13:55:36,8.64,-0.01,73,63072,卖盘
1187,13:55:33,8.65,--,102,88230,买盘
1188,13:55:30,8.65,--,24,20760,买盘
1189,13:55:27,8.65,0.01,5,4325,买盘
1190,13:55:24,8.64,-0.01,21,18144,卖盘
1191,13:55:21,8.65,--,1,865,买盘
1192,13:55:18,8.65,0.01,10,8650,买盘
1193,13:55:15,8.64,--,8,6912,卖盘
1194,13:55:12,8.64,--,25,21600,买盘
1195,13:55:09,8.64,-0.01,13,11232,中性盘
1196,13:55:06,8.65,0.02,12,10380,买盘
1197,13:55:03,8.63,-0.01,144,124272,卖盘
1198,13:55:00,8.64,0.01,49,42336,买盘
1199,13:54:57,8.63,--,2,1726,卖盘
1200,13:54:54,8.63,-0.01,11,9493,卖盘
1201,13:54:51,8.64,-0.01,322,278208,卖盘
1202,13:54:48,8.65,--,50,43250,买盘
1203,13:54:45,8.65,0.01,28,24220,买盘
1204,13:54:42,8.64,--,152,131328,卖盘
1205,13:54:39,8.64,--,267,230688,买盘
1206,13:54:36,8.64,--,26,22464,买盘
1207,13:54:33,8.64,--,42,36288,买盘
1208,13:54:30,8.64,--,20,17280,买盘
1209,13:54:27,8.64,--,38,32832,买盘
1210,13:54:24,8.64,0.01,27,23328,买盘
1211,13:54:21,8.63,-0.01,5,4315,卖盘
1212,13:54:18,8.64,--,1,864,买盘
1213,13:54:15,8.64,--,4,3456,买盘
1214,13:54:12,8.64,--,10,8640,买盘
1215,13:54:09,8.64,--,11,9504,买盘
1216,13:54:06,8.64,--,23,19872,买盘
1217,13:54:03,8.64,--,13,11232,买盘
1218,13:54:00,8.64,0.01,12,10368,买盘
1219,13:53:57,8.63,-0.01,120,103560,卖盘
1220,13:53:54,8.64,--,58,50112,买盘
1221,13:53:51,8.64,0.01,65,56160,买盘
1222,13:53:48,8.63,-0.01,45,38835,卖盘
1223,13:53:45,8.64,--,33,28512,买盘
1224,13:53:42,8.64,--,34,29376,买盘
1225,13:53:39,8.64,--,11,9504,买盘
1226,13:53:36,8.64,--,19,16416,买盘
1227,13:53:33,8.64,--,80,69120,买盘
1228,13:53:30,8.64,-0.01,67,57888,卖盘
1229,13:53:27,8.65,--,1,865,买盘
1230,13:53:21,8.65,--,1,865,买盘
1231,13:53:18,8.65,--,1,865,买盘
1232,13:53:15,8.65,0.01,83,71795,买盘
1233,13:53:12,8.64,--,15,12960,买盘
1234,13:53:09,8.64,-0.01,4,3456,卖盘
1235,13:53:06,8.65,--,70,60550,买盘
1236,13:53:03,8.65,0.01,2,1730,买盘
1237,13:53:00,8.64,-0.01,138,119232,卖盘
1238,13:52:57,8.65,0.02,2,1730,买盘
1239,13:52:54,8.63,--,230,198490,卖盘
1240,13:52:48,8.63,-0.02,38,32794,卖盘
1241,13:52:45,8.65,0.01,153,132345,买盘
1242,13:52:42,8.64,--,403,348192,买盘
1243,13:52:39,8.64,--,67,57888,买盘
1244,13:52:36,8.64,0.01,149,128736,买盘
1245,13:52:30,8.63,-0.01,6,5178,卖盘
1246,13:52:27,8.64,0.01,1,864,买盘
1247,13:52:24,8.63,-0.01,9,7767,卖盘
1248,13:52:21,8.64,--,10,8640,买盘
1249,13:52:18,8.64,--,23,19872,买盘
1250,13:52:15,8.64,--,115,99360,买盘
1251,13:52:12,8.64,--,6,5184,买盘
1252,13:52:09,8.64,--,13,11232,买盘
1253,13:52:06,8.64,--,17,14688,买盘
1254,13:52:03,8.64,--,277,239328,卖盘
1255,13:52:00,8.64,-0.01,10,8640,卖盘
1256,13:51:57,8.65,--,11,9515,买盘
1257,13:51:54,8.65,0.01,2,1730,买盘
1258,13:51:51,8.64,0.01,2,1728,卖盘
1259,13:51:48,8.63,-0.01,110,95620,卖盘
1260,13:51:45,8.64,--,26,22464,买盘
1261,13:51:42,8.64,--,70,60480,买盘
1262,13:51:39,8.64,--,3,2592,买盘
1263,13:51:36,8.64,--,14,12096,买盘
1264,13:51:33,8.64,--,2,1728,买盘
1265,13:51:27,8.64,--,107,92448,买盘
1266,13:51:24,8.64,0.01,132,114048,买盘
1267,13:51:21,8.63,-0.01,84,72492,卖盘
1268,13:51:18,8.64,0.01,97,83808,买盘
1269,13:51:12,8.63,--,31,26753,卖盘
1270,13:51:09,8.63,--,231,199353,卖盘
1271,13:51:06,8.63,-0.01,10,8630,卖盘
1272,13:51:03,8.64,0.01,3,2592,买盘
1273,13:51:00,8.63,-0.01,90,77670,卖盘
1274,13:50:57,8.64,--,2,1728,买盘
1275,13:50:54,8.64,0.01,422,364608,买盘
1276,13:50:48,8.63,-0.01,413,356419,卖盘
1277,13:50:45,8.64,0.01,74,63936,买盘
1278,13:50:42,8.63,-0.01,72,62136,卖盘
1279,13:50:39,8.64,--,13,11232,买盘
1280,13:50:36,8.64,0.01,24,20736,买盘
1281,13:50:33,8.63,--,15,12945,卖盘
1282,13:50:30,8.63,--,28,24164,卖盘
1283,13:50:27,8.63,-0.01,13,11219,卖盘
1284,13:50:24,8.64,--,40,34560,买盘
1285,13:50:21,8.64,0.01,45,38880,买盘
1286,13:50:18,8.63,--,25,21575,卖盘
1287,13:50:15,8.63,-0.01,13,11219,卖盘
1288,13:50:12,8.64,--,125,108000,买盘
1289,13:50:09,8.64,0.01,1,864,买盘
1290,13:50:06,8.63,-0.01,12,10356,卖盘
1291,13:50:03,8.64,0.01,21,18144,买盘
1292,13:50:00,8.63,-0.01,138,119094,卖盘
1293,13:49:57,8.64,0.01,11,9504,买盘
1294,13:49:54,8.63,-0.01,230,198490,卖盘
1295,13:49:51,8.64,--,109,94176,买盘
1296,13:49:48,8.64,--,20,17280,买盘
1297,13:49:45,8.64,-0.01,191,165024,卖盘
1298,13:49:42,8.65,--,11,9515,买盘
1299,13:49:39,8.65,--,138,119370,买盘
1300,13:49:36,8.65,-0.01,165,143356,卖盘
1301,13:49:33,8.66,0.01,422,365452,买盘
1302,13:49:30,8.65,--,21,18165,卖盘
1303,13:49:27,8.65,--,11,9515,卖盘
1304,13:49:24,8.65,0.01,1076,930973,买盘
1305,13:49:21,8.64,-0.01,1705,1473120,卖盘
1306,13:49:18,8.65,--,321,277665,买盘
1307,13:49:15,8.65,--,46,39790,买盘
1308,13:49:12,8.65,--,124,107260,买盘
1309,13:49:09,8.65,--,596,516266,卖盘
1310,13:49:06,8.65,-0.01,85,73525,卖盘
1311,13:49:03,8.66,--,24,20784,买盘
1312,13:49:00,8.66,--,156,135096,买盘
1313,13:48:57,8.66,0.01,23,19918,买盘
1314,13:48:54,8.65,-0.01,50,43250,卖盘
1315,13:48:51,8.66,0.01,30,25980,买盘
1316,13:48:48,8.65,-0.01,121,104665,卖盘
1317,13:48:45,8.66,--,180,155880,买盘
1318,13:48:42,8.66,--,40,34640,买盘
1319,13:48:39,8.66,0.01,7,6062,买盘
1320,13:48:36,8.65,-0.01,23,19895,卖盘
1321,13:48:33,8.66,0.01,135,116910,买盘
1322,13:48:30,8.65,-0.01,217,187705,卖盘
1323,13:48:27,8.66,0.01,49,42434,买盘
1324,13:48:24,8.65,-0.01,19,16435,卖盘
1325,13:48:18,8.66,0.01,9,7794,买盘
1326,13:48:15,8.65,-0.01,73,63145,卖盘
1327,13:48:12,8.66,0.01,413,357796,买盘
1328,13:48:09,8.65,--,79,69061,卖盘
1329,13:48:06,8.65,--,109,94285,卖盘
1330,13:48:03,8.65,--,19,16435,卖盘
1331,13:48:00,8.65,0.01,939,812373,买盘
1332,13:47:57,8.64,-0.01,35,30240,卖盘
1333,13:47:54,8.65,--,21,18165,买盘
1334,13:47:51,8.65,--,1,865,买盘
1335,13:47:48,8.65,0.01,97,83905,买盘
1336,13:47:45,8.64,-0.01,85,73440,卖盘
1337,13:47:42,8.65,--,13,11245,买盘
1338,13:47:39,8.65,0.01,3,2595,买盘
1339,13:47:36,8.64,--,15,12960,卖盘
1340,13:47:33,8.64,-0.01,35,30240,卖盘
1341,13:47:27,8.65,0.01,30,25950,买盘
1342,13:47:24,8.64,--,86,74304,卖盘
1343,13:47:21,8.64,--,15,12960,卖盘
1344,13:47:18,8.64,--,230,199497,买盘
1345,13:47:15,8.64,0.01,57,49248,买盘
1346,13:47:12,8.63,-0.01,51,44013,卖盘
1347,13:47:09,8.64,0.01,25,21600,买盘
1348,13:47:06,8.63,-0.01,28,24164,卖盘
1349,13:47:03,8.64,--,106,91584,买盘
1350,13:47:00,8.64,--,73,63072,买盘
1351,13:46:57,8.64,--,115,99360,买盘
1352,13:46:54,8.64,--,226,195264,买盘
1353,13:46:51,8.64,0.01,201,173664,买盘
1354,13:46:48,8.63,--,323,278749,卖盘
1355,13:46:45,8.63,-0.01,14,12082,卖盘
1356,13:46:42,8.64,--,10,8640,买盘
1357,13:46:39,8.64,--,7,6048,买盘
1358,13:46:36,8.64,--,524,452736,买盘
1359,13:46:33,8.64,--,4,3456,买盘
1360,13:46:30,8.64,0.01,280,241920,买盘
1361,13:46:27,8.63,-0.01,224,193312,卖盘
1362,13:46:24,8.64,0.01,90,77760,买盘
1363,13:46:21,8.63,--,24,20712,卖盘
1364,13:46:18,8.63,-0.01,59,50917,卖盘
1365,13:46:15,8.64,--,21,18144,买盘
1366,13:46:12,8.64,--,3,2592,买盘
1367,13:46:09,8.64,0.01,2,1728,买盘
1368,13:46:06,8.63,-0.01,45,38835,卖盘
1369,13:46:03,8.64,0.01,5,4320,买盘
1370,13:46:00,8.63,-0.01,7,6041,卖盘
1371,13:45:57,8.64,--,27,23328,买盘
1372,13:45:54,8.64,--,49,42336,买盘
1373,13:45:51,8.64,0.01,13,11232,买盘
1374,13:45:48,8.63,-0.01,294,253722,卖盘
1375,13:45:45,8.64,--,22,19008,买盘
1376,13:45:42,8.64,--,16,13824,买盘
1377,13:45:39,8.64,--,23,19872,买盘
1378,13:45:36,8.64,--,98,84672,买盘
1379,13:45:33,8.64,--,7,6048,买盘
1380,13:45:30,8.64,--,234,202176,买盘
1381,13:45:27,8.64,--,43,37152,买盘
1382,13:45:24,8.64,--,21,18144,买盘
1383,13:45:21,8.64,--,69,59616,买盘
1384,13:45:18,8.64,--,48,41472,买盘
1385,13:45:15,8.64,--,6,5184,买盘
1386,13:45:12,8.64,0.01,17,14688,买盘
1387,13:45:09,8.63,-0.01,25,21575,卖盘
1388,13:45:06,8.64,--,30,25920,买盘
1389,13:45:03,8.64,--,30,25920,买盘
1390,13:45:00,8.64,0.01,67,57888,买盘
1391,13:44:57,8.63,-0.01,8,6904,卖盘
1392,13:44:54,8.64,--,221,190944,买盘
1393,13:44:51,8.64,0.01,108,93312,买盘
1394,13:44:48,8.63,-0.01,129,111327,卖盘
1395,13:44:45,8.64,0.01,101,87264,买盘
1396,13:44:42,8.63,--,155,133765,卖盘
1397,13:44:39,8.63,-0.01,21,18123,卖盘
1398,13:44:36,8.64,--,5,4320,买盘
1399,13:44:33,8.64,--,29,25056,买盘
1400,13:44:30,8.64,--,101,87264,买盘
1401,13:44:24,8.64,--,20,17280,买盘
1402,13:44:21,8.64,0.01,47,40608,买盘
1403,13:44:18,8.63,-0.01,3,2589,卖盘
1404,13:44:12,8.64,--,5,4320,买盘
1405,13:44:09,8.64,0.01,33,28512,买盘
1406,13:44:06,8.63,-0.01,11,9493,卖盘
1407,13:44:03,8.64,--,2,1728,买盘
1408,13:44:00,8.64,0.01,214,184896,买盘
1409,13:43:57,8.63,-0.01,122,105286,卖盘
1410,13:43:54,8.64,0.01,9,7776,买盘
1411,13:43:51,8.63,--,204,176052,卖盘
1412,13:43:48,8.63,-0.01,326,281338,卖盘
1413,13:43:45,8.64,--,540,466560,买盘
1414,13:43:42,8.64,--,22,19008,买盘
1415,13:43:39,8.64,--,201,173664,买盘
1416,13:43:36,8.64,--,83,71712,买盘
1417,13:43:33,8.64,0.01,24,20736,买盘
1418,13:43:30,8.63,-0.01,93,80259,卖盘
1419,13:43:27,8.64,--,71,61344,买盘
1420,13:43:24,8.64,0.01,2,1728,买盘
1421,13:43:21,8.63,-0.01,10,8630,卖盘
1422,13:43:18,8.64,0.01,65,56160,买盘
1423,13:43:15,8.63,--,65,56095,卖盘
1424,13:43:12,8.63,-0.01,22,18986,卖盘
1425,13:43:09,8.64,0.01,85,73440,买盘
1426,13:43:06,8.63,-0.01,85,73355,卖盘
1427,13:43:03,8.64,--,51,44064,买盘
1428,13:43:00,8.64,--,14,12096,买盘
1429,13:42:57,8.64,0.01,104,89856,买盘
1430,13:42:54,8.63,--,2,1726,卖盘
1431,13:42:51,8.63,-0.01,6,5178,卖盘
1432,13:42:48,8.64,--,194,167616,买盘
1433,13:42:45,8.64,--,23,19872,买盘
1434,13:42:42,8.64,--,61,52704,买盘
1435,13:42:39,8.64,--,41,35424,买盘
1436,13:42:36,8.64,--,4,3456,买盘
1437,13:42:33,8.64,--,2,1728,买盘
1438,13:42:30,8.64,--,8,6912,买盘
1439,13:42:27,8.64,--,58,50112,买盘
1440,13:42:24,8.64,--,243,209952,买盘
1441,13:42:15,8.64,--,54,46656,买盘
1442,13:42:12,8.64,--,297,256608,买盘
1443,13:42:09,8.64,--,203,175392,买盘
1444,13:42:06,8.64,--,11,9504,买盘
1445,13:42:03,8.64,0.01,14,12096,买盘
1446,13:41:54,8.63,-0.01,60,51780,中性盘
1447,13:41:51,8.64,0.01,114,98496,买盘
1448,13:41:48,8.63,0.01,588,507444,买盘
1449,13:41:42,8.62,-0.01,401,345661,卖盘
1450,13:41:39,8.63,0.01,80,69040,买盘
1451,13:41:36,8.62,--,5,4310,卖盘
1452,13:41:33,8.62,-0.01,502,432723,卖盘
1453,13:41:30,8.63,--,26,22438,买盘
1454,13:41:27,8.63,--,52,44876,买盘
1455,13:41:24,8.63,0.01,100,86300,买盘
1456,13:41:21,8.62,--,270,232739,卖盘
1457,13:41:18,8.62,-0.01,36,31031,卖盘
1458,13:41:15,8.63,--,197,170011,买盘
1459,13:41:12,8.63,--,200,172600,卖盘
1460,13:41:09,8.63,--,58,50054,买盘
1461,13:41:06,8.63,--,95,81985,买盘
1462,13:41:03,8.63,--,111,95793,买盘
1463,13:41:00,8.63,-0.01,91,78533,卖盘
1464,13:40:57,8.64,0.02,148,127872,买盘
1465,13:40:51,8.62,-0.01,307,264978,卖盘
1466,13:40:48,8.63,--,504,434952,买盘
1467,13:40:45,8.63,--,60,51780,买盘
1468,13:40:42,8.63,--,95,81985,买盘
1469,13:40:39,8.63,0.01,3,2589,买盘
1470,13:40:36,8.62,-0.01,7,6033,卖盘
1471,13:40:33,8.63,--,117,100971,买盘
1472,13:40:30,8.63,--,41,35383,买盘
1473,13:40:27,8.63,--,5,4315,买盘
1474,13:40:24,8.63,--,53,45739,买盘
1475,13:40:21,8.63,--,1,863,买盘
1476,13:40:18,8.63,--,56,48328,买盘
1477,13:40:15,8.63,--,14,12082,买盘
1478,13:40:12,8.63,0.01,241,207983,买盘
1479,13:40:09,8.62,-0.01,106,91371,卖盘
1480,13:40:06,8.63,--,124,107012,买盘
1481,13:40:03,8.63,--,80,69040,买盘
1482,13:40:00,8.63,0.01,21,18123,买盘
1483,13:39:57,8.62,-0.01,22,18964,卖盘
1484,13:39:54,8.63,--,113,97519,买盘
1485,13:39:51,8.63,0.01,166,143258,买盘
1486,13:39:48,8.62,-0.01,49,42237,卖盘
1487,13:39:42,8.63,--,13,11219,买盘
1488,13:39:39,8.63,--,3,2589,买盘
1489,13:39:36,8.63,--,11,9493,买盘
1490,13:39:33,8.63,--,20,17260,买盘
1491,13:39:30,8.63,0.02,1,863,买盘
1492,13:39:24,8.61,-0.01,83,71463,卖盘
1493,13:39:21,8.62,--,32,27583,买盘
1494,13:39:18,8.62,0.01,32,27583,买盘
1495,13:39:15,8.61,-0.01,133,114512,卖盘
1496,13:39:12,8.62,0.01,180,155160,买盘
1497,13:39:09,8.61,-0.01,104,89544,卖盘
1498,13:39:06,8.62,0.01,104,89647,买盘
1499,13:39:03,8.61,--,5,4305,卖盘
1500,13:39:00,8.61,-0.01,95,81795,卖盘
1501,13:38:57,8.62,--,9,7757,买盘
1502,13:38:54,8.62,--,107,92233,买盘
1503,13:38:51,8.62,--,34,29307,买盘
1504,13:38:48,8.62,--,574,494787,买盘
1505,13:38:45,8.62,--,65,56029,买盘
1506,13:38:42,8.62,--,19,16377,买盘
1507,13:38:39,8.62,--,54,46547,买盘
1508,13:38:36,8.62,--,54,46547,买盘
1509,13:38:33,8.62,0.01,42,36204,买盘
1510,13:38:30,8.61,-0.01,29,24969,卖盘
1511,13:38:27,8.62,0.01,144,124127,买盘
1512,13:38:24,8.61,-0.01,86,74046,卖盘
1513,13:38:21,8.62,--,34,29307,买盘
1514,13:38:18,8.62,--,249,214637,买盘
1515,13:38:15,8.62,--,147,126713,买盘
1516,13:38:12,8.62,--,104,89647,买盘
1517,13:38:06,8.62,0.01,16,13791,买盘
1518,13:38:03,8.61,-0.01,67,57686,卖盘
1519,13:38:00,8.62,--,5,4310,买盘
1520,13:37:57,8.62,0.01,42,36204,买盘
1521,13:37:54,8.61,-0.01,139,119678,卖盘
1522,13:37:51,8.62,--,142,122403,买盘
1523,13:37:48,8.62,--,414,356867,买盘
1524,13:37:45,8.62,0.01,394,339627,买盘
1525,13:37:42,8.61,--,55,47355,卖盘
1526,13:37:39,8.61,--,3,2583,卖盘
1527,13:37:36,8.61,-0.01,4,3444,卖盘
1528,13:37:33,8.62,--,13,11205,买盘
1529,13:37:27,8.62,--,36,31031,买盘
1530,13:37:24,8.62,--,16,13791,买盘
1531,13:37:21,8.62,0.01,54,46547,买盘
1532,13:37:18,8.61,--,14,12054,卖盘
1533,13:37:15,8.61,-0.01,326,280686,卖盘
1534,13:37:12,8.62,0.01,5,4310,买盘
1535,13:37:09,8.61,--,125,107625,卖盘
1536,13:37:06,8.61,-0.01,43,37023,卖盘
1537,13:37:03,8.62,0.01,20,17240,买盘
1538,13:37:00,8.61,-0.01,12,10332,卖盘
1539,13:36:57,8.62,0.01,20,17240,买盘
1540,13:36:54,8.61,-0.01,121,104181,卖盘
1541,13:36:51,8.62,--,42,36204,买盘
1542,13:36:48,8.62,0.02,51,43961,买盘
1543,13:36:45,8.6,-0.02,100,86000,卖盘
1544,13:36:42,8.62,0.01,20,17240,买盘
1545,13:36:39,8.61,--,38,32717,卖盘
1546,13:36:36,8.61,--,24,20664,卖盘
1547,13:36:33,8.61,--,67,57686,买盘
1548,13:36:30,8.61,0.01,10,8610,买盘
1549,13:36:27,8.6,-0.01,137,117820,卖盘
1550,13:36:24,8.61,--,37,31856,买盘
1551,13:36:21,8.61,--,46,39606,买盘
1552,13:36:18,8.61,--,12,10332,买盘
1553,13:36:15,8.61,--,202,173922,买盘
1554,13:36:12,8.61,--,40,34440,买盘
1555,13:36:09,8.61,--,9,7748,买盘
1556,13:36:06,8.61,0.01,34,29273,买盘
1557,13:36:03,8.6,-0.01,16,13760,卖盘
1558,13:36:00,8.61,--,17,14636,买盘
1559,13:35:57,8.61,-0.01,1213,1044392,卖盘
1560,13:35:54,8.62,--,33,28445,买盘
1561,13:35:51,8.62,0.01,37,31893,买盘
1562,13:35:45,8.61,--,52,44772,卖盘
1563,13:35:42,8.61,-0.01,49,42189,卖盘
1564,13:35:39,8.62,0.01,2,1723,买盘
1565,13:35:36,8.61,-0.01,26,22386,卖盘
1566,13:35:30,8.62,--,34,29307,买盘
1567,13:35:27,8.62,0.01,200,172399,买盘
1568,13:35:24,8.61,-0.01,57,49077,卖盘
1569,13:35:21,8.62,--,24,20687,买盘
1570,13:35:18,8.62,--,13,11205,买盘
1571,13:35:15,8.62,--,50,43099,买盘
1572,13:35:12,8.62,0.01,32,27583,买盘
1573,13:35:09,8.61,--,206,177366,卖盘
1574,13:35:06,8.61,--,169,145509,卖盘
1575,13:35:03,8.61,-0.01,36,30995,卖盘
1576,13:35:00,8.62,--,79,68098,买盘
1577,13:34:57,8.62,--,57,49133,买盘
1578,13:34:54,8.62,--,110,94819,买盘
1579,13:34:51,8.62,--,89,76718,买盘
1580,13:34:48,8.62,--,37,31893,买盘
1581,13:34:45,8.62,-0.01,890,767179,卖盘
1582,13:34:42,8.63,--,5,4315,买盘
1583,13:34:39,8.63,0.01,57,49191,买盘
1584,13:34:36,8.62,-0.01,83,71546,卖盘
1585,13:34:30,8.63,--,41,35383,买盘
1586,13:34:27,8.63,0.01,100,86300,买盘
1587,13:34:24,8.62,-0.01,100,86199,卖盘
1588,13:34:21,8.63,0.01,304,262352,买盘
1589,13:34:18,8.62,-0.01,122,105163,卖盘
1590,13:34:15,8.63,--,22,18986,买盘
1591,13:34:12,8.63,--,146,125998,买盘
1592,13:34:09,8.63,0.01,91,78533,买盘
1593,13:34:06,8.62,--,15,12929,卖盘
1594,13:34:03,8.62,-0.01,10,8620,卖盘
1595,13:34:00,8.63,0.01,17,14671,买盘
1596,13:33:57,8.62,-0.01,38,32755,卖盘
1597,13:33:54,8.63,--,143,123409,买盘
1598,13:33:51,8.63,--,36,31068,买盘
1599,13:33:48,8.63,--,10,8630,买盘
1600,13:33:45,8.63,--,131,113053,买盘
1601,13:33:42,8.63,-0.01,1653,1427056,卖盘
1602,13:33:39,8.64,--,46,39744,买盘
1603,13:33:36,8.64,0.01,64,55296,买盘
1604,13:33:33,8.63,-0.01,125,107875,卖盘
1605,13:33:30,8.64,--,185,159840,买盘
1606,13:33:27,8.64,-0.01,590,510105,卖盘
1607,13:33:24,8.65,0.01,10,8650,买盘
1608,13:33:21,8.64,-0.01,46,39744,卖盘
1609,13:33:18,8.65,0.01,42,36330,买盘
1610,13:33:15,8.64,--,29,25056,卖盘
1611,13:33:12,8.64,0.01,318,274752,买盘
1612,13:33:09,8.63,-0.01,206,177778,卖盘
1613,13:33:06,8.64,--,61,52704,买盘
1614,13:33:03,8.64,--,16,13824,买盘
1615,13:33:00,8.64,--,354,305856,买盘
1616,13:32:57,8.64,0.01,36,31104,买盘
1617,13:32:54,8.63,-0.01,121,104423,卖盘
1618,13:32:51,8.64,--,47,40608,买盘
1619,13:32:48,8.64,--,12,10368,买盘
1620,13:32:45,8.64,0.01,153,132192,买盘
1621,13:32:42,8.63,--,24,20712,卖盘
1622,13:32:39,8.63,--,2,1726,卖盘
1623,13:32:36,8.63,--,49,42287,卖盘
1624,13:32:33,8.63,0.01,355,306365,买盘
1625,13:32:30,8.62,-0.01,626,539612,卖盘
1626,13:32:27,8.63,--,236,203668,买盘
1627,13:32:24,8.63,0.01,133,114779,买盘
1628,13:32:21,8.62,-0.01,448,386175,卖盘
1629,13:32:18,8.63,0.01,1,863,买盘
1630,13:32:15,8.62,-0.01,16,13791,卖盘
1631,13:32:12,8.63,--,87,75081,买盘
1632,13:32:06,8.63,0.01,803,692989,买盘
1633,13:32:03,8.62,--,22,18964,买盘
1634,13:32:00,8.62,--,154,132748,买盘
1635,13:31:57,8.62,--,59,50857,买盘
1636,13:31:54,8.62,-0.01,203,174985,卖盘
1637,13:31:51,8.63,--,194,167422,买盘
1638,13:31:48,8.63,--,80,69040,买盘
1639,13:31:45,8.63,--,213,183819,买盘
1640,13:31:42,8.63,0.01,78,67314,买盘
1641,13:31:39,8.62,-0.01,88,75856,卖盘
1642,13:31:36,8.63,--,77,66451,买盘
1643,13:31:33,8.63,--,54,46602,买盘
1644,13:31:30,8.63,--,172,148436,买盘
1645,13:31:27,8.63,--,55,47465,买盘
1646,13:31:24,8.63,-0.01,885,763755,卖盘
1647,13:31:21,8.64,--,173,149472,买盘
1648,13:31:18,8.64,0.01,117,101088,买盘
1649,13:31:15,8.63,-0.01,85,73355,卖盘
1650,13:31:12,8.64,0.01,16,13824,买盘
1651,13:31:09,8.63,-0.01,263,226969,卖盘
1652,13:31:06,8.64,0.01,98,84672,买盘
1653,13:31:03,8.63,-0.02,421,363323,卖盘
1654,13:31:00,8.65,--,342,295830,买盘
1655,13:30:57,8.65,0.01,1108,958420,买盘
1656,13:30:54,8.64,--,658,568512,卖盘
1657,13:30:51,8.64,--,433,374112,买盘
1658,13:30:48,8.64,--,376,324864,买盘
1659,13:30:45,8.64,0.01,54,46656,买盘
1660,13:30:42,8.63,--,109,94067,卖盘
1661,13:30:39,8.63,--,140,120820,卖盘
1662,13:30:36,8.63,--,472,407336,卖盘
1663,13:30:33,8.63,--,466,402158,买盘
1664,13:30:30,8.63,--,426,367638,买盘
1665,13:30:27,8.63,0.01,111,95793,买盘
1666,13:30:24,8.62,--,32,27583,卖盘
1667,13:30:21,8.62,0.01,154,132748,买盘
1668,13:30:18,8.61,--,57,49077,卖盘
1669,13:30:15,8.61,--,106,91266,买盘
1670,13:30:12,8.61,--,181,155841,买盘
1671,13:30:09,8.61,--,72,61991,买盘
1672,13:30:06,8.61,--,32,27552,买盘
1673,13:30:03,8.61,--,7,6027,买盘
1674,13:30:00,8.61,0.01,3,2583,买盘
1675,13:29:57,8.6,--,24,20640,卖盘
1676,13:29:54,8.6,--,36,31338,买盘
1677,13:29:51,8.6,--,393,337980,买盘
1678,13:29:48,8.6,--,128,110080,买盘
1679,13:29:45,8.6,--,323,277780,买盘
1680,13:29:42,8.6,--,125,107500,买盘
1681,13:29:39,8.6,--,209,179740,买盘
1682,13:29:36,8.6,--,63,54180,买盘
1683,13:29:33,8.6,--,166,142760,买盘
1684,13:29:30,8.6,--,61,52460,买盘
1685,13:29:27,8.6,--,105,90300,买盘
1686,13:29:24,8.6,--,237,203820,买盘
1687,13:29:21,8.6,--,108,92880,买盘
1688,13:29:18,8.6,--,24,20640,买盘
1689,13:29:15,8.6,0.01,303,260580,买盘
1690,13:29:12,8.59,-0.01,23,19757,卖盘
1691,13:29:09,8.6,--,30,25800,买盘
1692,13:29:06,8.6,0.01,382,328520,买盘
1693,13:29:03,8.59,--,41,35219,卖盘
1694,13:29:00,8.59,--,88,75592,买盘
1695,13:28:57,8.59,--,246,211314,买盘
1696,13:28:54,8.59,--,115,98785,买盘
1697,13:28:51,8.59,--,150,128850,卖盘
1698,13:28:48,8.59,-0.01,589,505951,卖盘
1699,13:28:45,8.6,--,514,442040,买盘
1700,13:28:42,8.6,--,38,32680,买盘
1701,13:28:39,8.6,-0.02,1904,1637921,卖盘
1702,13:28:36,8.62,--,18,15515,买盘
1703,13:28:33,8.62,--,51,43961,卖盘
1704,13:28:30,8.62,--,33,28445,卖盘
1705,13:28:27,8.62,--,160,137920,买盘
1706,13:28:24,8.62,--,218,188433,买盘
1707,13:28:21,8.62,0.01,200,172399,买盘
1708,13:28:18,8.61,-0.01,125,107625,卖盘
1709,13:28:15,8.62,0.01,61,52581,买盘
1710,13:28:12,8.61,-0.01,39,33579,卖盘
1711,13:28:09,8.62,--,1,861,买盘
1712,13:28:06,8.62,0.01,135,116369,买盘
1713,13:28:03,8.61,-0.01,38,32717,卖盘
1714,13:28:00,8.62,0.01,5,4310,买盘
1715,13:27:57,8.61,-0.01,48,41328,卖盘
1716,13:27:54,8.62,0.01,530,456859,买盘
1717,13:27:51,8.61,--,57,49077,买盘
1718,13:27:48,8.61,-0.01,271,233330,卖盘
1719,13:27:45,8.62,--,15,12929,买盘
1720,13:27:42,8.62,0.01,900,775799,买盘
1721,13:27:39,8.61,--,433,372813,买盘
1722,13:27:36,8.61,--,109,93849,买盘
1723,13:27:33,8.61,--,224,192864,买盘
1724,13:27:30,8.61,--,282,242801,卖盘
1725,13:27:27,8.61,-0.01,20,17220,卖盘
1726,13:27:24,8.62,0.01,118,101715,买盘
1727,13:27:21,8.61,--,1,861,买盘
1728,13:27:18,8.61,--,137,117956,买盘
1729,13:27:15,8.61,--,20,17220,买盘
1730,13:27:12,8.61,--,227,195447,买盘
1731,13:27:09,8.61,--,102,87822,买盘
1732,13:27:06,8.61,--,154,132594,买盘
1733,13:27:03,8.61,0.01,57,49077,买盘
1734,13:27:00,8.6,--,10,8600,卖盘
1735,13:26:57,8.6,--,17,14620,卖盘
1736,13:26:54,8.6,--,5,4300,卖盘
1737,13:26:51,8.6,0.01,547,471142,买盘
1738,13:26:48,8.59,-0.01,319,274021,卖盘
1739,13:26:45,8.6,--,19,16340,买盘
1740,13:26:42,8.6,0.01,56,48160,买盘
1741,13:26:39,8.59,--,95,81605,卖盘
1742,13:26:36,8.59,-0.01,64,54976,卖盘
1743,13:26:33,8.6,--,47,40420,买盘
1744,13:26:30,8.6,--,2,1720,买盘
1745,13:26:27,8.6,0.01,11,9460,买盘
1746,13:26:24,8.59,--,66,56694,卖盘
1747,13:26:21,8.59,0.01,182,156338,买盘
1748,13:26:18,8.58,--,29,24882,卖盘
1749,13:26:15,8.58,--,14,12012,卖盘
1750,13:26:12,8.58,--,165,141570,买盘
1751,13:26:09,8.58,0.01,1018,873444,买盘
1752,13:26:06,8.57,-0.01,435,372795,卖盘
1753,13:26:03,8.58,0.01,50,42900,买盘
1754,13:26:00,8.57,-0.01,276,236532,卖盘
1755,13:25:57,8.58,--,351,301158,买盘
1756,13:25:54,8.58,0.01,83,71214,买盘
1757,13:25:51,8.57,--,444,380508,卖盘
1758,13:25:48,8.57,-0.01,113,96841,卖盘
1759,13:25:45,8.58,--,574,492492,买盘
1760,13:25:42,8.58,--,283,242814,买盘
1761,13:25:39,8.58,0.01,187,160446,买盘
1762,13:25:36,8.57,--,149,128198,卖盘
1763,13:25:33,8.57,--,58,49706,卖盘
1764,13:25:30,8.57,-0.01,66,56562,中性盘
1765,13:25:27,8.58,0.01,94,80652,买盘
1766,13:25:24,8.57,-0.01,225,192825,卖盘
1767,13:25:21,8.58,--,72,61776,买盘
1768,13:25:18,8.58,0.02,2004,1719432,买盘
1769,13:25:15,8.56,--,147,125832,卖盘
1770,13:25:12,8.56,--,10,8560,卖盘
1771,13:25:09,8.56,-0.02,67,57352,卖盘
1772,13:25:06,8.58,0.02,8,6864,买盘
1773,13:25:03,8.56,--,65,55640,买盘
1774,13:25:00,8.56,0.01,710,607760,买盘
1775,13:24:57,8.55,-0.01,665,568575,卖盘
1776,13:24:54,8.56,0.01,108,92448,买盘
1777,13:24:51,8.55,0.01,1241,1061055,买盘
1778,13:24:48,8.54,--,653,557662,卖盘
1779,13:24:45,8.54,--,213,181901,卖盘
1780,13:24:42,8.54,--,2656,2268224,买盘
1781,13:24:39,8.54,0.01,223,190441,买盘
1782,13:24:36,8.53,-0.01,100,85300,卖盘
1783,13:24:33,8.54,0.01,423,361241,买盘
1784,13:24:30,8.53,--,148,126243,卖盘
1785,13:24:27,8.53,--,420,358260,卖盘
1786,13:24:24,8.53,--,64,54591,卖盘
1787,13:24:21,8.53,--,303,258458,卖盘
1788,13:24:18,8.53,-0.01,237,202160,卖盘
1789,13:24:15,8.54,0.01,440,375759,买盘
1790,13:24:12,8.53,-0.01,235,200454,卖盘
1791,13:24:09,8.54,--,9,7685,买盘
1792,13:24:06,8.54,--,117,99917,买盘
1793,13:24:03,8.54,-0.01,635,542290,卖盘
1794,13:24:00,8.55,--,79,67545,买盘
1795,13:23:57,8.55,0.01,337,288135,买盘
1796,13:23:54,8.54,--,530,452619,卖盘
1797,13:23:51,8.54,-0.01,49,41845,卖盘
1798,13:23:48,8.55,--,99,84645,买盘
1799,13:23:45,8.55,-0.01,3841,3284379,卖盘
1800,13:23:42,8.56,--,16,13696,买盘
1801,13:23:39,8.56,--,115,98440,买盘
1802,13:23:36,8.56,--,56,47936,买盘
1803,13:23:33,8.56,0.01,25,21400,中性盘
1804,13:23:30,8.55,-0.01,8074,6903270,卖盘
1805,13:23:27,8.56,-0.01,55,47080,卖盘
1806,13:23:24,8.57,--,148,126836,买盘
1807,13:23:21,8.57,--,38,32566,买盘
1808,13:23:18,8.57,--,15,12855,买盘
1809,13:23:15,8.57,--,262,224534,买盘
1810,13:23:12,8.57,-0.01,2311,1981015,卖盘
1811,13:23:09,8.58,--,57,48906,买盘
1812,13:23:06,8.58,--,10,8580,买盘
1813,13:23:03,8.58,--,112,96096,买盘
1814,13:23:00,8.58,-0.01,1634,1401972,卖盘
1815,13:22:57,8.59,--,153,131427,卖盘
1816,13:22:54,8.59,--,2,1718,卖盘
1817,13:22:51,8.59,0.01,370,317830,买盘
1818,13:22:48,8.58,--,172,147576,卖盘
1819,13:22:45,8.58,-0.01,145,124410,卖盘
1820,13:22:42,8.59,--,305,261995,买盘
1821,13:22:39,8.59,--,23,19757,买盘
1822,13:22:36,8.59,0.01,80,68720,买盘
1823,13:22:33,8.58,-0.01,191,163878,卖盘
1824,13:22:30,8.59,--,265,227635,买盘
1825,13:22:27,8.59,--,50,42950,买盘
1826,13:22:24,8.59,0.01,31,26629,买盘
1827,13:22:21,8.58,--,43,36894,卖盘
1828,13:22:18,8.58,-0.01,46,39468,卖盘
1829,13:22:15,8.59,--,67,57553,买盘
1830,13:22:12,8.59,0.01,77,66143,买盘
1831,13:22:09,8.58,-0.01,45,38610,卖盘
1832,13:22:06,8.59,--,83,71297,卖盘
1833,13:22:03,8.59,-0.01,7,6013,卖盘
1834,13:22:00,8.6,0.01,158,135880,买盘
1835,13:21:57,8.59,--,315,270585,卖盘
1836,13:21:54,8.59,-0.01,57,48963,卖盘
1837,13:21:51,8.6,--,3,2580,买盘
1838,13:21:48,8.6,--,29,24940,买盘
1839,13:21:45,8.6,0.01,21,18060,买盘
1840,13:21:42,8.59,--,45,38655,卖盘
1841,13:21:39,8.59,-0.01,50,42950,卖盘
1842,13:21:36,8.6,--,7,6020,买盘
1843,13:21:33,8.6,0.01,12,10320,买盘
1844,13:21:30,8.59,--,35,30065,买盘
1845,13:21:27,8.59,--,75,64562,卖盘
1846,13:21:24,8.59,-0.01,115,98785,卖盘
1847,13:21:21,8.6,--,40,34400,买盘
1848,13:21:18,8.6,0.01,244,209840,买盘
1849,13:21:15,8.59,--,1,859,卖盘
1850,13:21:12,8.59,--,17,14603,卖盘
1851,13:21:09,8.59,--,32,28209,买盘
1852,13:21:06,8.59,--,70,60267,卖盘
1853,13:21:03,8.59,-0.01,28,24052,卖盘
1854,13:21:00,8.6,0.02,367,316342,买盘
1855,13:20:57,8.58,--,47,40326,卖盘
1856,13:20:54,8.58,-0.01,55,47190,卖盘
1857,13:20:51,8.59,0.01,192,164928,买盘
1858,13:20:48,8.58,-0.01,7,6006,卖盘
1859,13:20:45,8.59,--,293,251687,买盘
1860,13:20:42,8.59,--,132,113388,买盘
1861,13:20:39,8.59,-0.01,524,450116,卖盘
1862,13:20:36,8.6,--,153,131580,买盘
1863,13:20:33,8.6,--,62,53320,买盘
1864,13:20:30,8.6,--,15,12900,买盘
1865,13:20:27,8.6,0.01,37,31820,买盘
1866,13:20:24,8.59,-0.01,19,16321,卖盘
1867,13:20:21,8.6,--,32,27520,买盘
1868,13:20:18,8.6,0.01,103,88580,买盘
1869,13:20:15,8.59,-0.01,16,13744,卖盘
1870,13:20:12,8.6,0.01,83,71380,买盘
1871,13:20:09,8.59,0.01,327,280893,买盘
1872,13:20:06,8.58,--,186,159588,卖盘
1873,13:20:03,8.58,-0.01,118,101244,卖盘
1874,13:20:00,8.59,--,3,2577,买盘
1875,13:19:57,8.59,0.01,60,51540,买盘
1876,13:19:54,8.58,--,2,1716,卖盘
1877,13:19:51,8.58,0.01,121,103818,卖盘
1878,13:19:48,8.57,-0.01,34,29652,卖盘
1879,13:19:45,8.58,--,176,151008,买盘
1880,13:19:42,8.58,0.01,17,14586,中性盘
1881,13:19:39,8.57,-0.01,193,165401,卖盘
1882,13:19:36,8.58,--,80,68983,买盘
1883,13:19:33,8.58,--,13,11154,买盘
1884,13:19:27,8.58,--,319,273702,买盘
1885,13:19:24,8.58,--,63,54054,买盘
1886,13:19:21,8.58,0.01,75,64350,买盘
1887,13:19:18,8.57,--,21,17997,卖盘
1888,13:19:15,8.57,--,82,70274,卖盘
1889,13:19:12,8.57,-0.01,72,61704,卖盘
1890,13:19:09,8.58,--,48,41184,买盘
1891,13:19:06,8.58,0.01,30,25740,买盘
1892,13:19:03,8.57,-0.01,38,32566,卖盘
1893,13:19:00,8.58,-0.01,408,350064,卖盘
1894,13:18:54,8.59,0.01,5,4295,买盘
1895,13:18:51,8.58,--,56,48048,卖盘
1896,13:18:48,8.58,-0.01,43,36894,卖盘
1897,13:18:45,8.59,0.01,104,89336,买盘
1898,13:18:42,8.58,0.01,31,26598,买盘
1899,13:18:39,8.57,-0.01,1191,1021166,卖盘
1900,13:18:36,8.58,--,1022,876876,买盘
1901,13:18:33,8.58,--,73,62634,买盘
1902,13:18:30,8.58,0.01,64,54912,买盘
1903,13:18:27,8.57,-0.01,1007,862999,卖盘
1904,13:18:24,8.58,0.01,112,96096,买盘
1905,13:18:21,8.57,-0.01,17,14569,卖盘
1906,13:18:18,8.58,--,29,24882,买盘
1907,13:18:15,8.58,--,303,259974,买盘
1908,13:18:12,8.58,--,72,61776,买盘
1909,13:18:09,8.58,--,10,8580,买盘
1910,13:18:06,8.58,--,158,135564,买盘
1911,13:18:03,8.58,0.01,214,183612,买盘
1912,13:18:00,8.57,-0.01,248,212536,卖盘
1913,13:17:57,8.58,--,145,124410,买盘
1914,13:17:54,8.58,--,31,26598,买盘
1915,13:17:51,8.58,--,70,60060,买盘
1916,13:17:48,8.58,--,5,4290,买盘
1917,13:17:45,8.58,--,126,108108,买盘
1918,13:17:42,8.58,--,28,24024,买盘
1919,13:17:39,8.58,--,9,7722,买盘
1920,13:17:36,8.58,--,62,53196,买盘
1921,13:17:33,8.58,--,32,27456,买盘
1922,13:17:30,8.58,--,53,45474,买盘
1923,13:17:27,8.58,-0.01,579,497339,卖盘
1924,13:17:24,8.59,--,37,31791,买盘
1925,13:17:21,8.59,0.01,320,275172,买盘
1926,13:17:18,8.58,-0.01,279,239382,卖盘
1927,13:17:15,8.59,--,79,67861,买盘
1928,13:17:12,8.59,--,13,11167,买盘
1929,13:17:09,8.59,--,34,29206,买盘
1930,13:17:06,8.59,--,43,36937,买盘
1931,13:17:03,8.59,0.01,12,10308,买盘
1932,13:17:00,8.58,--,9,7722,卖盘
1933,13:16:57,8.58,-0.01,82,70356,卖盘
1934,13:16:54,8.59,--,23,19757,买盘
1935,13:16:51,8.59,0.01,11,9449,买盘
1936,13:16:48,8.58,-0.01,80,68640,卖盘
1937,13:16:45,8.59,--,126,108234,买盘
1938,13:16:42,8.59,0.01,196,168364,买盘
1939,13:16:39,8.58,0.01,104,89232,卖盘
1940,13:16:36,8.57,-0.03,2284,1957388,卖盘
1941,13:16:33,8.6,0.01,18,15480,买盘
1942,13:16:30,8.59,--,90,77310,卖盘
1943,13:16:27,8.59,--,34,29206,卖盘
1944,13:16:24,8.59,--,86,73874,卖盘
1945,13:16:21,8.59,0.01,306,262854,买盘
1946,13:16:18,8.58,--,73,62634,买盘
1947,13:16:15,8.58,--,46,39468,买盘
1948,13:16:12,8.58,--,266,228228,卖盘
1949,13:16:09,8.58,--,681,585044,买盘
1950,13:16:06,8.58,--,45,38610,买盘
1951,13:16:03,8.58,0.01,555,476190,买盘
1952,13:16:00,8.57,-0.01,181,155117,卖盘
1953,13:15:57,8.58,--,66,56628,买盘
1954,13:15:54,8.58,--,139,119262,买盘
1955,13:15:51,8.58,--,29,24882,买盘
1956,13:15:48,8.58,--,43,36894,买盘
1957,13:15:45,8.58,0.01,130,111540,买盘
1958,13:15:42,8.57,-0.01,43,36851,卖盘
1959,13:15:39,8.58,0.01,94,80652,买盘
1960,13:15:36,8.57,--,297,254529,买盘
1961,13:15:33,8.57,--,46,39422,买盘
1962,13:15:30,8.57,-0.01,262,224534,卖盘
1963,13:15:27,8.58,--,122,104676,买盘
1964,13:15:24,8.58,--,46,39468,买盘
1965,13:15:21,8.58,0.01,11,9438,买盘
1966,13:15:18,8.57,-0.01,402,344796,卖盘
1967,13:15:15,8.58,--,700,600600,买盘
1968,13:15:12,8.58,0.01,174,149292,买盘
1969,13:15:09,8.57,-0.01,69,59707,卖盘
1970,13:15:06,8.58,0.01,73,62634,买盘
1971,13:15:03,8.57,--,79,67703,卖盘
1972,13:15:00,8.57,--,588,503916,卖盘
1973,13:14:57,8.57,--,93,79701,卖盘
1974,13:14:54,8.57,-0.01,152,130264,卖盘
1975,13:14:51,8.58,0.01,31,26598,买盘
1976,13:14:48,8.57,--,78,66846,卖盘
1977,13:14:45,8.57,-0.01,60,51420,卖盘
1978,13:14:42,8.58,0.01,181,155298,买盘
1979,13:14:39,8.57,-0.01,9,7713,卖盘
1980,13:14:36,8.58,0.01,46,39468,买盘
1981,13:14:33,8.57,--,34,29138,卖盘
1982,13:14:30,8.57,--,639,547623,买盘
1983,13:14:27,8.57,--,218,186826,买盘
1984,13:14:24,8.57,--,233,199681,买盘
1985,13:14:21,8.57,0.01,95,81415,买盘
1986,13:14:18,8.56,-0.01,165,141240,卖盘
1987,13:14:15,8.57,--,387,331659,买盘
1988,13:14:12,8.57,--,284,243388,买盘
1989,13:14:09,8.57,--,163,139691,买盘
1990,13:14:06,8.57,--,75,64275,买盘
1991,13:14:03,8.57,--,172,147404,卖盘
1992,13:14:00,8.57,-0.01,174,149118,卖盘
1993,13:13:57,8.58,--,3,2574,买盘
1994,13:13:54,8.58,--,424,363792,买盘
1995,13:13:51,8.58,0.01,86,73788,买盘
1996,13:13:48,8.57,-0.01,59,50563,卖盘
1997,13:13:45,8.58,0.01,48,41184,买盘
1998,13:13:42,8.57,0.01,191,163687,买盘
1999,13:13:39,8.56,-0.01,42,35952,卖盘
2000,13:13:36,8.57,0.01,85,72845,买盘
2001,13:13:33,8.56,-0.02,116,99296,卖盘
2002,13:13:30,8.58,0.01,67,57486,买盘
2003,13:13:27,8.57,0.01,232,198824,中性盘
2004,13:13:24,8.56,-0.02,462,395472,卖盘
2005,13:13:21,8.58,0.01,3026,2596308,买盘
2006,13:13:18,8.57,--,2,1714,卖盘
2007,13:13:15,8.57,--,49,41993,卖盘
2008,13:13:12,8.57,0.01,1034,886669,买盘
2009,13:13:09,8.56,--,284,243104,卖盘
2010,13:13:06,8.56,-0.01,652,558112,卖盘
2011,13:13:03,8.57,0.01,812,695884,买盘
2012,13:13:00,8.56,-0.01,146,124976,卖盘
2013,13:12:57,8.57,0.01,24,20568,买盘
2014,13:12:54,8.56,-0.01,845,723320,卖盘
2015,13:12:51,8.57,--,1679,1438903,买盘
2016,13:12:48,8.57,--,149,127693,买盘
2017,13:12:45,8.57,--,212,181684,买盘
2018,13:12:42,8.57,--,454,389078,买盘
2019,13:12:39,8.57,--,184,157688,买盘
2020,13:12:36,8.57,--,103,88271,买盘
2021,13:12:33,8.57,--,358,306806,买盘
2022,13:12:30,8.57,-0.01,1093,936701,卖盘
2023,13:12:27,8.58,--,59,50622,买盘
2024,13:12:24,8.58,--,40,34320,买盘
2025,13:12:21,8.58,0.01,66,56628,买盘
2026,13:12:18,8.57,--,1102,944414,卖盘
2027,13:12:15,8.57,-0.02,667,571790,卖盘
2028,13:12:12,8.59,0.01,325,279175,买盘
2029,13:12:09,8.58,--,609,523208,卖盘
2030,13:12:06,8.58,--,774,664092,卖盘
2031,13:12:03,8.58,-0.01,64,54912,卖盘
2032,13:12:00,8.59,--,413,354767,买盘
2033,13:11:57,8.59,0.01,1663,1428517,买盘
2034,13:11:54,8.58,-0.01,951,815958,卖盘
2035,13:11:51,8.59,-0.01,711,610749,卖盘
2036,13:11:48,8.6,--,348,299280,买盘
2037,13:11:45,8.6,-0.01,1738,1494852,卖盘
2038,13:11:42,8.61,0.01,10089,8686629,买盘
2039,13:11:39,8.6,--,443,380980,卖盘
2040,13:11:36,8.6,-0.01,63,54180,卖盘
2041,13:11:33,8.61,--,64,55104,买盘
2042,13:11:30,8.61,--,31,26691,买盘
2043,13:11:27,8.61,0.01,26,22386,买盘
2044,13:11:24,8.6,-0.01,23,19780,卖盘
2045,13:11:21,8.61,--,279,240218,买盘
2046,13:11:18,8.61,--,924,795564,买盘
2047,13:11:15,8.61,0.01,385,331485,买盘
2048,13:11:12,8.6,-0.01,3301,2838860,卖盘
2049,13:11:09,8.61,0.01,94,80934,买盘
2050,13:11:06,8.6,--,109,93740,卖盘
2051,13:11:03,8.6,-0.01,60,51600,卖盘
2052,13:11:00,8.61,--,50,43050,买盘
2053,13:10:57,8.61,0.01,8,6888,买盘
2054,13:10:54,8.6,-0.01,31,26660,卖盘
2055,13:10:51,8.61,--,42,36162,买盘
2056,13:10:48,8.61,--,36,30995,买盘
2057,13:10:45,8.61,0.01,17,14636,买盘
2058,13:10:42,8.6,-0.01,47,40420,卖盘
2059,13:10:39,8.61,0.01,358,308238,买盘
2060,13:10:36,8.6,-0.01,3073,2642780,卖盘
2061,13:10:33,8.61,--,17,14636,买盘
2062,13:10:30,8.61,--,85,73185,买盘
2063,13:10:27,8.61,0.01,53,45633,买盘
2064,13:10:24,8.6,-0.01,318,273480,卖盘
2065,13:10:21,8.61,0.01,7,6027,买盘
2066,13:10:18,8.6,-0.01,61,52460,卖盘
2067,13:10:15,8.61,0.01,115,99015,买盘
2068,13:10:12,8.6,-0.01,437,375820,卖盘
2069,13:10:09,8.61,--,241,207501,买盘
2070,13:10:06,8.61,--,61,52521,买盘
2071,13:10:03,8.61,--,166,142926,买盘
2072,13:10:00,8.61,--,19,16358,买盘
2073,13:09:57,8.61,--,8,6888,买盘
2074,13:09:54,8.61,--,141,121400,买盘
2075,13:09:51,8.61,--,51,43911,买盘
2076,13:09:48,8.61,--,66,56825,买盘
2077,13:09:45,8.61,--,170,146370,买盘
2078,13:09:42,8.61,--,902,776622,买盘
2079,13:09:39,8.61,--,82,70602,买盘
2080,13:09:36,8.61,--,153,131733,买盘
2081,13:09:33,8.61,--,43,37023,买盘
2082,13:09:30,8.61,--,260,223859,买盘
2083,13:09:27,8.61,--,134,115373,买盘
2084,13:09:24,8.61,-0.01,581,500240,卖盘
2085,13:09:21,8.62,--,8,6895,买盘
2086,13:09:18,8.62,0.01,29,24997,买盘
2087,13:09:15,8.61,--,47,40467,卖盘
2088,13:09:12,8.61,-0.01,1,861,卖盘
2089,13:09:09,8.62,--,16,13791,买盘
2090,13:09:06,8.62,0.01,51,43961,买盘
2091,13:09:03,8.61,0.01,638,549318,买盘
2092,13:09:00,8.6,-0.01,613,527180,卖盘
2093,13:08:57,8.61,--,65,55964,买盘
2094,13:08:54,8.61,0.01,10,8610,买盘
2095,13:08:51,8.6,-0.01,74,63640,卖盘
2096,13:08:48,8.61,--,225,193725,买盘
2097,13:08:45,8.61,--,153,131733,买盘
2098,13:08:42,8.61,0.01,160,137760,买盘
2099,13:08:39,8.6,-0.01,70,60200,卖盘
2100,13:08:36,8.61,0.01,146,125705,买盘
2101,13:08:33,8.6,-0.01,842,724120,卖盘
2102,13:08:30,8.61,--,8,6888,买盘
2103,13:08:27,8.61,--,48,41328,买盘
2104,13:08:24,8.61,--,249,214389,买盘
2105,13:08:21,8.61,--,4,3444,买盘
2106,13:08:18,8.61,--,60,51660,买盘
2107,13:08:15,8.61,--,34,29273,买盘
2108,13:08:12,8.61,--,24,20664,买盘
2109,13:08:09,8.61,--,62,53382,买盘
2110,13:08:06,8.61,--,247,212667,买盘
2111,13:08:03,8.61,--,71,61130,买盘
2112,13:08:00,8.61,--,66,56825,买盘
2113,13:07:57,8.61,--,1,861,买盘
2114,13:07:54,8.61,--,117,100737,买盘
2115,13:07:51,8.61,--,69,59408,买盘
2116,13:07:48,8.61,--,13,11193,买盘
2117,13:07:45,8.61,--,38,32717,买盘
2118,13:07:42,8.61,--,79,68019,买盘
2119,13:07:39,8.61,--,158,136038,卖盘
2120,13:07:36,8.61,-0.01,17,14636,卖盘
2121,13:07:33,8.62,0.01,113,97405,买盘
2122,13:07:30,8.61,0.01,135,116234,买盘
2123,13:07:27,8.6,-0.01,95,81700,卖盘
2124,13:07:24,8.61,-0.01,431,371091,卖盘
2125,13:07:21,8.62,0.01,481,414621,买盘
2126,13:07:18,8.61,--,2099,1807238,卖盘
2127,13:07:15,8.61,-0.01,311,267771,卖盘
2128,13:07:12,8.62,--,2143,1847265,买盘
2129,13:07:09,8.62,--,145,124989,买盘
2130,13:07:06,8.62,--,20,17240,买盘
2131,13:07:03,8.62,--,10,8620,买盘
2132,13:07:00,8.62,--,14,12067,买盘
2133,13:06:57,8.62,--,199,171537,买盘
2134,13:06:54,8.62,0.01,224,193087,买盘
2135,13:06:51,8.61,-0.01,75,64574,卖盘
2136,13:06:48,8.62,--,95,81889,买盘
2137,13:06:45,8.62,--,34,29307,买盘
2138,13:06:42,8.62,0.01,42,36204,买盘
2139,13:06:39,8.61,-0.01,55,47355,卖盘
2140,13:06:36,8.62,--,21,18102,买盘
2141,13:06:33,8.62,--,3,2585,买盘
2142,13:06:30,8.62,--,5,4310,买盘
2143,13:06:27,8.62,--,120,103439,买盘
2144,13:06:24,8.62,--,57,49133,买盘
2145,13:06:21,8.62,0.01,505,435309,买盘
2146,13:06:18,8.61,--,79,68019,卖盘
2147,13:06:15,8.61,--,340,292740,卖盘
2148,13:06:12,8.61,--,34,29273,卖盘
2149,13:06:09,8.61,--,74,63713,卖盘
2150,13:06:06,8.61,--,63,54243,卖盘
2151,13:06:03,8.61,-0.01,51,43911,卖盘
2152,13:06:00,8.62,0.01,46,39652,买盘
2153,13:05:57,8.61,-0.01,488,420168,卖盘
2154,13:05:54,8.62,0.01,1,861,买盘
2155,13:05:51,8.61,--,106,91266,卖盘
2156,13:05:48,8.61,-0.01,38,32717,卖盘
2157,13:05:45,8.62,--,30,25859,买盘
2158,13:05:42,8.62,--,5,4310,买盘
2159,13:05:39,8.62,--,65,56029,买盘
2160,13:05:36,8.62,-0.01,316,272392,卖盘
2161,13:05:33,8.63,--,62,53506,买盘
2162,13:05:30,8.63,0.01,78,67314,买盘
2163,13:05:27,8.62,--,423,364625,卖盘
2164,13:05:24,8.62,-0.01,1018,877515,卖盘
2165,13:05:21,8.63,--,4,3452,买盘
2166,13:05:18,8.63,--,8,6904,买盘
2167,13:05:15,8.63,--,5,4315,买盘
2168,13:05:12,8.63,--,4,3452,买盘
2169,13:05:09,8.63,--,15,12945,买盘
2170,13:05:06,8.63,--,35,30205,买盘
2171,13:05:03,8.63,--,8,6904,买盘
2172,13:05:00,8.63,--,33,28479,买盘
2173,13:04:57,8.63,0.01,3,2589,买盘
2174,13:04:54,8.62,-0.01,25,21549,卖盘
2175,13:04:51,8.63,--,10,8630,买盘
2176,13:04:48,8.63,--,61,52643,买盘
2177,13:04:45,8.63,--,27,23301,买盘
2178,13:04:42,8.63,--,23,19849,买盘
2179,13:04:39,8.63,--,21,18123,买盘
2180,13:04:36,8.63,--,63,54369,买盘
2181,13:04:33,8.63,--,37,31931,买盘
2182,13:04:30,8.63,--,54,46602,买盘
2183,13:04:27,8.63,--,126,108738,买盘
2184,13:04:24,8.63,--,412,355556,买盘
2185,13:04:21,8.63,--,21,18123,买盘
2186,13:04:18,8.63,--,201,173463,买盘
2187,13:04:15,8.63,--,42,36246,买盘
2188,13:04:12,8.63,--,5,4315,买盘
2189,13:04:06,8.63,--,24,20712,买盘
2190,13:04:03,8.63,--,19,16397,买盘
2191,13:04:00,8.63,--,30,25890,买盘
2192,13:03:57,8.63,--,63,54369,买盘
2193,13:03:54,8.63,0.01,14,12082,买盘
2194,13:03:51,8.62,-0.01,183,157746,卖盘
2195,13:03:48,8.63,--,14,12082,买盘
2196,13:03:45,8.63,--,32,27616,买盘
2197,13:03:42,8.63,--,180,155340,买盘
2198,13:03:39,8.63,0.01,2,1726,买盘
2199,13:03:36,8.62,-0.01,113,97405,卖盘
2200,13:03:33,8.63,--,41,35383,买盘
2201,13:03:30,8.63,--,14,12082,买盘
2202,13:03:27,8.63,--,38,32794,买盘
2203,13:03:24,8.63,--,291,251133,买盘
2204,13:03:21,8.63,--,61,52643,卖盘
2205,13:03:18,8.63,-0.02,25,21575,卖盘
2206,13:03:15,8.65,--,44,38060,买盘
2207,13:03:12,8.65,0.03,2,1730,买盘
2208,13:03:06,8.62,-0.01,24,20687,卖盘
2209,13:03:03,8.63,--,2338,2017694,买盘
2210,13:03:00,8.63,--,206,177778,买盘
2211,13:02:57,8.63,--,4,3452,买盘
2212,13:02:54,8.63,0.01,105,90615,买盘
2213,13:02:51,8.62,--,18,15515,卖盘
2214,13:02:48,8.62,--,1,861,卖盘
2215,13:02:45,8.62,-0.01,18,15515,卖盘
2216,13:02:42,8.63,0.01,21,18123,买盘
2217,13:02:39,8.62,--,11,9482,卖盘
2218,13:02:36,8.62,-0.01,157,135334,卖盘
2219,13:02:33,8.63,--,63,54369,买盘
2220,13:02:30,8.63,--,7,6041,买盘
2221,13:02:27,8.63,--,191,164833,买盘
2222,13:02:24,8.63,--,2,1726,买盘
2223,13:02:21,8.63,--,102,88026,买盘
2224,13:02:18,8.63,0.01,5,4315,买盘
2225,13:02:15,8.62,--,7,6033,卖盘
2226,13:02:12,8.62,-0.01,58,49995,卖盘
2227,13:02:09,8.63,--,266,229558,买盘
2228,13:02:06,8.63,--,47,40561,买盘
2229,13:02:03,8.63,--,30,25890,买盘
2230,13:02:00,8.63,--,23,19849,买盘
2231,13:01:54,8.63,-0.01,371,320173,卖盘
2232,13:01:48,8.64,0.01,2,1728,买盘
2233,13:01:42,8.63,--,54,46602,卖盘
2234,13:01:39,8.63,0.01,215,185545,买盘
2235,13:01:36,8.62,--,6,5171,卖盘
2236,13:01:33,8.62,0.01,273,235325,买盘
2237,13:01:30,8.61,-0.01,16,13776,卖盘
2238,13:01:27,8.62,--,183,157746,买盘
2239,13:01:24,8.62,0.01,36,31031,买盘
2240,13:01:21,8.61,--,25,21525,卖盘
2241,13:01:18,8.61,-0.01,410,353010,卖盘
2242,13:01:15,8.62,--,168,144816,买盘
2243,13:01:12,8.62,0.01,129,111197,买盘
2244,13:01:09,8.61,-0.01,111,95571,卖盘
2245,13:01:06,8.62,--,58,49995,买盘
2246,13:01:03,8.62,--,97,83613,买盘
2247,13:01:00,8.62,--,126,108611,买盘
2248,13:00:57,8.62,--,63,54305,买盘
2249,13:00:54,8.62,--,43,37066,买盘
2250,13:00:51,8.62,--,37,31893,买盘
2251,13:00:48,8.62,--,10,8620,买盘
2252,13:00:45,8.62,--,122,105163,买盘
2253,13:00:42,8.62,0.01,3,2585,买盘
2254,13:00:39,8.61,--,146,125705,卖盘
2255,13:00:36,8.61,-0.01,14,12054,卖盘
2256,13:00:33,8.62,--,16,13791,买盘
2257,13:00:30,8.62,0.01,11,9482,买盘
2258,13:00:27,8.61,--,8,6888,卖盘
2259,13:00:24,8.61,-0.01,6,5166,卖盘
2260,13:00:21,8.62,--,21,18102,买盘
2261,13:00:18,8.62,--,10,8620,买盘
2262,13:00:15,8.62,--,325,280150,卖盘
2263,13:00:12,8.62,0.01,976,841311,买盘
2264,13:00:09,8.61,-0.01,650,559650,卖盘
2265,13:00:06,8.62,--,1922,1656763,卖盘
2266,13:00:03,8.62,--,5111,4405682,买盘
2267,13:00:00,8.62,--,0,0,买盘
2268,11:30:00,8.62,--,29,24997,买盘
2269,11:29:57,8.62,-0.01,104,89647,卖盘
2270,11:29:54,8.63,0.01,9,7767,买盘
2271,11:29:51,8.62,--,286,246531,卖盘
2272,11:29:48,8.62,-0.01,210,181019,卖盘
2273,11:29:45,8.63,0.01,46,39698,买盘
2274,11:29:42,8.62,--,130,112059,卖盘
2275,11:29:39,8.62,-0.01,15,12929,卖盘
2276,11:29:36,8.63,--,11,9493,买盘
2277,11:29:33,8.63,--,21,18123,买盘
2278,11:29:30,8.63,-0.01,31,26753,买盘
2279,11:29:27,8.64,0.02,1,864,买盘
2280,11:29:24,8.62,--,813,700805,卖盘
2281,11:29:21,8.62,0.01,263,226705,买盘
2282,11:29:18,8.61,-0.01,117,100737,卖盘
2283,11:29:15,8.62,0.01,53,45685,买盘
2284,11:29:12,8.61,--,63,54243,卖盘
2285,11:29:09,8.61,-0.01,45,38745,卖盘
2286,11:29:06,8.62,0.01,59,50857,买盘
2287,11:29:03,8.61,-0.01,83,71463,卖盘
2288,11:29:00,8.62,--,34,29307,买盘
2289,11:28:57,8.62,--,210,181019,买盘
2290,11:28:54,8.62,0.01,96,82751,买盘
2291,11:28:51,8.61,--,69,59408,卖盘
2292,11:28:48,8.61,-0.01,1805,1554105,卖盘
2293,11:28:45,8.62,-0.02,10,8620,卖盘
2294,11:28:42,8.64,--,25,21600,买盘
2295,11:28:39,8.64,--,27,23328,买盘
2296,11:28:36,8.64,0.02,10,8640,买盘
2297,11:28:33,8.62,--,108,93095,卖盘
2298,11:28:30,8.62,--,37,31893,卖盘
2299,11:28:27,8.62,--,32,27583,卖盘
2300,11:28:24,8.62,--,85,73270,卖盘
2301,11:28:21,8.62,--,47,40513,买盘
2302,11:28:18,8.62,--,407,350833,卖盘
2303,11:28:15,8.62,--,158,136196,卖盘
2304,11:28:12,8.62,-0.01,10,8620,卖盘
2305,11:28:09,8.63,--,73,62999,买盘
2306,11:28:06,8.63,0.01,48,41424,买盘
2307,11:28:03,8.62,-0.01,58,49995,卖盘
2308,11:28:00,8.63,-0.01,78,67314,中性盘
2309,11:27:57,8.64,0.02,43,37152,买盘
2310,11:27:54,8.62,-0.01,16,13791,卖盘
2311,11:27:51,8.63,0.01,20,17260,中性盘
2312,11:27:45,8.62,0.01,16,13791,中性盘
2313,11:27:42,8.61,-0.03,1308,1126188,卖盘
2314,11:27:39,8.64,0.02,176,152064,买盘
2315,11:27:36,8.62,-0.01,73,62925,卖盘
2316,11:27:33,8.63,--,1,863,买盘
2317,11:27:30,8.63,0.01,44,37972,买盘
2318,11:27:27,8.62,-0.01,71,61201,卖盘
2319,11:27:24,8.63,0.01,22,18986,买盘
2320,11:27:21,8.62,--,6,5171,卖盘
2321,11:27:18,8.62,-0.01,57,49133,卖盘
2322,11:27:15,8.63,--,15,12945,买盘
2323,11:27:12,8.63,--,14,12082,买盘
2324,11:27:09,8.63,-0.01,285,245955,卖盘
2325,11:27:06,8.64,--,49,42336,买盘
2326,11:27:03,8.64,--,76,65664,买盘
2327,11:27:00,8.64,0.01,35,30240,买盘
2328,11:26:57,8.63,--,72,62136,卖盘
2329,11:26:54,8.63,--,134,115642,卖盘
2330,11:26:51,8.63,0.01,311,268393,买盘
2331,11:26:48,8.62,-0.01,587,505993,卖盘
2332,11:26:45,8.63,--,51,44013,买盘
2333,11:26:42,8.63,--,18,15534,买盘
2334,11:26:39,8.63,0.01,116,100108,买盘
2335,11:26:33,8.62,-0.01,106,91371,卖盘
2336,11:26:30,8.63,0.01,43,37109,买盘
2337,11:26:27,8.62,--,187,161193,卖盘
2338,11:26:24,8.62,-0.01,44,37928,卖盘
2339,11:26:21,8.63,0.01,384,331392,买盘
2340,11:26:18,8.62,-0.01,16,13791,卖盘
2341,11:26:15,8.63,0.01,86,74218,买盘
2342,11:26:12,8.62,--,653,562886,卖盘
2343,11:26:09,8.62,--,71,61201,卖盘
2344,11:26:06,8.62,--,110,94819,卖盘
2345,11:26:03,8.62,-0.01,199,171537,卖盘
2346,11:26:00,8.63,0.01,19,16397,买盘
2347,11:25:57,8.62,--,70,60339,卖盘
2348,11:25:54,8.62,--,125,107749,卖盘
2349,11:25:51,8.62,--,42,36204,卖盘
2350,11:25:48,8.62,--,214,184467,买盘
2351,11:25:45,8.62,--,429,369797,买盘
2352,11:25:42,8.62,--,71,61201,买盘
2353,11:25:39,8.62,--,111,95681,买盘
2354,11:25:36,8.62,0.01,146,125851,买盘
2355,11:25:33,8.61,-0.01,605,520904,卖盘
2356,11:25:30,8.62,--,460,396519,买盘
2357,11:25:27,8.62,--,17,14653,买盘
2358,11:25:24,8.62,0.01,31,26721,买盘
2359,11:25:21,8.61,-0.01,47,40467,卖盘
2360,11:25:18,8.62,--,217,187053,买盘
2361,11:25:15,8.62,0.01,245,211189,买盘
2362,11:25:12,8.61,-0.01,234,201474,卖盘
2363,11:25:09,8.62,0.01,34,29307,买盘
2364,11:25:06,8.61,--,187,161007,卖盘
2365,11:25:03,8.61,--,311,267771,卖盘
2366,11:25:00,8.61,--,213,183393,卖盘
2367,11:24:57,8.61,-0.01,521,448580,卖盘
2368,11:24:54,8.62,--,227,195673,买盘
2369,11:24:51,8.62,0.01,65,56029,买盘
2370,11:24:48,8.61,--,93,80073,卖盘
2371,11:24:45,8.61,-0.01,55,47355,卖盘
2372,11:24:42,8.62,--,64,55167,买盘
2373,11:24:39,8.62,0.01,130,112059,买盘
2374,11:24:36,8.61,-0.01,2416,2080175,卖盘
2375,11:24:33,8.62,0.01,44,37928,买盘
2376,11:24:30,8.61,--,369,317709,卖盘
2377,11:24:27,8.61,-0.01,91,78351,卖盘
2378,11:24:24,8.62,0.01,97,83613,买盘
2379,11:24:21,8.61,--,176,151536,卖盘
2380,11:24:18,8.61,--,86,74046,卖盘
2381,11:24:15,8.61,--,31,26691,卖盘
2382,11:24:12,8.61,--,63,54243,卖盘
2383,11:24:09,8.61,--,770,662970,卖盘
2384,11:24:06,8.61,--,1398,1203678,买盘
2385,11:24:03,8.61,0.01,66,56825,买盘
2386,11:24:00,8.6,-0.01,56,48160,卖盘
2387,11:23:57,8.61,--,15,12915,买盘
2388,11:23:54,8.61,--,115,99015,买盘
2389,11:23:51,8.61,0.01,104,89544,买盘
2390,11:23:48,8.6,-0.02,244,209840,卖盘
2391,11:23:45,8.62,0.01,1129,973197,买盘
2392,11:23:42,8.61,--,1395,1201095,买盘
2393,11:23:39,8.61,--,356,306516,买盘
2394,11:23:36,8.61,--,344,296184,卖盘
2395,11:23:33,8.61,--,50,43050,卖盘
2396,11:23:30,8.61,--,158,136038,卖盘
2397,11:23:27,8.61,--,3138,2701818,卖盘
2398,11:23:24,8.61,--,145,124844,卖盘
2399,11:23:21,8.61,--,116,99876,卖盘
2400,11:23:18,8.61,-0.01,307,264327,卖盘
2401,11:23:15,8.62,0.01,547,471513,买盘
2402,11:23:12,8.61,--,389,334929,卖盘
2403,11:23:09,8.61,-0.01,26,22386,卖盘
2404,11:23:06,8.62,0.01,98,84475,买盘
2405,11:23:03,8.61,-0.01,94,80934,卖盘
2406,11:23:00,8.62,0.01,2160,1861919,买盘
2407,11:22:57,8.61,-0.01,31,26691,卖盘
2408,11:22:54,8.62,0.01,53,45685,买盘
2409,11:22:51,8.61,-0.01,9,7748,中性盘
2410,11:22:48,8.62,--,97,83613,买盘
2411,11:22:42,8.62,0.01,4659,4016816,买盘
2412,11:22:39,8.61,--,61,52521,卖盘
2413,11:22:36,8.61,-0.01,68,58547,卖盘
2414,11:22:33,8.62,-0.01,39,33618,卖盘
2415,11:22:30,8.63,0.02,46,39698,买盘
2416,11:22:27,8.61,-0.02,4620,3977819,卖盘
2417,11:22:24,8.63,--,292,251996,买盘
2418,11:22:21,8.63,0.01,476,410788,买盘
2419,11:22:18,8.62,-0.01,166,143092,卖盘
2420,11:22:15,8.63,0.01,310,267530,买盘
2421,11:22:12,8.62,-0.01,268,231015,卖盘
2422,11:22:09,8.63,0.01,776,669688,买盘
2423,11:22:06,8.62,--,553,476685,卖盘
2424,11:22:03,8.62,-0.01,448,386175,卖盘
2425,11:22:00,8.63,0.01,25,21575,买盘
2426,11:21:57,8.62,--,547,471513,卖盘
2427,11:21:54,8.62,-0.01,291,250841,卖盘
2428,11:21:51,8.63,--,283,244229,买盘
2429,11:21:48,8.63,--,35,30205,买盘
2430,11:21:45,8.63,--,312,269256,买盘
2431,11:21:42,8.63,--,623,537649,买盘
2432,11:21:39,8.63,--,83,71629,买盘
2433,11:21:36,8.63,--,47,40561,买盘
2434,11:21:33,8.63,-0.01,2055,1773465,卖盘
2435,11:21:30,8.64,--,76,65664,买盘
2436,11:21:27,8.64,--,71,61344,买盘
2437,11:21:24,8.64,0.01,216,186624,买盘
2438,11:21:21,8.63,--,32,27616,卖盘
2439,11:21:18,8.63,--,11,9493,卖盘
2440,11:21:15,8.63,--,60,51780,卖盘
2441,11:21:12,8.63,-0.01,258,222654,卖盘
2442,11:21:09,8.64,--,16,13824,买盘
2443,11:21:06,8.64,0.01,129,111456,买盘
2444,11:21:03,8.63,--,57,49191,卖盘
2445,11:21:00,8.63,-0.01,49,42287,卖盘
2446,11:20:57,8.64,0.01,28,24192,买盘
2447,11:20:54,8.63,-0.01,382,329666,卖盘
2448,11:20:51,8.64,--,408,352512,买盘
2449,11:20:48,8.64,0.01,336,290304,买盘
2450,11:20:45,8.63,--,14,12082,卖盘
2451,11:20:42,8.63,-0.01,108,93204,卖盘
2452,11:20:39,8.64,--,12,10368,买盘
2453,11:20:36,8.64,0.01,154,133056,买盘
2454,11:20:33,8.63,--,85,73355,卖盘
2455,11:20:30,8.63,--,82,70766,卖盘
2456,11:20:27,8.63,--,151,130313,卖盘
2457,11:20:24,8.63,--,72,62136,卖盘
2458,11:20:21,8.63,--,670,578210,卖盘
2459,11:20:18,8.63,-0.01,175,151025,卖盘
2460,11:20:15,8.64,0.01,13,11232,买盘
2461,11:20:12,8.63,--,84,72492,卖盘
2462,11:20:09,8.63,--,25,21575,卖盘
2463,11:20:06,8.63,-0.01,17,14671,卖盘
2464,11:20:03,8.64,0.01,76,65664,买盘
2465,11:20:00,8.63,-0.01,113,97519,卖盘
2466,11:19:57,8.64,--,12,10368,买盘
2467,11:19:54,8.64,--,71,61344,买盘
2468,11:19:51,8.64,--,29,25056,买盘
2469,11:19:48,8.64,0.01,112,96768,买盘
2470,11:19:45,8.63,-0.01,70,60410,卖盘
2471,11:19:42,8.64,--,105,90720,买盘
2472,11:19:39,8.64,0.01,181,156384,买盘
2473,11:19:36,8.63,--,2,1726,卖盘
2474,11:19:33,8.63,-0.01,66,56958,卖盘
2475,11:19:30,8.64,0.01,30,25920,买盘
2476,11:19:27,8.63,--,18,15534,卖盘
2477,11:19:24,8.63,-0.01,63,54369,卖盘
2478,11:19:21,8.64,--,177,152928,买盘
2479,11:19:18,8.64,--,121,104544,买盘
2480,11:19:15,8.64,--,191,165542,卖盘
2481,11:19:12,8.64,--,224,193536,卖盘
2482,11:19:09,8.64,-0.01,189,163296,卖盘
2483,11:19:06,8.65,0.01,14,12110,买盘
2484,11:19:03,8.64,--,73,63072,卖盘
2485,11:19:00,8.64,-0.01,33,28512,卖盘
2486,11:18:57,8.65,0.01,51,44115,买盘
2487,11:18:54,8.64,-0.01,75,64800,卖盘
2488,11:18:51,8.65,--,287,248255,买盘
2489,11:18:48,8.65,--,28,24220,买盘
2490,11:18:45,8.65,--,205,177325,买盘
2491,11:18:42,8.65,0.01,15,12975,买盘
2492,11:18:39,8.64,-0.01,38,32832,卖盘
2493,11:18:36,8.65,0.01,19,16435,买盘
2494,11:18:33,8.64,-0.01,14,12096,卖盘
2495,11:18:30,8.65,0.01,3,2595,买盘
2496,11:18:27,8.64,-0.01,31,26784,卖盘
2497,11:18:24,8.65,0.01,67,57955,买盘
2498,11:18:21,8.64,-0.01,11,9504,卖盘
2499,11:18:18,8.65,--,28,24220,买盘
2500,11:18:15,8.65,--,11,9515,买盘
2501,11:18:12,8.65,0.01,571,493915,买盘
2502,11:18:09,8.64,-0.01,40,34560,卖盘
2503,11:18:06,8.65,--,37,32005,买盘
2504,11:18:03,8.65,0.01,28,24220,买盘
2505,11:18:00,8.64,-0.01,58,50112,卖盘
2506,11:17:57,8.65,--,2,1730,买盘
2507,11:17:54,8.65,--,24,20760,买盘
2508,11:17:51,8.65,0.01,28,24220,买盘
2509,11:17:48,8.64,-0.01,139,120441,卖盘
2510,11:17:45,8.65,--,252,217980,买盘
2511,11:17:39,8.65,--,58,50170,买盘
2512,11:17:36,8.65,--,56,48440,买盘
2513,11:17:33,8.65,--,29,25085,买盘
2514,11:17:30,8.65,--,80,69200,买盘
2515,11:17:27,8.65,--,15,12975,买盘
2516,11:17:24,8.65,--,15,12975,买盘
2517,11:17:21,8.65,--,440,380600,卖盘
2518,11:17:18,8.65,--,84,72660,卖盘
2519,11:17:15,8.65,--,78,67470,卖盘
2520,11:17:12,8.65,--,191,165215,卖盘
2521,11:17:09,8.65,--,47,40655,买盘
2522,11:17:06,8.65,--,15,12975,卖盘
2523,11:17:03,8.65,0.01,23,19895,买盘
2524,11:17:00,8.64,-0.01,17,14688,卖盘
2525,11:16:57,8.65,--,11,9515,买盘
2526,11:16:54,8.65,--,420,363300,卖盘
2527,11:16:51,8.65,-0.01,36,31140,卖盘
2528,11:16:48,8.66,--,80,69280,买盘
2529,11:16:45,8.66,0.01,106,91796,买盘
2530,11:16:42,8.65,-0.01,10,8650,卖盘
2531,11:16:39,8.66,--,163,141158,买盘
2532,11:16:36,8.66,0.01,120,103920,买盘
2533,11:16:33,8.65,--,155,134075,卖盘
2534,11:16:30,8.65,--,254,219710,卖盘
2535,11:16:27,8.65,-0.01,36,31140,卖盘
2536,11:16:24,8.66,0.01,43,37238,买盘
2537,11:16:21,8.65,0.01,21,18165,中性盘
2538,11:16:18,8.64,-0.02,123,106272,卖盘
2539,11:16:15,8.66,--,102,88332,买盘
2540,11:16:12,8.66,0.01,233,201778,买盘
2541,11:16:09,8.65,-0.01,8,6920,卖盘
2542,11:16:06,8.66,--,222,192252,买盘
2543,11:16:03,8.66,--,42,36372,买盘
2544,11:15:57,8.66,0.01,1684,1458344,买盘
2545,11:15:54,8.65,--,72,62280,卖盘
2546,11:15:51,8.65,--,3,2595,卖盘
2547,11:15:48,8.65,--,2195,1898675,买盘
2548,11:15:45,8.65,--,3,2595,买盘
2549,11:15:42,8.65,0.01,370,320050,买盘
2550,11:15:39,8.64,--,35,30240,卖盘
2551,11:15:36,8.64,--,121,104544,卖盘
2552,11:15:33,8.64,--,16,13824,卖盘
2553,11:15:30,8.64,--,29,25056,卖盘
2554,11:15:27,8.64,--,26,22464,卖盘
2555,11:15:24,8.64,0.01,524,452736,买盘
2556,11:15:21,8.63,--,196,169148,卖盘
2557,11:15:18,8.63,-0.01,10,8630,卖盘
2558,11:15:15,8.64,0.01,120,103680,买盘
2559,11:15:12,8.63,-0.01,172,148436,卖盘
2560,11:15:09,8.64,--,88,76032,买盘
2561,11:15:06,8.64,--,42,36288,买盘
2562,11:15:03,8.64,0.01,59,50976,买盘
2563,11:15:00,8.63,--,80,69040,卖盘
2564,11:14:57,8.63,--,52,44876,卖盘
2565,11:14:54,8.63,-0.01,38,32794,卖盘
2566,11:14:51,8.64,--,38,32832,买盘
2567,11:14:48,8.64,-0.01,7,6048,卖盘
2568,11:14:45,8.65,0.01,200,173000,买盘
2569,11:14:42,8.64,--,529,457056,卖盘
2570,11:14:39,8.64,--,168,145152,买盘
2571,11:14:36,8.64,--,48,41472,买盘
2572,11:14:33,8.64,--,13,11232,卖盘
2573,11:14:30,8.64,--,35,30240,卖盘
2574,11:14:27,8.64,--,269,232416,卖盘
2575,11:14:24,8.64,0.01,2714,2344896,买盘
2576,11:14:21,8.63,--,31,26753,卖盘
2577,11:14:18,8.63,-0.01,92,79396,卖盘
2578,11:14:15,8.64,--,104,89856,买盘
2579,11:14:12,8.64,--,270,233280,买盘
2580,11:14:09,8.64,0.01,404,349056,买盘
2581,11:14:06,8.63,--,175,151025,卖盘
2582,11:14:03,8.63,--,107,92341,卖盘
2583,11:14:00,8.63,-0.01,109,94067,卖盘
2584,11:13:57,8.64,0.01,67,57888,买盘
2585,11:13:54,8.63,-0.01,319,275297,卖盘
2586,11:13:51,8.64,0.01,83,71712,买盘
2587,11:13:48,8.63,-0.01,135,116505,卖盘
2588,11:13:45,8.64,0.01,729,629856,买盘
2589,11:13:42,8.63,--,245,211435,卖盘
2590,11:13:39,8.63,-0.01,55,47465,卖盘
2591,11:13:36,8.64,0.01,375,324000,买盘
2592,11:13:33,8.63,-0.02,20,17260,卖盘
2593,11:13:30,8.65,0.01,883,763795,买盘
2594,11:13:27,8.64,--,395,341280,卖盘
2595,11:13:24,8.64,--,1286,1111104,卖盘
2596,11:13:21,8.64,-0.01,1916,1655424,卖盘
2597,11:13:18,8.65,--,193,166945,买盘
2598,11:13:15,8.65,0.01,231,199815,买盘
2599,11:13:12,8.64,--,731,631584,卖盘
2600,11:13:09,8.64,--,329,284256,卖盘
2601,11:13:06,8.64,--,10,8640,卖盘
2602,11:13:03,8.64,--,77,66528,卖盘
2603,11:13:00,8.64,--,17,14688,卖盘
2604,11:12:57,8.64,-0.01,203,175392,卖盘
2605,11:12:54,8.65,--,26,22490,买盘
2606,11:12:51,8.65,--,14,12110,买盘
2607,11:12:48,8.65,-0.01,514,444956,卖盘
2608,11:12:45,8.66,0.01,105,90930,买盘
2609,11:12:42,8.65,--,457,395305,卖盘
2610,11:12:39,8.65,-0.01,69,59685,卖盘
2611,11:12:36,8.66,--,1491,1291206,买盘
2612,11:12:33,8.66,--,90,77940,买盘
2613,11:12:30,8.66,0.01,105,90930,买盘
2614,11:12:27,8.65,--,782,676430,卖盘
2615,11:12:24,8.65,--,43,37195,卖盘
2616,11:12:21,8.65,-0.01,152,131480,卖盘
2617,11:12:18,8.66,0.01,51,44166,买盘
2618,11:12:15,8.65,-0.01,479,414335,卖盘
2619,11:12:12,8.66,--,149,129034,买盘
2620,11:12:09,8.66,0.01,1,866,买盘
2621,11:12:06,8.65,--,534,461910,卖盘
2622,11:12:03,8.65,--,36,31140,卖盘
2623,11:12:00,8.65,--,167,144455,卖盘
2624,11:11:57,8.65,--,145,125425,卖盘
2625,11:11:54,8.65,-0.01,436,377140,卖盘
2626,11:11:51,8.66,0.01,83,71878,买盘
2627,11:11:48,8.65,--,696,602040,卖盘
2628,11:11:45,8.65,-0.01,30,25950,卖盘
2629,11:11:42,8.66,0.01,152,131632,买盘
2630,11:11:39,8.65,-0.01,60,51900,卖盘
2631,11:11:36,8.66,--,11,9526,买盘
2632,11:11:33,8.66,--,292,252872,买盘
2633,11:11:30,8.66,0.01,21,18186,买盘
2634,11:11:27,8.65,--,34,29410,卖盘
2635,11:11:24,8.65,-0.01,106,91690,卖盘
2636,11:11:21,8.66,--,147,127302,买盘
2637,11:11:18,8.66,--,104,90064,买盘
2638,11:11:15,8.66,--,11,9526,买盘
2639,11:11:12,8.66,--,300,259800,买盘
2640,11:11:09,8.66,--,23,19918,买盘
2641,11:11:06,8.66,0.01,324,280584,买盘
2642,11:11:03,8.65,-0.01,23,19895,卖盘
2643,11:11:00,8.66,0.01,431,373246,买盘
2644,11:10:57,8.65,--,207,179055,卖盘
2645,11:10:54,8.65,-0.01,171,147915,卖盘
2646,11:10:51,8.66,0.01,64,55424,买盘
2647,11:10:48,8.65,-0.01,9,7785,卖盘
2648,11:10:45,8.66,0.01,54,46764,买盘
2649,11:10:42,8.65,-0.01,70,60550,卖盘
2650,11:10:39,8.66,--,103,89198,买盘
2651,11:10:36,8.66,--,96,83136,买盘
2652,11:10:33,8.66,--,26,22516,买盘
2653,11:10:30,8.66,0.01,4,3464,买盘
2654,11:10:27,8.65,-0.01,70,60550,卖盘
2655,11:10:24,8.66,--,22,19052,买盘
2656,11:10:21,8.66,--,270,233820,买盘
2657,11:10:18,8.66,--,10,8660,买盘
2658,11:10:15,8.66,--,42,36372,买盘
2659,11:10:12,8.66,--,41,35506,买盘
2660,11:10:09,8.66,--,10,8660,买盘
2661,11:10:06,8.66,--,24,20784,买盘
2662,11:10:03,8.66,--,76,65816,买盘
2663,11:10:00,8.66,0.01,44,38104,买盘
2664,11:09:57,8.65,-0.01,84,72660,卖盘
2665,11:09:54,8.66,0.01,19,16454,买盘
2666,11:09:51,8.65,-0.01,3,2595,卖盘
2667,11:09:48,8.66,--,72,62352,买盘
2668,11:09:45,8.66,--,35,30310,买盘
2669,11:09:42,8.66,--,201,174066,买盘
2670,11:09:39,8.66,--,7,6062,买盘
2671,11:09:36,8.66,--,105,90930,买盘
2672,11:09:33,8.66,0.01,52,45032,买盘
2673,11:09:30,8.65,-0.01,78,67470,卖盘
2674,11:09:27,8.66,--,149,129034,买盘
2675,11:09:21,8.66,--,52,45032,买盘
2676,11:09:18,8.66,0.01,47,40702,中性盘
2677,11:09:15,8.65,-0.01,198,171270,卖盘
2678,11:09:12,8.66,--,220,190520,买盘
2679,11:09:09,8.66,0.01,23,19918,买盘
2680,11:09:06,8.65,-0.01,16,13840,卖盘
2681,11:09:03,8.66,--,20,17320,买盘
2682,11:09:00,8.66,--,302,261532,卖盘
2683,11:08:57,8.66,-0.01,61,52826,卖盘
2684,11:08:54,8.67,--,4,3468,买盘
2685,11:08:51,8.67,0.01,48,41616,买盘
2686,11:08:45,8.66,-0.01,173,149818,卖盘
2687,11:08:39,8.67,0.01,4,3468,买盘
2688,11:08:36,8.66,--,11,9526,卖盘
2689,11:08:33,8.66,--,5,4330,卖盘
2690,11:08:30,8.66,-0.01,58,50228,卖盘
2691,11:08:27,8.67,--,53,45951,买盘
2692,11:08:24,8.67,--,84,72828,买盘
2693,11:08:21,8.67,0.01,49,42483,买盘
2694,11:08:18,8.66,-0.01,24,20784,卖盘
2695,11:08:15,8.67,0.01,12,10404,买盘
2696,11:08:12,8.66,--,15,12990,卖盘
2697,11:08:09,8.66,--,25,21650,卖盘
2698,11:08:06,8.66,--,31,26846,卖盘
2699,11:08:03,8.66,--,179,155014,卖盘
2700,11:08:00,8.66,-0.01,44,38104,卖盘
2701,11:07:57,8.67,--,21,18207,买盘
2702,11:07:54,8.67,0.01,1602,1388934,买盘
2703,11:07:51,8.66,-0.01,31,26846,卖盘
2704,11:07:48,8.67,0.01,18,15606,买盘
2705,11:07:45,8.66,-0.01,98,84868,卖盘
2706,11:07:42,8.67,0.01,2,1734,买盘
2707,11:07:39,8.66,-0.01,8,6928,卖盘
2708,11:07:36,8.67,--,109,94503,买盘
2709,11:07:33,8.67,--,122,105774,买盘
2710,11:07:30,8.67,0.01,56,48552,买盘
2711,11:07:27,8.66,-0.01,34,29444,卖盘
2712,11:07:24,8.67,--,12,10404,买盘
2713,11:07:21,8.67,0.01,25,21675,买盘
2714,11:07:18,8.66,-0.02,106,91934,卖盘
2715,11:07:15,8.68,0.01,74,64961,买盘
2716,11:07:12,8.67,--,500,433638,卖盘
2717,11:07:09,8.67,--,497,431627,买盘
2718,11:07:06,8.67,--,797,690999,买盘
2719,11:07:03,8.67,--,422,365874,买盘
2720,11:07:00,8.67,0.01,32,27744,买盘
2721,11:06:57,8.66,-0.01,172,148952,卖盘
2722,11:06:54,8.67,--,145,125715,买盘
2723,11:06:51,8.67,--,62,53754,买盘
2724,11:06:45,8.67,--,188,162996,买盘
2725,11:06:42,8.67,--,388,336396,买盘
2726,11:06:39,8.67,--,31,26877,买盘
2727,11:06:36,8.67,--,32,27744,买盘
2728,11:06:33,8.67,0.01,57,49419,买盘
2729,11:06:30,8.66,--,129,111714,卖盘
2730,11:06:27,8.66,--,228,197448,卖盘
2731,11:06:24,8.66,--,23,19918,卖盘
2732,11:06:21,8.66,-0.01,30,25980,卖盘
2733,11:06:18,8.67,--,25,21675,买盘
2734,11:06:15,8.67,--,37,32079,买盘
2735,11:06:12,8.67,--,266,230622,买盘
2736,11:06:06,8.67,0.01,47,40749,买盘
2737,11:06:03,8.66,-0.01,107,92662,卖盘
2738,11:06:00,8.67,--,52,45084,买盘
2739,11:05:57,8.67,--,41,35547,买盘
2740,11:05:54,8.67,--,203,176001,买盘
2741,11:05:51,8.67,--,18,15606,买盘
2742,11:05:48,8.67,--,222,192474,买盘
2743,11:05:45,8.67,0.01,63,54621,买盘
2744,11:05:42,8.66,-0.01,47,40702,卖盘
2745,11:05:39,8.67,0.01,45,39015,买盘
2746,11:05:36,8.66,-0.01,1089,943074,卖盘
2747,11:05:33,8.67,--,110,95370,买盘
2748,11:05:30,8.67,0.01,125,108375,买盘
2749,11:05:27,8.66,-0.01,1087,941342,卖盘
2750,11:05:24,8.67,--,74,64158,买盘
2751,11:05:21,8.67,--,87,75429,买盘
2752,11:05:18,8.67,0.01,577,500259,买盘
2753,11:05:15,8.66,--,528,457248,卖盘
2754,11:05:12,8.66,-0.01,860,744760,卖盘
2755,11:05:09,8.67,--,379,328593,买盘
2756,11:05:06,8.67,0.01,65,56355,买盘
2757,11:05:03,8.66,-0.01,8,6928,卖盘
2758,11:05:00,8.67,--,30,26010,买盘
2759,11:04:57,8.67,--,4,3468,买盘
2760,11:04:54,8.67,--,65,56355,买盘
2761,11:04:51,8.67,--,17,14739,买盘
2762,11:04:48,8.67,--,2,1734,买盘
2763,11:04:45,8.67,--,54,46818,买盘
2764,11:04:42,8.67,--,66,57222,买盘
2765,11:04:39,8.67,--,56,48552,买盘
2766,11:04:36,8.67,--,116,100572,买盘
2767,11:04:33,8.67,--,226,195942,买盘
2768,11:04:30,8.67,--,76,65892,买盘
2769,11:04:27,8.67,0.01,68,58956,买盘
2770,11:04:24,8.66,-0.01,73,63218,卖盘
2771,11:04:21,8.67,--,352,305184,买盘
2772,11:04:18,8.67,--,19,16473,买盘
2773,11:04:15,8.67,--,42,36414,买盘
2774,11:04:12,8.67,0.01,41,35547,买盘
2775,11:04:09,8.66,-0.01,9,7794,卖盘
2776,11:04:06,8.67,0.01,31,26877,买盘
2777,11:04:03,8.66,-0.01,122,105652,卖盘
2778,11:04:00,8.67,0.01,25,21675,买盘
2779,11:03:57,8.66,-0.01,11,9526,卖盘
2780,11:03:54,8.67,--,16,13872,买盘
2781,11:03:51,8.67,--,33,28611,买盘
2782,11:03:48,8.67,-0.01,373,323391,卖盘
2783,11:03:45,8.68,0.01,46,39928,买盘
2784,11:03:42,8.67,-0.01,44,38148,卖盘
2785,11:03:39,8.68,--,1,868,买盘
2786,11:03:36,8.68,--,52,45136,买盘
2787,11:03:33,8.68,--,14,12152,买盘
2788,11:03:30,8.68,--,1216,1055488,买盘
2789,11:03:27,8.68,--,55,47740,买盘
2790,11:03:24,8.68,0.01,48,41664,买盘
2791,11:03:21,8.67,-0.01,35,30345,卖盘
2792,11:03:18,8.68,--,11,9548,买盘
2793,11:03:15,8.68,--,10,8680,买盘
2794,11:03:12,8.68,0.01,127,110236,买盘
2795,11:03:09,8.67,-0.01,408,353736,卖盘
2796,11:03:06,8.68,--,943,818524,买盘
2797,11:03:03,8.68,0.01,60,52080,买盘
2798,11:03:00,8.67,-0.01,129,111843,卖盘
2799,11:02:57,8.68,--,22,19096,买盘
2800,11:02:54,8.68,0.01,621,539028,买盘
2801,11:02:51,8.67,-0.01,11,9537,卖盘
2802,11:02:48,8.68,0.01,27,23436,买盘
2803,11:02:45,8.67,--,9,7803,卖盘
2804,11:02:42,8.67,--,32,27744,卖盘
2805,11:02:39,8.67,--,59,51153,卖盘
2806,11:02:36,8.67,--,24,20808,卖盘
2807,11:02:33,8.67,-0.01,14,12138,卖盘
2808,11:02:30,8.68,--,134,116312,买盘
2809,11:02:27,8.68,--,246,213528,买盘
2810,11:02:24,8.68,--,162,140616,买盘
2811,11:02:21,8.68,0.01,12,10416,买盘
2812,11:02:18,8.67,-0.01,34,29478,卖盘
2813,11:02:15,8.68,0.02,69,59892,买盘
2814,11:02:12,8.66,-0.02,1,866,卖盘
2815,11:02:09,8.68,--,61,52948,买盘
2816,11:02:06,8.68,0.01,843,731724,买盘
2817,11:02:03,8.67,-0.01,9,7803,中性盘
2818,11:02:00,8.68,0.02,42,36456,买盘
2819,11:01:57,8.66,-0.01,34,29444,卖盘
2820,11:01:54,8.67,-0.01,1213,1051671,卖盘
2821,11:01:51,8.68,--,56,48608,买盘
2822,11:01:48,8.68,0.01,1,868,买盘
2823,11:01:45,8.67,-0.01,19,16473,卖盘
2824,11:01:42,8.68,--,20,17360,买盘
2825,11:01:39,8.68,0.01,2,1736,买盘
2826,11:01:36,8.67,-0.01,434,376278,卖盘
2827,11:01:33,8.68,--,134,116312,买盘
2828,11:01:30,8.68,--,51,44268,买盘
2829,11:01:27,8.68,0.01,57,49476,买盘
2830,11:01:24,8.67,-0.01,69,59823,卖盘
2831,11:01:21,8.68,--,94,81592,买盘
2832,11:01:18,8.68,--,201,174468,买盘
2833,11:01:15,8.68,0.01,260,225680,买盘
2834,11:01:12,8.67,-0.01,14,12138,卖盘
2835,11:01:09,8.68,0.01,21,18228,买盘
2836,11:01:06,8.67,--,72,62424,卖盘
2837,11:01:03,8.67,--,26,22542,买盘
2838,11:01:00,8.67,--,19,16473,买盘
2839,11:00:57,8.67,--,297,257499,买盘
2840,11:00:54,8.67,--,295,255765,卖盘
