,time,price,change,volume,amount,type
0,15:00:03,8.91,-0.01,6714,5982174,卖盘
1,14:57:00,8.92,--,73,65116,买盘
2,14:56:57,8.92,0.01,97,86524,买盘
3,14:56:54,8.91,--,361,321651,卖盘
4,14:56:51,8.91,--,201,179091,卖盘
5,14:56:48,8.91,--,154,137214,卖盘
6,14:56:45,8.91,-0.01,178,158598,卖盘
7,14:56:42,8.92,0.01,128,114176,买盘
8,14:56:39,8.91,-0.01,63,56133,卖盘
9,14:56:36,8.92,--,178,158776,买盘
10,14:56:33,8.92,0.01,596,531632,买盘
11,14:56:30,8.91,--,72,64152,卖盘
12,14:56:27,8.91,--,52,46332,卖盘
13,14:56:24,8.91,-0.01,535,476685,卖盘
14,14:56:21,8.92,--,96,85632,买盘
15,14:56:18,8.92,0.01,91,81172,买盘
16,14:56:15,8.91,-0.01,38,33858,卖盘
17,14:56:12,8.92,0.01,11,9812,买盘
18,14:56:09,8.91,--,268,238788,卖盘
19,14:56:06,8.91,--,233,207603,卖盘
20,14:56:03,8.91,--,261,232551,卖盘
21,14:56:00,8.91,-0.01,25,22275,卖盘
22,14:55:57,8.92,--,138,123096,买盘
23,14:55:54,8.92,0.01,12,10704,买盘
24,14:55:51,8.91,--,198,176418,卖盘
25,14:55:48,8.91,-0.01,67,59697,卖盘
26,14:55:45,8.92,0.01,208,185536,买盘
27,14:55:42,8.91,--,232,206712,卖盘
28,14:55:39,8.91,-0.01,568,506088,卖盘
29,14:55:36,8.92,0.01,30,26760,买盘
30,14:55:33,8.91,--,41,36531,卖盘
31,14:55:30,8.91,--,15,13365,卖盘
32,14:55:27,8.91,--,447,398579,卖盘
33,14:55:24,8.91,-0.01,118,105387,卖盘
34,14:55:21,8.92,0.01,214,190888,买盘
35,14:55:18,8.91,--,311,277101,卖盘
36,14:55:15,8.91,--,98,87318,卖盘
37,14:55:12,8.91,--,17,15147,卖盘
38,14:55:09,8.91,--,9,8019,卖盘
39,14:55:06,8.91,--,14,12474,卖盘
40,14:55:03,8.91,--,389,346599,卖盘
41,14:55:00,8.91,-0.01,27,24057,卖盘
42,14:54:57,8.92,0.01,59,52628,买盘
43,14:54:54,8.91,--,178,158598,卖盘
44,14:54:51,8.91,--,68,60588,卖盘
45,14:54:48,8.91,--,22,19602,卖盘
46,14:54:45,8.91,--,136,121176,卖盘
47,14:54:42,8.91,--,100,89100,卖盘
48,14:54:39,8.91,--,151,134541,卖盘
49,14:54:36,8.91,--,207,184437,卖盘
50,14:54:33,8.91,--,982,874962,买盘
51,14:54:30,8.91,0.01,369,328779,买盘
52,14:54:27,8.9,-0.01,458,407620,卖盘
53,14:54:24,8.91,--,122,108702,买盘
54,14:54:21,8.91,--,63,56133,买盘
55,14:54:18,8.91,0.01,86,76626,买盘
56,14:54:15,8.9,--,466,414740,卖盘
57,14:54:12,8.9,-0.01,416,370240,卖盘
58,14:54:09,8.91,0.01,461,410751,买盘
59,14:54:06,8.9,--,3125,2781250,卖盘
60,14:54:03,8.9,-0.01,122,108580,卖盘
61,14:54:00,8.91,--,5,4455,买盘
62,14:53:57,8.91,0.01,218,194238,买盘
63,14:53:54,8.9,--,113,100570,卖盘
64,14:53:51,8.9,-0.01,168,149520,卖盘
65,14:53:48,8.91,0.01,785,699435,买盘
66,14:53:45,8.9,-0.01,16,14240,卖盘
67,14:53:42,8.91,0.01,330,294030,买盘
68,14:53:39,8.9,-0.01,264,234960,卖盘
69,14:53:36,8.91,--,122,108702,买盘
70,14:53:33,8.91,--,62,55242,买盘
71,14:53:30,8.91,0.01,122,108702,买盘
72,14:53:27,8.9,-0.01,285,253650,卖盘
73,14:53:24,8.91,0.01,320,285120,买盘
74,14:53:21,8.9,--,127,113030,卖盘
75,14:53:18,8.9,--,104,92560,卖盘
76,14:53:15,8.9,--,683,607870,卖盘
77,14:53:12,8.9,--,19,16910,卖盘
78,14:53:09,8.9,--,446,396940,卖盘
79,14:53:06,8.9,--,221,196690,卖盘
80,14:53:03,8.9,--,94,83660,卖盘
81,14:53:00,8.9,--,13,11570,卖盘
82,14:52:57,8.9,--,223,198470,卖盘
83,14:52:54,8.9,-0.01,303,269670,卖盘
84,14:52:51,8.91,--,94,83754,买盘
85,14:52:48,8.91,0.01,89,79299,买盘
86,14:52:45,8.9,-0.01,10,8900,卖盘
87,14:52:42,8.91,0.01,8,7128,买盘
88,14:52:39,8.9,--,584,519760,卖盘
89,14:52:36,8.9,-0.01,179,159310,卖盘
90,14:52:33,8.91,--,31,27621,买盘
91,14:52:30,8.91,0.01,250,222750,买盘
92,14:52:27,8.9,--,78,69420,卖盘
93,14:52:24,8.9,-0.01,54,48060,卖盘
94,14:52:21,8.91,--,40,35640,买盘
95,14:52:18,8.91,--,33,29403,买盘
96,14:52:15,8.91,0.01,133,118503,买盘
97,14:52:12,8.9,--,173,153970,卖盘
98,14:52:09,8.9,-0.01,496,441440,卖盘
99,14:52:06,8.91,-0.01,78,69498,卖盘
100,14:52:03,8.92,--,239,213188,买盘
101,14:52:00,8.92,0.01,126,112392,买盘
102,14:51:57,8.91,--,148,131868,卖盘
103,14:51:54,8.91,--,570,507870,卖盘
104,14:51:51,8.91,--,217,193347,卖盘
105,14:51:48,8.91,--,67,59697,卖盘
106,14:51:45,8.91,-0.01,391,348381,卖盘
107,14:51:42,8.92,0.01,309,275628,买盘
108,14:51:39,8.91,-0.01,54,48114,卖盘
109,14:51:36,8.92,0.01,88,78496,买盘
110,14:51:33,8.91,--,301,268191,卖盘
111,14:51:30,8.91,--,9,8019,卖盘
112,14:51:27,8.91,--,306,272646,卖盘
113,14:51:24,8.91,--,139,123849,卖盘
114,14:51:21,8.91,-0.01,109,97119,卖盘
115,14:51:18,8.92,--,75,66900,买盘
116,14:51:15,8.92,--,49,43708,买盘
117,14:51:12,8.92,0.01,46,41032,买盘
118,14:51:09,8.91,-0.01,281,250371,卖盘
119,14:51:06,8.92,0.01,5,4460,买盘
120,14:51:03,8.91,-0.01,15,13365,卖盘
121,14:51:00,8.92,0.01,59,52628,买盘
122,14:50:57,8.91,--,37,32967,卖盘
123,14:50:54,8.91,-0.01,64,57024,卖盘
124,14:50:51,8.92,--,134,119528,买盘
125,14:50:48,8.92,--,26,23192,买盘
126,14:50:45,8.92,0.01,80,71360,买盘
127,14:50:42,8.91,--,305,271755,买盘
128,14:50:39,8.91,--,308,274428,买盘
129,14:50:36,8.91,--,249,221859,卖盘
130,14:50:33,8.91,-0.01,113,100683,卖盘
131,14:50:30,8.92,0.01,65,57980,买盘
132,14:50:27,8.91,--,102,90882,卖盘
133,14:50:24,8.91,--,86,76626,卖盘
134,14:50:21,8.91,--,166,147906,卖盘
135,14:50:18,8.91,--,97,86427,卖盘
136,14:50:15,8.91,--,49,43659,卖盘
137,14:50:12,8.91,--,324,288684,卖盘
138,14:50:09,8.91,--,24,21384,卖盘
139,14:50:06,8.91,-0.01,208,185328,卖盘
140,14:50:03,8.92,--,54,48168,买盘
141,14:50:00,8.92,--,72,64224,买盘
142,14:49:57,8.92,0.01,57,50844,买盘
143,14:49:54,8.91,--,67,59697,卖盘
144,14:49:51,8.91,--,134,119394,卖盘
145,14:49:48,8.91,--,138,122958,卖盘
146,14:49:45,8.91,--,52,46332,卖盘
147,14:49:42,8.91,--,1,891,卖盘
148,14:49:39,8.91,--,42,37422,卖盘
149,14:49:36,8.91,--,65,57915,买盘
150,14:49:33,8.91,-0.01,191,170181,卖盘
151,14:49:30,8.92,0.01,62,55304,买盘
152,14:49:27,8.91,--,15,13365,卖盘
153,14:49:24,8.91,0.01,619,551529,买盘
154,14:49:21,8.9,--,127,113030,卖盘
155,14:49:18,8.9,-0.01,589,524868,卖盘
156,14:49:15,8.91,0.01,94,83754,买盘
157,14:49:12,8.9,-0.01,114,101460,卖盘
158,14:49:09,8.91,--,197,175527,买盘
159,14:49:06,8.91,0.01,123,109593,买盘
160,14:49:03,8.9,-0.01,56,49840,卖盘
161,14:49:00,8.91,--,411,366405,买盘
162,14:48:57,8.91,--,55,49005,买盘
163,14:48:54,8.91,0.01,334,297594,买盘
164,14:48:51,8.9,-0.01,50,44500,卖盘
165,14:48:48,8.91,0.01,210,187110,买盘
166,14:48:45,8.9,-0.01,655,582950,卖盘
167,14:48:42,8.91,--,4536,4041576,买盘
168,14:48:39,8.91,--,65,57915,买盘
169,14:48:36,8.91,--,118,105138,买盘
170,14:48:33,8.91,0.01,286,254826,买盘
171,14:48:30,8.9,-0.01,88,78320,卖盘
172,14:48:27,8.91,--,64,57024,买盘
173,14:48:24,8.91,--,71,63261,买盘
174,14:48:21,8.91,--,88,78408,买盘
175,14:48:18,8.91,--,958,853578,卖盘
176,14:48:15,8.91,-0.01,2,1782,卖盘
177,14:48:12,8.92,--,275,245300,买盘
178,14:48:09,8.92,--,59,52628,买盘
179,14:48:06,8.92,0.01,142,126664,买盘
180,14:48:03,8.91,--,105,93555,卖盘
181,14:48:00,8.91,-0.01,96,85536,卖盘
182,14:47:57,8.92,--,277,247084,买盘
183,14:47:54,8.92,--,104,92768,买盘
184,14:47:51,8.92,--,22,19624,买盘
185,14:47:48,8.92,--,79,70468,买盘
186,14:47:45,8.92,0.01,29,25868,买盘
187,14:47:42,8.91,-0.01,120,106920,卖盘
188,14:47:39,8.92,--,5,4460,买盘
189,14:47:36,8.92,--,1758,1568136,买盘
190,14:47:33,8.92,0.01,70,62440,买盘
191,14:47:30,8.91,--,9,8019,卖盘
192,14:47:27,8.91,-0.01,82,73062,卖盘
193,14:47:24,8.92,--,101,90092,买盘
194,14:47:21,8.92,--,23,20516,买盘
195,14:47:18,8.92,--,91,81172,买盘
196,14:47:15,8.92,0.01,91,81172,买盘
197,14:47:12,8.91,-0.01,128,114217,卖盘
198,14:47:09,8.92,0.01,143,128278,买盘
199,14:47:06,8.91,--,86,76626,卖盘
200,14:47:03,8.91,--,198,176418,卖盘
201,14:47:00,8.91,--,116,103356,卖盘
202,14:46:57,8.91,-0.01,22,19602,卖盘
203,14:46:54,8.92,0.01,131,116852,买盘
204,14:46:51,8.91,--,862,768042,卖盘
205,14:46:45,8.91,--,275,245025,卖盘
206,14:46:42,8.91,--,15,13365,卖盘
207,14:46:39,8.91,--,330,294030,卖盘
208,14:46:36,8.91,-0.01,1406,1252746,卖盘
209,14:46:33,8.92,--,5,4460,卖盘
210,14:46:30,8.92,--,19,16948,卖盘
211,14:46:27,8.92,-0.01,9,8028,卖盘
212,14:46:24,8.93,--,20,17860,买盘
213,14:46:21,8.93,0.01,12,10716,买盘
214,14:46:18,8.92,-0.01,67,59764,卖盘
215,14:46:15,8.93,0.01,45,40185,买盘
216,14:46:12,8.92,-0.01,121,107932,卖盘
217,14:46:09,8.93,0.01,28,25004,买盘
218,14:46:06,8.92,-0.01,99,88308,卖盘
219,14:46:03,8.93,0.01,20,17860,买盘
220,14:46:00,8.92,--,10,8920,卖盘
221,14:45:57,8.92,--,171,152532,卖盘
222,14:45:54,8.92,-0.01,415,370180,卖盘
223,14:45:51,8.93,--,36,32148,买盘
224,14:45:48,8.93,0.02,19,16967,买盘
225,14:45:45,8.91,-0.02,881,784971,卖盘
226,14:45:42,8.93,0.01,102,91086,买盘
227,14:45:39,8.92,0.01,30,26760,卖盘
228,14:45:36,8.91,-0.01,1289,1148499,卖盘
229,14:45:33,8.92,-0.01,22,19624,卖盘
230,14:45:30,8.93,0.01,2,1786,买盘
231,14:45:27,8.92,--,23,20516,卖盘
232,14:45:24,8.92,-0.02,2,1784,卖盘
233,14:45:21,8.94,0.03,861,769734,买盘
234,14:45:18,8.91,-0.01,385,343035,卖盘
235,14:45:15,8.92,-0.01,25,22300,卖盘
236,14:45:12,8.93,0.01,126,112518,买盘
237,14:45:09,8.92,-0.01,928,827776,卖盘
238,14:45:06,8.93,0.01,735,656355,买盘
239,14:45:03,8.92,-0.01,71,63332,卖盘
240,14:45:00,8.93,0.01,55,49115,买盘
241,14:44:57,8.92,--,24,21408,买盘
242,14:44:54,8.92,--,44,39248,买盘
243,14:44:51,8.92,--,1686,1503912,卖盘
244,14:44:48,8.92,-0.01,269,239948,卖盘
245,14:44:45,8.93,0.01,28,25004,买盘
246,14:44:42,8.92,-0.02,11,9812,卖盘
247,14:44:39,8.94,0.02,24,21456,买盘
248,14:44:36,8.92,-0.01,25,22300,卖盘
249,14:44:33,8.93,--,11,9823,买盘
250,14:44:30,8.93,-0.01,9,8037,中性盘
251,14:44:27,8.94,0.03,73,65262,买盘
252,14:44:24,8.91,-0.03,1618,1441638,卖盘
253,14:44:21,8.94,0.01,58,51852,买盘
254,14:44:18,8.93,--,17,15181,买盘
255,14:44:15,8.93,0.02,29,25897,中性盘
256,14:44:12,8.91,-0.02,692,616572,卖盘
257,14:44:09,8.93,-0.01,8,7144,卖盘
258,14:44:06,8.94,0.03,872,779568,买盘
259,14:44:03,8.91,--,1697,1512027,卖盘
260,14:44:00,8.91,-0.01,3461,3083751,卖盘
261,14:43:57,8.92,--,2,1784,卖盘
262,14:43:54,8.92,--,68,60656,卖盘
263,14:43:51,8.92,--,2,1784,卖盘
264,14:43:48,8.92,-0.01,11,9812,卖盘
265,14:43:45,8.93,--,35,31255,买盘
266,14:43:42,8.93,--,21,18753,买盘
267,14:43:39,8.93,0.01,31,27683,买盘
268,14:43:36,8.92,-0.01,20,17840,卖盘
269,14:43:33,8.93,0.01,118,105374,买盘
270,14:43:30,8.92,--,34,30328,卖盘
271,14:43:27,8.92,--,361,322012,卖盘
272,14:43:24,8.92,--,173,154316,卖盘
273,14:43:21,8.92,--,21,18732,卖盘
274,14:43:18,8.92,--,38,33896,卖盘
275,14:43:15,8.92,-0.01,2,1784,卖盘
276,14:43:12,8.93,0.01,5,4465,买盘
277,14:43:09,8.92,0.01,25,22300,中性盘
278,14:43:06,8.91,--,4,3564,卖盘
279,14:43:03,8.91,--,193,171963,卖盘
280,14:43:00,8.91,--,82,73062,卖盘
281,14:42:57,8.91,-0.01,83,73953,卖盘
282,14:42:54,8.92,--,71,63332,卖盘
283,14:42:51,8.92,--,15,13380,卖盘
284,14:42:48,8.92,0.01,188,167696,中性盘
285,14:42:45,8.91,-0.01,168,149688,卖盘
286,14:42:42,8.92,--,35,31220,买盘
287,14:42:39,8.92,--,255,227460,买盘
288,14:42:36,8.92,--,66,58872,买盘
289,14:42:33,8.92,--,44,39248,买盘
290,14:42:30,8.92,0.01,69,61548,买盘
291,14:42:27,8.91,--,69,61479,卖盘
292,14:42:24,8.91,-0.01,122,108702,卖盘
293,14:42:21,8.92,0.01,406,362152,买盘
294,14:42:18,8.91,-0.01,65,57915,卖盘
295,14:42:15,8.92,--,130,115960,买盘
296,14:42:12,8.92,--,16,14272,买盘
297,14:42:09,8.92,0.01,52,46384,买盘
298,14:42:06,8.91,--,1,891,卖盘
299,14:42:03,8.91,--,75,66825,卖盘
300,14:42:00,8.91,-0.01,45,40095,卖盘
301,14:41:57,8.92,--,70,62440,买盘
302,14:41:54,8.92,0.01,102,90984,买盘
303,14:41:51,8.91,--,90,80190,卖盘
304,14:41:48,8.91,-0.01,12,10692,卖盘
305,14:41:45,8.92,0.01,59,52628,买盘
306,14:41:42,8.91,--,36,32076,卖盘
307,14:41:39,8.91,-0.01,7,6237,卖盘
308,14:41:36,8.92,0.01,85,75820,买盘
309,14:41:33,8.91,-0.01,1030,917730,卖盘
310,14:41:30,8.92,--,238,212296,买盘
311,14:41:27,8.92,0.01,139,123988,买盘
312,14:41:24,8.91,-0.01,53,47223,卖盘
313,14:41:21,8.92,0.01,550,490600,买盘
314,14:41:18,8.91,-0.01,30,26730,卖盘
315,14:41:15,8.92,0.01,419,373748,买盘
316,14:41:12,8.91,-0.01,26,23166,卖盘
317,14:41:09,8.92,--,50,44600,买盘
318,14:41:06,8.92,0.01,97,86524,买盘
319,14:41:03,8.91,-0.01,20,17820,卖盘
320,14:41:00,8.92,--,173,154316,买盘
321,14:40:57,8.92,--,273,243516,买盘
322,14:40:54,8.92,0.01,578,515576,买盘
323,14:40:51,8.91,-0.01,23,20493,卖盘
324,14:40:48,8.92,0.01,43,38356,买盘
325,14:40:45,8.91,--,90,80190,卖盘
326,14:40:42,8.91,--,670,596970,卖盘
327,14:40:39,8.91,-0.01,28,24948,卖盘
328,14:40:36,8.92,--,505,450460,买盘
329,14:40:33,8.92,0.01,20,17840,买盘
330,14:40:30,8.91,--,14,12474,卖盘
331,14:40:27,8.91,--,36,32076,卖盘
332,14:40:24,8.91,--,48,42768,卖盘
333,14:40:21,8.91,-0.01,173,154143,卖盘
334,14:40:18,8.92,--,5,4460,买盘
335,14:40:15,8.92,--,118,105256,买盘
336,14:40:12,8.92,--,73,65116,买盘
337,14:40:09,8.92,--,1,892,买盘
338,14:40:06,8.92,--,37,33004,买盘
339,14:40:03,8.92,--,81,72252,买盘
340,14:40:00,8.92,--,51,45492,买盘
341,14:39:57,8.92,-0.01,406,362152,卖盘
342,14:39:54,8.93,0.01,35,31255,买盘
343,14:39:51,8.92,-0.01,62,55304,卖盘
344,14:39:48,8.93,0.01,20,17860,买盘
345,14:39:45,8.92,--,166,148072,卖盘
346,14:39:42,8.92,--,10,8920,卖盘
347,14:39:39,8.92,0.01,99,88308,买盘
348,14:39:36,8.91,--,1412,1258092,卖盘
349,14:39:33,8.91,-0.01,16,14256,卖盘
350,14:39:30,8.92,--,540,481680,买盘
351,14:39:27,8.92,--,276,246192,买盘
352,14:39:24,8.92,0.01,175,156100,买盘
353,14:39:21,8.91,-0.01,34,30294,卖盘
354,14:39:18,8.92,-0.01,660,588720,卖盘
355,14:39:15,8.93,0.01,434,387562,买盘
356,14:39:12,8.92,--,1,892,卖盘
357,14:39:09,8.92,--,1,892,卖盘
358,14:39:06,8.92,--,72,64224,卖盘
359,14:39:03,8.92,--,160,142720,卖盘
360,14:39:00,8.92,-0.01,56,49952,卖盘
361,14:38:57,8.93,--,17,15181,买盘
362,14:38:54,8.93,0.01,38,33934,买盘
363,14:38:51,8.92,--,393,350556,卖盘
364,14:38:48,8.92,-0.01,202,180184,卖盘
365,14:38:45,8.93,--,33,29469,买盘
366,14:38:42,8.93,0.01,49,43757,买盘
367,14:38:39,8.92,0.01,1,892,卖盘
368,14:38:36,8.91,-0.01,1029,916839,卖盘
369,14:38:33,8.92,--,157,140044,买盘
370,14:38:30,8.92,--,326,290792,买盘
371,14:38:27,8.92,--,128,114176,买盘
372,14:38:24,8.92,--,68,60656,买盘
373,14:38:21,8.92,-0.02,785,700220,卖盘
374,14:38:18,8.94,0.01,146,130524,买盘
375,14:38:12,8.93,0.01,44,39292,买盘
376,14:38:09,8.92,-0.02,392,349664,卖盘
377,14:38:06,8.94,0.02,28,25032,买盘
378,14:38:03,8.92,-0.02,32,28544,中性盘
379,14:38:00,8.94,--,103,92082,买盘
380,14:37:57,8.94,0.03,10,8940,买盘
381,14:37:54,8.91,-0.02,1407,1253637,卖盘
382,14:37:51,8.93,--,28,25004,卖盘
383,14:37:48,8.93,0.01,2529,2258397,买盘
384,14:37:45,8.92,0.01,85,75820,买盘
385,14:37:42,8.91,-0.01,211,188001,卖盘
386,14:37:39,8.92,--,109,97228,买盘
387,14:37:36,8.92,0.01,52,46384,买盘
388,14:37:33,8.91,-0.01,297,264627,卖盘
389,14:37:30,8.92,--,11,9812,买盘
390,14:37:27,8.92,--,66,58872,买盘
391,14:37:24,8.92,-0.01,711,634212,卖盘
392,14:37:21,8.93,--,368,328624,买盘
393,14:37:18,8.93,0.01,10,8930,买盘
394,14:37:15,8.92,--,52,46384,卖盘
395,14:37:12,8.92,0.01,6,5352,卖盘
396,14:37:09,8.91,--,23,20493,卖盘
397,14:37:06,8.91,--,4055,3613290,卖盘
398,14:37:03,8.91,--,483,430353,卖盘
399,14:37:00,8.91,-0.01,324,288684,卖盘
400,14:36:57,8.92,0.01,136,121312,买盘
401,14:36:54,8.91,--,103,91773,卖盘
402,14:36:51,8.91,-0.01,693,617463,卖盘
403,14:36:48,8.92,--,32,28544,买盘
404,14:36:45,8.92,0.01,48,42816,买盘
405,14:36:42,8.91,--,19,16929,卖盘
406,14:36:39,8.91,--,174,155034,买盘
407,14:36:36,8.91,--,210,187110,卖盘
408,14:36:33,8.91,-0.01,28,24948,卖盘
409,14:36:30,8.92,0.01,734,654728,买盘
410,14:36:27,8.91,--,71,63261,买盘
411,14:36:24,8.91,-0.01,843,751113,卖盘
412,14:36:21,8.92,--,35,31220,买盘
413,14:36:18,8.92,--,479,427268,买盘
414,14:36:15,8.92,--,84,74928,买盘
415,14:36:12,8.92,--,34,30328,买盘
416,14:36:09,8.92,--,85,75820,买盘
417,14:36:06,8.92,0.01,5,4460,买盘
418,14:36:03,8.91,--,111,98936,买盘
419,14:36:00,8.91,-0.01,1235,1101240,卖盘
420,14:35:57,8.92,0.01,1069,953548,买盘
421,14:35:54,8.91,--,146,130086,卖盘
422,14:35:51,8.91,-0.01,22,19602,卖盘
423,14:35:48,8.92,--,201,179292,买盘
424,14:35:45,8.92,--,668,595856,买盘
425,14:35:42,8.92,--,70,62440,买盘
426,14:35:39,8.92,0.01,39,34788,买盘
427,14:35:36,8.91,-0.01,4275,3809025,卖盘
428,14:35:33,8.92,--,166,148072,买盘
429,14:35:30,8.92,--,122,108824,买盘
430,14:35:27,8.92,--,317,282764,卖盘
431,14:35:24,8.92,-0.01,312,278304,卖盘
432,14:35:21,8.93,--,1702,1519886,买盘
433,14:35:18,8.93,0.01,7,6251,买盘
434,14:35:15,8.92,-0.01,23,20516,卖盘
435,14:35:12,8.93,--,6,5358,买盘
436,14:35:09,8.93,--,1075,959975,卖盘
437,14:35:06,8.93,-0.01,40,35720,卖盘
438,14:35:03,8.94,0.01,72,64368,买盘
439,14:35:00,8.93,--,30,26790,卖盘
440,14:34:57,8.93,--,169,150917,卖盘
441,14:34:54,8.93,-0.01,26,23218,卖盘
442,14:34:51,8.94,--,77,68838,买盘
443,14:34:48,8.94,--,820,733080,买盘
444,14:34:45,8.94,0.01,1,894,买盘
445,14:34:42,8.93,--,852,760836,买盘
446,14:34:39,8.93,--,17,15181,买盘
447,14:34:36,8.93,--,126,112518,买盘
448,14:34:33,8.93,0.01,117,104481,买盘
449,14:34:30,8.92,-0.01,234,208728,卖盘
450,14:34:27,8.93,-0.01,434,387562,卖盘
451,14:34:24,8.94,0.01,16,14304,买盘
452,14:34:21,8.93,-0.01,74,66082,卖盘
453,14:34:18,8.94,0.01,1124,1004856,买盘
454,14:34:15,8.93,-0.01,36,32148,卖盘
455,14:34:12,8.94,--,17,15198,买盘
456,14:34:09,8.94,0.01,141,126054,买盘
457,14:34:06,8.93,-0.01,10,8930,卖盘
458,14:34:03,8.94,0.01,20,17880,买盘
459,14:34:00,8.93,--,11,9823,卖盘
460,14:33:57,8.93,--,27,24111,卖盘
461,14:33:54,8.93,-0.01,10,8930,卖盘
462,14:33:51,8.94,--,239,213666,买盘
463,14:33:48,8.94,--,89,79566,买盘
464,14:33:45,8.94,--,3,2682,买盘
465,14:33:42,8.94,--,32,28608,买盘
466,14:33:39,8.94,0.01,30,26820,买盘
467,14:33:36,8.93,-0.01,42,37506,卖盘
468,14:33:33,8.94,--,19,16986,买盘
469,14:33:30,8.94,--,140,125160,买盘
470,14:33:27,8.94,--,104,92976,买盘
471,14:33:24,8.94,0.01,34,30396,买盘
472,14:33:21,8.93,-0.01,17,15181,卖盘
473,14:33:18,8.94,--,18,16092,买盘
474,14:33:15,8.94,0.01,555,496170,买盘
475,14:33:12,8.93,0.01,96,85728,买盘
476,14:33:09,8.92,-0.01,17,15164,卖盘
477,14:33:06,8.93,--,61,54473,买盘
478,14:33:03,8.93,0.01,108,96444,买盘
479,14:33:00,8.92,-0.01,43,38356,卖盘
480,14:32:57,8.93,--,87,77691,买盘
481,14:32:54,8.93,--,7,6251,买盘
482,14:32:51,8.93,--,209,186637,买盘
483,14:32:48,8.93,--,28,25004,买盘
484,14:32:45,8.93,--,80,71440,买盘
485,14:32:42,8.93,--,14,12502,买盘
486,14:32:39,8.93,--,71,63403,买盘
487,14:32:36,8.93,--,68,60724,买盘
488,14:32:33,8.93,--,68,60724,买盘
489,14:32:30,8.93,--,52,46436,买盘
490,14:32:27,8.93,--,73,65724,买盘
491,14:32:24,8.93,0.01,204,182172,买盘
492,14:32:21,8.92,-0.01,52,46384,卖盘
493,14:32:18,8.93,0.01,90,80370,买盘
494,14:32:15,8.92,--,77,68684,卖盘
495,14:32:12,8.92,--,20,17840,卖盘
496,14:32:09,8.92,0.01,214,191601,买盘
497,14:32:06,8.91,-0.01,177,157707,卖盘
498,14:32:03,8.92,0.01,68,60656,买盘
499,14:32:00,8.91,-0.01,46,40986,卖盘
500,14:31:57,8.92,--,339,302388,买盘
501,14:31:54,8.92,--,12,10704,买盘
502,14:31:51,8.92,--,116,103472,买盘
503,14:31:48,8.92,--,43,38356,买盘
504,14:31:45,8.92,--,61,54412,买盘
505,14:31:42,8.92,0.01,75,66900,买盘
506,14:31:39,8.91,-0.01,169,150579,卖盘
507,14:31:36,8.92,--,296,264032,买盘
508,14:31:33,8.92,--,75,66900,卖盘
509,14:31:30,8.92,--,43,38356,卖盘
510,14:31:27,8.92,--,65,57980,卖盘
511,14:31:24,8.92,--,113,100796,买盘
512,14:31:21,8.92,--,80,71360,买盘
513,14:31:18,8.92,--,39,34788,买盘
514,14:31:15,8.92,0.01,355,316660,买盘
515,14:31:12,8.91,-0.01,86,76626,卖盘
516,14:31:09,8.92,--,398,355016,买盘
517,14:31:06,8.92,0.01,23,20516,买盘
518,14:31:03,8.91,-0.01,7,6237,卖盘
519,14:31:00,8.92,0.01,53,47276,买盘
520,14:30:57,8.91,-0.01,15,13365,卖盘
521,14:30:54,8.92,--,38,33896,买盘
522,14:30:51,8.92,0.01,150,133800,买盘
523,14:30:48,8.91,-0.01,104,92664,卖盘
524,14:30:45,8.92,0.01,26,23192,买盘
525,14:30:42,8.91,-0.02,27,24057,卖盘
526,14:30:39,8.93,0.01,121,108088,买盘
527,14:30:36,8.92,--,33,29436,买盘
528,14:30:33,8.92,--,28,24976,买盘
529,14:30:30,8.92,--,1182,1055200,卖盘
530,14:30:27,8.92,-0.01,49,43708,卖盘
531,14:30:24,8.93,--,103,91979,买盘
532,14:30:21,8.93,0.01,35,31255,买盘
533,14:30:18,8.92,-0.01,46,41032,卖盘
534,14:30:15,8.93,--,8,7144,买盘
535,14:30:12,8.93,--,5,4465,买盘
536,14:30:09,8.93,--,379,338447,买盘
537,14:30:06,8.93,0.01,473,422389,买盘
538,14:30:03,8.92,-0.01,25,22300,卖盘
539,14:30:00,8.93,--,61,54473,买盘
540,14:29:57,8.93,0.01,32,28576,买盘
541,14:29:54,8.92,-0.01,61,54412,卖盘
542,14:29:51,8.93,--,34,30362,买盘
543,14:29:48,8.93,0.01,60,53580,买盘
544,14:29:45,8.92,--,55,49060,卖盘
545,14:29:42,8.92,--,8,7136,卖盘
546,14:29:39,8.92,--,91,81172,卖盘
547,14:29:33,8.92,-0.01,108,96336,卖盘
548,14:29:30,8.93,--,279,249147,买盘
549,14:29:27,8.93,--,35,31255,买盘
550,14:29:24,8.93,0.01,47,41971,买盘
551,14:29:21,8.92,-0.01,57,50844,卖盘
552,14:29:18,8.93,--,137,122341,卖盘
553,14:29:15,8.93,--,32,28576,买盘
554,14:29:12,8.93,0.01,50,44650,买盘
555,14:29:09,8.92,-0.01,122,108824,卖盘
556,14:29:06,8.93,0.01,128,114304,买盘
557,14:29:03,8.92,-0.01,109,97228,卖盘
558,14:29:00,8.93,--,59,52687,买盘
559,14:28:57,8.93,--,9,8037,买盘
560,14:28:54,8.93,--,19,16967,买盘
561,14:28:51,8.93,--,30,26790,买盘
562,14:28:48,8.93,0.01,33,29469,买盘
563,14:28:45,8.92,-0.01,119,106148,卖盘
564,14:28:42,8.93,--,1019,909967,中性盘
565,14:28:39,8.93,--,29,25897,卖盘
566,14:28:33,8.93,--,202,180386,卖盘
567,14:28:30,8.93,--,75,66975,卖盘
568,14:28:27,8.93,--,130,116090,卖盘
569,14:28:24,8.93,-0.01,32,28576,卖盘
570,14:28:21,8.94,0.01,17,15198,买盘
571,14:28:18,8.93,--,78,69654,卖盘
572,14:28:15,8.93,0.01,26,23218,中性盘
573,14:28:12,8.92,-0.02,5,4460,卖盘
574,14:28:09,8.94,--,32,28608,买盘
575,14:28:06,8.94,0.02,250,223500,买盘
576,14:28:03,8.92,-0.02,34,30328,卖盘
577,14:28:00,8.94,--,22,19668,买盘
578,14:27:57,8.94,--,111,99234,买盘
579,14:27:54,8.94,0.02,722,645468,买盘
580,14:27:51,8.92,--,45,40140,卖盘
581,14:27:48,8.92,-0.01,137,122204,卖盘
582,14:27:45,8.93,0.01,650,580807,买盘
583,14:27:42,8.92,--,68,60656,卖盘
584,14:27:39,8.92,--,7,6244,卖盘
585,14:27:33,8.92,--,94,83848,卖盘
586,14:27:30,8.92,--,7,6244,卖盘
587,14:27:27,8.92,--,21,18732,卖盘
588,14:27:24,8.92,-0.01,24,21408,卖盘
589,14:27:21,8.93,0.01,45,40185,买盘
590,14:27:18,8.92,--,250,223000,卖盘
591,14:27:15,8.92,--,73,65116,卖盘
592,14:27:12,8.92,--,23,20516,卖盘
593,14:27:09,8.92,--,59,52628,卖盘
594,14:27:06,8.92,--,17,15164,卖盘
595,14:27:03,8.92,--,71,63332,卖盘
596,14:27:00,8.92,-0.01,51,45492,卖盘
597,14:26:57,8.93,0.01,59,52687,买盘
598,14:26:54,8.92,--,5,4460,卖盘
599,14:26:51,8.92,--,17,15164,卖盘
600,14:26:48,8.92,-0.01,26,23192,卖盘
601,14:26:45,8.93,--,16,14288,买盘
602,14:26:42,8.93,--,2,1786,买盘
603,14:26:39,8.93,0.01,22,19646,买盘
604,14:26:36,8.92,--,43,38356,卖盘
605,14:26:33,8.92,-0.01,38,33896,卖盘
606,14:26:30,8.93,-0.01,454,405422,卖盘
607,14:26:27,8.94,0.01,7,6258,买盘
608,14:26:24,8.93,-0.01,140,125020,卖盘
609,14:26:21,8.94,--,40,35760,买盘
610,14:26:18,8.94,--,8,7152,买盘
611,14:26:15,8.94,0.01,26,23244,买盘
612,14:26:12,8.93,--,12,10716,卖盘
613,14:26:09,8.93,-0.01,9,8037,卖盘
614,14:26:06,8.94,0.01,23,20562,买盘
615,14:26:03,8.93,-0.01,138,123234,卖盘
616,14:26:00,8.94,--,167,149298,买盘
617,14:25:57,8.94,0.01,8,7152,买盘
618,14:25:54,8.93,--,220,196460,卖盘
619,14:25:51,8.93,--,44,39292,卖盘
620,14:25:48,8.93,-0.01,21,18753,卖盘
621,14:25:45,8.94,--,35,31290,买盘
622,14:25:42,8.94,0.01,69,61686,买盘
623,14:25:36,8.93,-0.01,18,16074,卖盘
624,14:25:33,8.94,0.01,11,9834,买盘
625,14:25:30,8.93,--,62,55366,卖盘
626,14:25:27,8.93,--,295,263435,卖盘
627,14:25:24,8.93,-0.01,12,10716,卖盘
628,14:25:21,8.94,0.01,16,14304,买盘
629,14:25:18,8.93,-0.01,65,58045,卖盘
630,14:25:15,8.94,0.01,4,3576,买盘
631,14:25:12,8.93,--,71,63403,卖盘
632,14:25:09,8.93,--,33,29469,卖盘
633,14:25:06,8.93,--,72,64296,卖盘
634,14:25:03,8.93,--,517,461681,买盘
635,14:25:00,8.93,0.01,85,75905,买盘
636,14:24:57,8.92,-0.01,74,66008,卖盘
637,14:24:54,8.93,--,43,38399,买盘
638,14:24:51,8.93,--,17,15181,买盘
639,14:24:48,8.93,0.01,69,61617,买盘
640,14:24:45,8.92,-0.01,299,266708,卖盘
641,14:24:42,8.93,--,94,83942,买盘
642,14:24:39,8.93,0.01,301,268793,买盘
643,14:24:36,8.92,--,70,62440,卖盘
644,14:24:33,8.92,--,280,249760,卖盘
645,14:24:30,8.92,-0.01,70,62440,卖盘
646,14:24:27,8.93,0.01,20,17860,买盘
647,14:24:24,8.92,-0.01,42,37464,卖盘
648,14:24:21,8.93,--,50,44650,买盘
649,14:24:18,8.93,0.01,15,13395,买盘
650,14:24:15,8.92,-0.01,104,92768,卖盘
651,14:24:12,8.93,0.01,21,18753,买盘
652,14:24:09,8.92,--,23,20516,卖盘
653,14:24:06,8.92,--,79,70468,卖盘
654,14:24:03,8.92,--,68,60656,卖盘
655,14:24:00,8.92,--,9,8028,卖盘
656,14:23:57,8.92,--,8,7136,卖盘
657,14:23:54,8.92,--,12,10704,卖盘
658,14:23:51,8.92,--,22,19624,卖盘
659,14:23:48,8.92,-0.01,37,33004,卖盘
660,14:23:45,8.93,0.01,39,34827,买盘
661,14:23:42,8.92,--,66,58872,卖盘
662,14:23:39,8.92,--,51,45492,卖盘
663,14:23:36,8.92,--,75,66900,卖盘
664,14:23:33,8.92,--,17,15164,卖盘
665,14:23:30,8.92,--,1536,1370112,卖盘
666,14:23:27,8.92,--,91,81172,卖盘
667,14:23:24,8.92,-0.01,72,64224,卖盘
668,14:23:21,8.93,0.01,46,41078,买盘
669,14:23:18,8.92,--,61,54412,卖盘
670,14:23:15,8.92,--,31,27652,卖盘
671,14:23:12,8.92,--,5,4460,卖盘
672,14:23:09,8.92,--,9,8028,卖盘
673,14:23:06,8.92,--,24,21408,卖盘
674,14:23:03,8.92,-0.01,585,521820,卖盘
675,14:23:00,8.93,--,21,18753,买盘
676,14:22:57,8.93,0.01,76,67868,买盘
677,14:22:54,8.92,-0.01,203,181076,卖盘
678,14:22:51,8.93,--,49,43757,买盘
679,14:22:48,8.93,--,51,45543,买盘
680,14:22:45,8.93,--,19,16967,买盘
681,14:22:42,8.93,0.01,61,54473,买盘
682,14:22:39,8.92,--,3,2676,卖盘
683,14:22:36,8.92,-0.01,113,100796,卖盘
684,14:22:33,8.93,--,49,43757,买盘
685,14:22:27,8.93,--,26,23218,买盘
686,14:22:24,8.93,--,34,30362,买盘
687,14:22:21,8.93,--,35,31255,卖盘
688,14:22:18,8.93,--,32,28576,卖盘
689,14:22:15,8.93,0.01,66,58938,买盘
690,14:22:12,8.92,--,101,90092,卖盘
691,14:22:09,8.92,--,42,37464,卖盘
692,14:22:06,8.92,--,22,19624,卖盘
693,14:22:03,8.92,--,6,5352,卖盘
694,14:22:00,8.92,--,27,24084,卖盘
695,14:21:57,8.92,-0.01,9,8028,卖盘
696,14:21:54,8.93,--,28,25004,中性盘
697,14:21:51,8.93,--,73,65189,卖盘
698,14:21:48,8.93,--,50,44650,买盘
699,14:21:45,8.93,--,3,2679,买盘
700,14:21:42,8.93,--,17,15181,买盘
701,14:21:39,8.93,--,30,26790,卖盘
702,14:21:36,8.93,--,12,10716,卖盘
703,14:21:33,8.93,0.01,61,54473,买盘
704,14:21:30,8.92,-0.01,239,213188,卖盘
705,14:21:27,8.93,--,123,109839,买盘
706,14:21:24,8.93,--,96,85728,卖盘
707,14:21:21,8.93,0.01,222,198246,买盘
708,14:21:18,8.92,-0.01,18,16056,卖盘
709,14:21:15,8.93,--,282,251826,卖盘
710,14:21:12,8.93,--,223,199139,卖盘
711,14:21:09,8.93,--,108,96444,卖盘
712,14:21:06,8.93,--,19,16967,卖盘
713,14:21:03,8.93,-0.01,10,8930,卖盘
714,14:21:00,8.94,--,41,36654,买盘
715,14:20:57,8.94,0.01,163,145722,买盘
716,14:20:54,8.93,-0.01,321,286653,卖盘
717,14:20:51,8.94,--,34,30396,买盘
718,14:20:48,8.94,0.01,7,6258,买盘
719,14:20:45,8.93,0.01,53,47329,买盘
720,14:20:42,8.92,--,110,98120,卖盘
721,14:20:39,8.92,--,24,21408,卖盘
722,14:20:36,8.92,--,245,218540,卖盘
723,14:20:33,8.92,--,34,30328,卖盘
724,14:20:30,8.92,-0.01,67,59764,卖盘
725,14:20:27,8.93,0.01,19,16967,买盘
726,14:20:24,8.92,--,33,29436,卖盘
727,14:20:21,8.92,--,158,140936,卖盘
728,14:20:18,8.92,-0.01,2,1784,卖盘
729,14:20:15,8.93,0.01,61,54473,买盘
730,14:20:09,8.92,--,119,106148,卖盘
731,14:20:06,8.92,-0.01,332,296144,卖盘
732,14:20:03,8.93,0.01,33,29469,买盘
733,14:20:00,8.92,--,27,24084,卖盘
734,14:19:57,8.92,--,8,7136,卖盘
735,14:19:54,8.92,--,98,87416,卖盘
736,14:19:51,8.92,0.01,233,208406,买盘
737,14:19:48,8.91,-0.01,693,617463,卖盘
738,14:19:45,8.92,0.01,27,24084,买盘
739,14:19:42,8.91,--,100,89100,卖盘
740,14:19:39,8.91,-0.01,193,171963,卖盘
741,14:19:36,8.92,--,46,41032,买盘
742,14:19:33,8.92,0.01,341,304172,买盘
743,14:19:30,8.91,-0.01,562,500742,卖盘
744,14:19:27,8.92,0.01,261,232812,买盘
745,14:19:24,8.91,-0.01,123,109593,卖盘
746,14:19:21,8.92,--,301,268492,买盘
747,14:19:18,8.92,--,32,28544,买盘
748,14:19:15,8.92,--,42,37464,买盘
749,14:19:12,8.92,0.01,352,313984,买盘
750,14:19:09,8.91,--,437,389367,卖盘
751,14:19:06,8.91,--,330,294030,卖盘
752,14:19:03,8.91,-0.01,44,39204,卖盘
753,14:19:00,8.92,--,842,751064,买盘
754,14:18:57,8.92,--,150,133800,买盘
755,14:18:54,8.92,--,60,53520,买盘
756,14:18:51,8.92,--,334,297928,买盘
757,14:18:48,8.92,--,207,184644,买盘
758,14:18:45,8.92,--,61,54412,买盘
759,14:18:42,8.92,--,266,237272,买盘
760,14:18:39,8.92,--,133,118636,买盘
761,14:18:36,8.92,--,126,112392,买盘
762,14:18:33,8.92,--,296,264032,买盘
763,14:18:30,8.92,--,47,41924,买盘
764,14:18:27,8.92,--,19,16948,买盘
765,14:18:24,8.92,--,83,74036,买盘
766,14:18:21,8.92,0.01,134,119528,买盘
767,14:18:18,8.91,-0.01,846,753786,卖盘
768,14:18:15,8.92,--,131,116852,买盘
769,14:18:12,8.92,--,46,41032,买盘
770,14:18:09,8.92,0.01,86,76712,买盘
771,14:18:06,8.91,-0.01,33,29403,卖盘
772,14:18:03,8.92,0.01,33,29436,买盘
773,14:18:00,8.91,--,120,106920,卖盘
774,14:17:57,8.91,-0.01,58,51678,卖盘
775,14:17:54,8.92,--,55,49060,买盘
776,14:17:51,8.92,--,219,195348,买盘
777,14:17:48,8.92,--,94,83848,买盘
778,14:17:45,8.92,--,137,122204,买盘
779,14:17:42,8.92,--,37,33004,买盘
780,14:17:39,8.92,0.01,17,15164,买盘
781,14:17:36,8.91,-0.01,102,90882,卖盘
782,14:17:33,8.92,--,34,30328,买盘
783,14:17:30,8.92,0.01,16,14272,买盘
784,14:17:27,8.91,-0.01,39,34749,卖盘
785,14:17:24,8.92,--,455,405860,买盘
786,14:17:21,8.92,0.01,676,602992,买盘
787,14:17:18,8.91,-0.01,10,8910,卖盘
788,14:17:15,8.92,--,46,41032,买盘
789,14:17:12,8.92,--,45,40140,买盘
790,14:17:09,8.92,--,38,33896,买盘
791,14:17:06,8.92,--,102,90984,买盘
792,14:17:03,8.92,0.01,182,162344,买盘
793,14:17:00,8.91,-0.01,5,4455,卖盘
794,14:16:57,8.92,0.01,1182,1054344,买盘
795,14:16:54,8.91,-0.01,103,91773,卖盘
796,14:16:51,8.92,-0.01,1514,1350488,卖盘
797,14:16:48,8.93,--,8,7144,卖盘
798,14:16:45,8.93,--,112,100016,卖盘
799,14:16:42,8.93,--,20,17860,卖盘
800,14:16:39,8.93,--,48,42864,卖盘
801,14:16:36,8.93,--,615,549195,买盘
802,14:16:33,8.93,0.01,115,102695,买盘
803,14:16:30,8.92,-0.01,250,223000,卖盘
804,14:16:27,8.93,--,15,13395,买盘
805,14:16:24,8.93,0.01,893,797449,买盘
806,14:16:18,8.92,--,23,20516,卖盘
807,14:16:15,8.92,--,614,547688,卖盘
808,14:16:12,8.92,--,240,214080,买盘
809,14:16:09,8.92,0.01,22,19624,买盘
810,14:16:06,8.91,--,98,87318,卖盘
811,14:16:03,8.91,-0.01,158,140778,卖盘
812,14:16:00,8.92,--,32,28544,买盘
813,14:15:57,8.92,-0.01,21,18732,中性盘
814,14:15:54,8.93,0.02,93,83049,买盘
815,14:15:51,8.91,--,556,495396,买盘
816,14:15:48,8.91,-0.01,305,271755,卖盘
817,14:15:45,8.92,--,1081,964252,买盘
818,14:15:42,8.92,--,112,99904,买盘
819,14:15:39,8.92,0.01,262,233704,买盘
820,14:15:36,8.91,--,500,445500,卖盘
821,14:15:33,8.91,--,22,19602,卖盘
822,14:15:30,8.91,-0.03,153,136323,卖盘
823,14:15:27,8.94,0.02,365,326310,买盘
824,14:15:24,8.92,--,37,33004,卖盘
825,14:15:21,8.92,0.02,1120,999040,买盘
826,14:15:18,8.9,--,638,567820,卖盘
827,14:15:15,8.9,-0.01,177,157530,卖盘
828,14:15:12,8.91,-0.01,295,262845,卖盘
829,14:15:09,8.92,0.01,481,429052,买盘
830,14:15:06,8.91,--,53,47223,卖盘
831,14:15:03,8.91,--,104,92664,卖盘
832,14:15:00,8.91,--,73,65043,卖盘
833,14:14:57,8.91,--,595,530145,中性盘
834,14:14:54,8.91,0.01,220,196020,买盘
835,14:14:51,8.9,--,288,256320,卖盘
836,14:14:48,8.9,--,450,400500,卖盘
837,14:14:45,8.9,--,365,325028,卖盘
838,14:14:42,8.9,--,215,191350,卖盘
839,14:14:39,8.9,--,514,457460,卖盘
840,14:14:36,8.9,-0.01,218,194020,卖盘
841,14:14:33,8.91,0.01,170,152004,买盘
842,14:14:30,8.9,-0.01,635,565995,卖盘
843,14:14:27,8.91,0.01,82,73062,买盘
844,14:14:24,8.9,--,250,223212,卖盘
845,14:14:21,8.9,--,420,373800,卖盘
846,14:14:18,8.9,-0.01,476,423640,卖盘
847,14:14:15,8.91,--,780,694980,买盘
848,14:14:12,8.91,0.01,173,154143,买盘
849,14:14:09,8.9,-0.01,173,153970,卖盘
850,14:14:06,8.91,0.01,1508,1343628,买盘
851,14:14:03,8.9,--,73,64970,卖盘
852,14:14:00,8.9,-0.01,219,194910,卖盘
853,14:13:57,8.91,--,2943,2622391,卖盘
854,14:13:54,8.91,--,1471,1310661,卖盘
855,14:13:51,8.91,--,7499,6681609,卖盘
856,14:13:48,8.91,-0.01,222,197802,卖盘
857,14:13:45,8.92,0.01,125,111500,买盘
858,14:13:42,8.91,--,231,205821,卖盘
859,14:13:39,8.91,--,154,137214,卖盘
860,14:13:36,8.91,-0.01,155,138105,卖盘
861,14:13:33,8.92,0.01,171,152532,买盘
862,14:13:30,8.91,-0.01,121,108523,卖盘
863,14:13:27,8.92,0.01,52,46384,买盘
864,14:13:24,8.91,-0.01,229,204039,卖盘
865,14:13:21,8.92,--,1300,1160099,卖盘
866,14:13:18,8.92,--,319,284548,卖盘
867,14:13:15,8.92,--,173,154316,卖盘
868,14:13:12,8.92,-0.01,534,476328,卖盘
869,14:13:09,8.93,0.01,285,254505,买盘
870,14:13:06,8.92,-0.01,767,684164,卖盘
871,14:13:03,8.93,0.01,1603,1431479,买盘
872,14:13:00,8.92,--,66,58872,卖盘
873,14:12:57,8.92,-0.01,313,279196,卖盘
874,14:12:54,8.93,0.01,3,2679,买盘
875,14:12:51,8.92,--,29,25868,卖盘
876,14:12:48,8.92,-0.02,1798,1603905,卖盘
877,14:12:45,8.94,--,51,45594,买盘
878,14:12:42,8.94,--,451,403194,买盘
879,14:12:39,8.94,0.01,307,274458,买盘
880,14:12:36,8.93,-0.01,7,6251,卖盘
881,14:12:33,8.94,0.01,127,113538,买盘
882,14:12:27,8.93,--,235,209855,卖盘
883,14:12:24,8.93,--,21,18753,卖盘
884,14:12:21,8.93,--,110,98230,卖盘
885,14:12:18,8.93,--,10,8930,卖盘
886,14:12:15,8.93,--,36,32148,卖盘
887,14:12:12,8.93,-0.01,19,16967,卖盘
888,14:12:09,8.94,--,10,8940,买盘
889,14:12:06,8.94,--,30,26820,买盘
890,14:12:03,8.94,--,15,13410,买盘
891,14:12:00,8.94,0.01,63,56322,买盘
892,14:11:57,8.93,-0.01,86,76798,卖盘
893,14:11:54,8.94,-0.01,425,380629,卖盘
894,14:11:51,8.95,0.01,26,23269,买盘
895,14:11:48,8.94,--,39,34866,卖盘
896,14:11:45,8.94,-0.01,57,50958,卖盘
897,14:11:42,8.95,--,34,30429,买盘
898,14:11:39,8.95,0.01,65,58389,买盘
899,14:11:36,8.94,-0.01,248,221712,卖盘
900,14:11:33,8.95,0.01,132,118139,买盘
901,14:11:30,8.94,--,168,150192,卖盘
902,14:11:27,8.94,--,33,29502,买盘
903,14:11:24,8.94,-0.01,151,134994,卖盘
904,14:11:21,8.95,0.01,64,57279,买盘
905,14:11:18,8.94,-0.01,7,6258,卖盘
906,14:11:15,8.95,0.01,16,14319,买盘
907,14:11:12,8.94,--,52,46488,卖盘
908,14:11:09,8.94,--,31,27714,卖盘
909,14:11:06,8.94,-0.01,56,50064,卖盘
910,14:11:03,8.95,0.01,36,32219,买盘
911,14:11:00,8.94,--,32,28608,卖盘
912,14:10:57,8.94,-0.01,17,15198,卖盘
913,14:10:54,8.95,0.01,116,103819,买盘
914,14:10:51,8.94,--,552,493488,买盘
915,14:10:48,8.94,--,64,57216,买盘
916,14:10:45,8.94,-0.01,174,155556,卖盘
917,14:10:42,8.95,0.01,22,19690,买盘
918,14:10:39,8.94,-0.01,146,130524,卖盘
919,14:10:36,8.95,--,33,29534,买盘
920,14:10:33,8.95,--,30,26849,买盘
921,14:10:30,8.95,--,34,30429,买盘
922,14:10:27,8.95,--,170,152150,买盘
923,14:10:24,8.95,--,10,8950,买盘
924,14:10:18,8.95,0.01,34,30429,买盘
925,14:10:15,8.94,-0.01,34,30396,卖盘
926,14:10:12,8.95,--,17,15214,买盘
927,14:10:09,8.95,0.02,14,12529,买盘
928,14:10:06,8.93,-0.01,40,35720,卖盘
929,14:10:03,8.94,--,74,66156,买盘
930,14:10:00,8.94,--,69,61686,买盘
931,14:09:57,8.94,-0.01,97,86718,卖盘
932,14:09:54,8.95,0.01,26,23269,买盘
933,14:09:51,8.94,-0.01,3,2682,中性盘
934,14:09:48,8.95,0.01,80,71600,买盘
935,14:09:45,8.94,--,108,96552,卖盘
936,14:09:42,8.94,--,48,42912,卖盘
937,14:09:39,8.94,-0.01,1,894,卖盘
938,14:09:36,8.95,--,2,1789,买盘
939,14:09:33,8.95,--,35,31324,买盘
940,14:09:30,8.95,-0.01,20,17900,中性盘
941,14:09:27,8.96,0.01,124,111104,买盘
942,14:09:24,8.95,--,26,23269,卖盘
943,14:09:21,8.95,--,234,209429,卖盘
944,14:09:18,8.95,--,16,14319,卖盘
945,14:09:15,8.95,0.02,1343,1202790,买盘
946,14:09:12,8.93,-0.01,127,113411,卖盘
947,14:09:09,8.94,0.01,63,56322,买盘
948,14:09:06,8.93,--,11,9823,卖盘
949,14:09:03,8.93,--,54,48222,卖盘
950,14:09:00,8.93,--,110,98230,卖盘
951,14:08:57,8.93,--,84,75012,卖盘
952,14:08:54,8.93,--,45,40185,卖盘
953,14:08:51,8.93,--,10,8930,卖盘
954,14:08:48,8.93,--,50,44650,卖盘
955,14:08:45,8.93,--,18,16074,卖盘
956,14:08:42,8.93,--,35,31255,卖盘
957,14:08:39,8.93,0.01,105,93765,买盘
958,14:08:36,8.92,-0.01,33,29436,卖盘
959,14:08:33,8.93,--,347,309871,买盘
960,14:08:30,8.93,0.01,1126,1005518,买盘
961,14:08:27,8.92,--,207,184644,卖盘
962,14:08:24,8.92,--,565,503980,卖盘
963,14:08:21,8.92,--,57,50844,卖盘
964,14:08:18,8.92,--,36,32112,卖盘
965,14:08:15,8.92,--,100,89200,卖盘
966,14:08:12,8.92,--,29,25868,卖盘
967,14:08:09,8.92,-0.01,56,49952,卖盘
968,14:08:06,8.93,0.01,82,73226,买盘
969,14:08:03,8.92,--,21,18732,卖盘
970,14:08:00,8.92,--,100,89200,卖盘
971,14:07:57,8.92,--,114,101688,卖盘
972,14:07:54,8.92,--,105,93660,卖盘
973,14:07:51,8.92,--,166,148072,卖盘
974,14:07:48,8.92,--,118,105256,卖盘
975,14:07:45,8.92,-0.01,19,16948,卖盘
976,14:07:42,8.93,--,36,32148,买盘
977,14:07:36,8.93,0.01,18,16074,买盘
978,14:07:33,8.92,-0.01,59,52628,卖盘
979,14:07:30,8.93,--,6,5358,买盘
980,14:07:27,8.93,--,8,7144,卖盘
981,14:07:24,8.93,-0.01,108,96444,卖盘
982,14:07:21,8.94,0.01,46,41124,买盘
983,14:07:18,8.93,0.01,108,96444,卖盘
984,14:07:15,8.92,--,104,92768,卖盘
985,14:07:12,8.92,--,82,73144,卖盘
986,14:07:09,8.92,--,845,753740,卖盘
987,14:07:06,8.92,-0.01,76,68148,卖盘
988,14:07:03,8.93,--,75,67510,买盘
989,14:07:00,8.93,-0.01,28,25361,卖盘
990,14:06:57,8.94,0.01,54,48276,买盘
991,14:06:54,8.93,--,25,22325,卖盘
992,14:06:51,8.93,0.01,65,58580,中性盘
993,14:06:48,8.92,--,387,345596,卖盘
994,14:06:45,8.92,-0.01,51,45492,卖盘
995,14:06:42,8.93,0.01,78,69654,买盘
996,14:06:39,8.92,-0.01,126,112392,卖盘
997,14:06:36,8.93,0.01,288,257184,买盘
998,14:06:33,8.92,-0.01,165,147180,卖盘
999,14:06:30,8.93,0.01,125,111625,买盘
1000,14:06:27,8.92,-0.01,81,72252,卖盘
1001,14:06:24,8.93,--,370,330410,买盘
1002,14:06:21,8.93,--,222,198246,买盘
1003,14:06:18,8.93,0.01,35,31255,买盘
1004,14:06:15,8.92,-0.01,80,71360,卖盘
1005,14:06:12,8.93,--,92,82156,买盘
1006,14:06:09,8.93,0.01,85,75905,买盘
1007,14:06:06,8.92,--,52,46384,卖盘
1008,14:06:03,8.92,--,129,115068,卖盘
1009,14:06:00,8.92,-0.01,364,324688,卖盘
1010,14:05:57,8.93,0.01,24,21432,买盘
1011,14:05:54,8.92,-0.01,160,142720,卖盘
1012,14:05:51,8.93,--,59,52687,买盘
1013,14:05:48,8.93,0.01,54,48222,买盘
1014,14:05:45,8.92,--,48,42816,卖盘
1015,14:05:42,8.92,-0.01,156,139152,卖盘
1016,14:05:36,8.93,--,1114,994802,买盘
1017,14:05:33,8.93,0.01,15,13395,买盘
1018,14:05:30,8.92,--,86,76712,卖盘
1019,14:05:27,8.92,-0.01,91,81172,卖盘
1020,14:05:24,8.93,--,32,28576,买盘
1021,14:05:21,8.93,0.01,2,1786,买盘
1022,14:05:18,8.92,--,219,195348,卖盘
1023,14:05:15,8.92,--,77,68684,卖盘
1024,14:05:12,8.92,-0.01,192,171264,卖盘
1025,14:05:09,8.93,0.01,35,31255,买盘
1026,14:05:06,8.92,--,40,35680,卖盘
1027,14:05:03,8.92,--,222,198024,卖盘
1028,14:05:00,8.92,-0.01,45,40140,卖盘
1029,14:04:57,8.93,--,76,67868,买盘
1030,14:04:54,8.93,0.01,122,108946,买盘
1031,14:04:48,8.92,--,35,31220,卖盘
1032,14:04:45,8.92,--,79,70468,卖盘
1033,14:04:42,8.92,--,34,30328,卖盘
1034,14:04:39,8.92,--,121,107932,卖盘
1035,14:04:36,8.92,--,5,4460,卖盘
1036,14:04:33,8.92,--,598,533416,卖盘
1037,14:04:30,8.92,--,58,51736,卖盘
1038,14:04:27,8.92,-0.01,222,198024,卖盘
1039,14:04:24,8.93,0.01,251,224143,买盘
1040,14:04:21,8.92,--,4,3568,卖盘
1041,14:04:18,8.92,-0.01,1224,1092307,卖盘
1042,14:04:15,8.93,-0.01,100,89300,卖盘
1043,14:04:12,8.94,--,50,44700,买盘
1044,14:04:09,8.94,0.01,352,314688,买盘
1045,14:04:06,8.93,--,24,21432,卖盘
1046,14:04:03,8.93,--,24,21432,卖盘
1047,14:04:00,8.93,--,52,46436,卖盘
1048,14:03:57,8.93,--,46,41078,卖盘
1049,14:03:54,8.93,-0.01,50,44650,卖盘
1050,14:03:51,8.94,0.01,170,151980,买盘
1051,14:03:48,8.93,--,36,32148,卖盘
1052,14:03:45,8.93,--,161,143773,卖盘
1053,14:03:42,8.93,--,39,34827,卖盘
1054,14:03:39,8.93,--,119,106267,卖盘
1055,14:03:36,8.93,-0.01,412,367916,卖盘
1056,14:03:33,8.94,0.01,20,17880,买盘
1057,14:03:30,8.93,--,11,9823,卖盘
1058,14:03:27,8.93,-0.01,39,34827,卖盘
1059,14:03:24,8.94,--,183,163602,买盘
1060,14:03:21,8.94,--,512,457728,买盘
1061,14:03:18,8.94,0.01,7,6258,买盘
1062,14:03:15,8.93,-0.01,86,76798,卖盘
1063,14:03:12,8.94,0.01,1,894,买盘
1064,14:03:09,8.93,-0.01,26,23218,卖盘
1065,14:03:06,8.94,0.01,1219,1089786,买盘
1066,14:03:03,8.93,--,26,23218,卖盘
1067,14:03:00,8.93,--,9,8037,卖盘
1068,14:02:57,8.93,-0.01,1,893,卖盘
1069,14:02:54,8.94,0.01,108,96552,买盘
1070,14:02:51,8.93,--,119,106267,卖盘
1071,14:02:48,8.93,--,120,107160,卖盘
1072,14:02:45,8.93,--,59,52687,卖盘
1073,14:02:42,8.93,--,163,145559,卖盘
1074,14:02:39,8.93,--,247,220571,卖盘
1075,14:02:36,8.93,--,78,69654,卖盘
1076,14:02:33,8.93,-0.01,1231,1099283,卖盘
1077,14:02:30,8.94,--,25,22350,买盘
1078,14:02:27,8.94,--,261,233334,买盘
1079,14:02:24,8.94,0.01,211,188634,买盘
1080,14:02:21,8.93,--,542,484006,卖盘
1081,14:02:18,8.93,--,30,26790,卖盘
1082,14:02:15,8.93,--,599,534907,卖盘
1083,14:02:12,8.93,-0.01,2031,1813683,卖盘
1084,14:02:09,8.94,0.01,60,53640,买盘
1085,14:02:06,8.93,--,443,395599,卖盘
1086,14:02:03,8.93,--,245,218785,卖盘
1087,14:02:00,8.93,-0.01,28,25004,卖盘
1088,14:01:57,8.94,0.01,290,259260,买盘
1089,14:01:54,8.93,--,37,33041,卖盘
1090,14:01:51,8.93,--,2,1786,卖盘
1091,14:01:48,8.93,--,23,20539,卖盘
1092,14:01:45,8.93,-0.01,64,57152,卖盘
1093,14:01:42,8.94,0.01,172,153768,买盘
1094,14:01:39,8.93,-0.01,310,276830,卖盘
1095,14:01:36,8.94,0.01,15,13410,买盘
1096,14:01:33,8.93,--,78,69654,卖盘
1097,14:01:27,8.93,--,150,133950,卖盘
1098,14:01:24,8.93,-0.01,507,452751,卖盘
1099,14:01:21,8.94,--,43,38442,买盘
1100,14:01:18,8.94,--,15,13410,买盘
1101,14:01:15,8.94,--,110,98340,买盘
1102,14:01:12,8.94,0.01,29,25926,买盘
1103,14:01:09,8.93,-0.01,107,95551,卖盘
1104,14:01:06,8.94,--,6,5364,买盘
1105,14:01:03,8.94,--,8,7152,买盘
1106,14:01:00,8.94,--,497,444997,卖盘
1107,14:00:57,8.94,--,2,1788,卖盘
1108,14:00:54,8.94,--,55,49170,卖盘
1109,14:00:51,8.94,--,34,30396,卖盘
1110,14:00:48,8.94,--,38,33972,卖盘
1111,14:00:45,8.94,-0.01,13,11622,卖盘
1112,14:00:42,8.95,0.01,30,26849,买盘
1113,14:00:39,8.94,--,7,6258,卖盘
1114,14:00:36,8.94,-0.01,19,16986,卖盘
1115,14:00:33,8.95,0.01,8,7159,买盘
1116,14:00:30,8.94,--,8,7152,卖盘
1117,14:00:27,8.94,--,292,261048,卖盘
1118,14:00:24,8.94,-0.01,28,25032,卖盘
1119,14:00:21,8.95,0.01,37,33115,买盘
1120,14:00:18,8.94,--,15,13410,卖盘
1121,14:00:15,8.94,-0.01,2100,1877400,卖盘
1122,14:00:12,8.95,0.01,22,19690,买盘
1123,14:00:06,8.94,-0.01,21,18774,卖盘
1124,14:00:03,8.95,0.01,103,92184,买盘
1125,14:00:00,8.94,-0.01,57,50958,卖盘
1126,13:59:57,8.95,--,2,1789,买盘
1127,13:59:54,8.95,0.01,41,36695,买盘
1128,13:59:51,8.94,--,40,35760,卖盘
1129,13:59:48,8.94,-0.01,67,59898,卖盘
1130,13:59:45,8.95,--,63,56384,卖盘
1131,13:59:42,8.95,--,181,161995,卖盘
1132,13:59:39,8.95,--,20,17900,卖盘
1133,13:59:36,8.95,-0.01,13,11634,卖盘
1134,13:59:33,8.96,0.01,22,19712,买盘
1135,13:59:30,8.95,--,10,8950,卖盘
1136,13:59:27,8.95,--,58,51909,卖盘
1137,13:59:24,8.95,--,31,27744,卖盘
1138,13:59:21,8.95,-0.01,38,34010,卖盘
1139,13:59:18,8.96,--,121,108416,买盘
1140,13:59:15,8.96,--,72,64512,买盘
1141,13:59:12,8.96,--,21,18816,买盘
1142,13:59:09,8.96,0.01,1,896,买盘
1143,13:59:06,8.95,0.01,20,17900,中性盘
1144,13:59:03,8.94,--,40,35760,卖盘
1145,13:59:00,8.94,-0.01,171,152874,卖盘
1146,13:58:57,8.95,0.01,261,233594,买盘
1147,13:58:54,8.94,-0.01,73,65262,卖盘
1148,13:58:51,8.95,0.01,340,304300,买盘
1149,13:58:48,8.94,-0.01,18,16092,卖盘
1150,13:58:45,8.95,--,52,46539,买盘
1151,13:58:42,8.95,0.01,148,132460,买盘
1152,13:58:39,8.94,-0.01,323,288762,卖盘
1153,13:58:33,8.95,0.01,8,7159,买盘
1154,13:58:30,8.94,--,27,24138,卖盘
1155,13:58:27,8.94,--,25,22350,卖盘
1156,13:58:24,8.94,--,65,58110,卖盘
1157,13:58:21,8.94,-0.01,19,16986,卖盘
1158,13:58:18,8.95,0.01,97,86815,买盘
1159,13:58:15,8.94,-0.01,51,45594,卖盘
1160,13:58:12,8.95,--,28,25059,买盘
1161,13:58:09,8.95,--,40,35800,买盘
1162,13:58:06,8.95,--,103,92184,买盘
1163,13:58:03,8.95,--,68,60859,买盘
1164,13:58:00,8.95,0.01,15,13424,买盘
1165,13:57:57,8.94,-0.01,30,26820,卖盘
1166,13:57:51,8.95,-0.01,1504,1346080,卖盘
1167,13:57:48,8.96,0.01,63,56448,买盘
1168,13:57:45,8.95,-0.01,38,34010,卖盘
1169,13:57:42,8.96,0.01,6,5376,买盘
1170,13:57:39,8.95,--,956,855619,卖盘
1171,13:57:36,8.95,--,56,50119,卖盘
1172,13:57:33,8.95,--,20,17900,卖盘
1173,13:57:27,8.95,--,24,21480,卖盘
1174,13:57:24,8.95,--,19,17005,卖盘
1175,13:57:21,8.95,--,21,18795,卖盘
1176,13:57:18,8.95,-0.01,28,25059,卖盘
1177,13:57:15,8.96,--,9,8064,买盘
1178,13:57:12,8.96,--,21,18816,卖盘
1179,13:57:09,8.96,--,51,45696,卖盘
1180,13:57:03,8.96,--,315,282240,卖盘
1181,13:57:00,8.96,-0.01,18,16128,卖盘
1182,13:56:57,8.97,0.01,56,50232,买盘
1183,13:56:54,8.96,--,51,45696,卖盘
1184,13:56:51,8.96,-0.01,175,156800,卖盘
1185,13:56:48,8.97,0.01,93,83421,买盘
1186,13:56:45,8.96,-0.01,9,8064,卖盘
1187,13:56:42,8.97,0.01,1091,978627,买盘
1188,13:56:39,8.96,--,33,29568,卖盘
1189,13:56:36,8.96,--,34,30464,卖盘
1190,13:56:30,8.96,--,1685,1509760,卖盘
1191,13:56:27,8.96,--,3,2688,卖盘
1192,13:56:24,8.96,-0.01,60,54476,卖盘
1193,13:56:21,8.97,--,180,161460,卖盘
1194,13:56:18,8.97,--,126,113022,卖盘
1195,13:56:15,8.97,--,172,154284,卖盘
1196,13:56:12,8.97,--,170,152490,卖盘
1197,13:56:09,8.97,--,54,48438,卖盘
1198,13:56:06,8.97,--,287,257439,卖盘
1199,13:56:03,8.97,-0.01,52,46644,卖盘
1200,13:56:00,8.98,--,14,12572,买盘
1201,13:55:57,8.98,--,4,3592,买盘
1202,13:55:54,8.98,0.01,58,52084,买盘
1203,13:55:51,8.97,--,80,71760,卖盘
1204,13:55:48,8.97,--,113,101361,卖盘
1205,13:55:45,8.97,--,165,148005,卖盘
1206,13:55:42,8.97,--,5,4485,卖盘
1207,13:55:39,8.97,-0.01,39,34983,卖盘
1208,13:55:36,8.98,--,291,261318,买盘
1209,13:55:33,8.98,0.01,16,14368,买盘
1210,13:55:30,8.97,--,2,1794,卖盘
1211,13:55:27,8.97,--,46,41262,卖盘
1212,13:55:24,8.97,--,13,11661,卖盘
1213,13:55:21,8.97,--,100,89700,卖盘
1214,13:55:18,8.97,--,28,25116,卖盘
1215,13:55:15,8.97,--,18,16146,卖盘
1216,13:55:12,8.97,-0.01,130,116610,卖盘
1217,13:55:09,8.98,0.01,36,32328,买盘
1218,13:55:06,8.97,--,27,24219,卖盘
1219,13:55:03,8.97,-0.01,33,29601,卖盘
1220,13:55:00,8.98,0.01,31,27838,买盘
1221,13:54:57,8.97,--,173,155181,卖盘
1222,13:54:54,8.97,--,44,39468,卖盘
1223,13:54:48,8.97,--,61,54896,卖盘
1224,13:54:45,8.97,-0.01,14,12558,卖盘
1225,13:54:42,8.98,--,29,26042,买盘
1226,13:54:39,8.98,0.01,20,17960,买盘
1227,13:54:36,8.97,--,2,1794,卖盘
1228,13:54:33,8.97,--,94,84318,卖盘
1229,13:54:30,8.97,--,27,24219,卖盘
1230,13:54:27,8.97,--,10,8970,卖盘
1231,13:54:24,8.97,--,32,28704,卖盘
1232,13:54:21,8.97,--,52,46644,卖盘
1233,13:54:18,8.97,--,44,39468,卖盘
1234,13:54:15,8.97,--,48,43056,卖盘
1235,13:54:12,8.97,--,163,146211,卖盘
1236,13:54:09,8.97,-0.01,53,47541,卖盘
1237,13:54:06,8.98,0.01,5,4490,买盘
1238,13:54:03,8.97,--,44,39468,卖盘
1239,13:54:00,8.97,--,6,5382,卖盘
1240,13:53:57,8.97,--,48,43056,卖盘
1241,13:53:51,8.97,-0.01,2,1794,卖盘
1242,13:53:48,8.98,0.01,103,92494,买盘
1243,13:53:45,8.97,-0.01,43,38571,卖盘
1244,13:53:42,8.98,--,12,10776,卖盘
1245,13:53:39,8.98,0.01,56,50288,买盘
1246,13:53:36,8.97,--,48,43056,卖盘
1247,13:53:33,8.97,-0.01,34,30498,卖盘
1248,13:53:30,8.98,--,10,8980,买盘
1249,13:53:27,8.98,--,20,17960,买盘
1250,13:53:24,8.98,0.01,41,36818,买盘
1251,13:53:21,8.97,--,13,11661,卖盘
1252,13:53:18,8.97,--,18,16146,卖盘
1253,13:53:15,8.97,--,4,3588,卖盘
1254,13:53:12,8.97,-0.01,33,29601,卖盘
1255,13:53:09,8.98,0.01,173,155354,买盘
1256,13:53:06,8.97,-0.01,2,1794,卖盘
1257,13:53:03,8.98,0.01,58,52084,买盘
1258,13:53:00,8.97,-0.01,17,15249,卖盘
1259,13:52:54,8.98,--,41,36818,买盘
1260,13:52:51,8.98,0.01,200,179600,买盘
1261,13:52:48,8.97,--,45,40365,卖盘
1262,13:52:45,8.97,--,8,7176,卖盘
1263,13:52:42,8.97,--,63,56511,卖盘
1264,13:52:39,8.97,--,21,18837,卖盘
1265,13:52:36,8.97,-0.01,39,34983,卖盘
1266,13:52:33,8.98,0.01,1,898,买盘
1267,13:52:30,8.97,--,5,4485,卖盘
1268,13:52:27,8.97,-0.01,19,17043,卖盘
1269,13:52:24,8.98,--,22,19756,买盘
1270,13:52:21,8.98,--,12,10776,买盘
1271,13:52:18,8.98,0.01,109,97882,买盘
1272,13:52:15,8.97,-0.01,40,35880,卖盘
1273,13:52:12,8.98,--,10,8980,买盘
1274,13:52:09,8.98,0.01,10,8980,买盘
1275,13:52:06,8.97,-0.01,50,44850,卖盘
1276,13:52:03,8.98,--,55,49390,卖盘
1277,13:52:00,8.98,--,434,389732,买盘
1278,13:51:54,8.98,0.01,53,47594,买盘
1279,13:51:51,8.97,--,33,29601,卖盘
1280,13:51:48,8.97,-0.01,19,17043,卖盘
1281,13:51:42,8.98,--,59,52982,买盘
1282,13:51:39,8.98,--,9,8082,买盘
1283,13:51:36,8.98,--,16,14368,买盘
1284,13:51:33,8.98,--,28,25144,买盘
1285,13:51:30,8.98,0.01,52,46696,买盘
1286,13:51:27,8.97,--,63,56511,卖盘
1287,13:51:24,8.97,-0.01,87,78039,卖盘
1288,13:51:21,8.98,0.01,398,357404,买盘
1289,13:51:18,8.97,--,25,22425,卖盘
1290,13:51:15,8.97,--,79,70863,卖盘
1291,13:51:12,8.97,--,1,897,卖盘
1292,13:51:09,8.97,-0.01,2,1794,卖盘
1293,13:51:06,8.98,0.01,60,53880,买盘
1294,13:51:03,8.97,-0.01,19,17043,卖盘
1295,13:51:00,8.98,--,50,44900,买盘
1296,13:50:57,8.98,0.01,5,4490,买盘
1297,13:50:54,8.97,-0.01,24,21528,卖盘
1298,13:50:51,8.98,0.01,63,56574,买盘
1299,13:50:48,8.97,-0.01,20,17940,卖盘
1300,13:50:45,8.98,0.01,140,125720,买盘
1301,13:50:42,8.97,--,76,68172,卖盘
1302,13:50:39,8.97,--,63,56511,卖盘
1303,13:50:36,8.97,--,163,146211,卖盘
1304,13:50:33,8.97,--,20,17940,卖盘
1305,13:50:30,8.97,-0.01,10,8970,卖盘
1306,13:50:27,8.98,--,21,18858,买盘
1307,13:50:24,8.98,--,69,61962,卖盘
1308,13:50:21,8.98,-0.01,48,43104,卖盘
1309,13:50:18,8.99,0.01,100,89900,买盘
1310,13:50:12,8.98,--,2,1796,卖盘
1311,13:50:09,8.98,--,19,17062,卖盘
1312,13:50:06,8.98,--,144,129312,买盘
1313,13:50:03,8.98,0.01,335,300830,买盘
1314,13:50:00,8.97,-0.01,52,46644,卖盘
1315,13:49:57,8.98,0.01,95,85310,买盘
1316,13:49:54,8.97,-0.01,2,1794,卖盘
1317,13:49:51,8.98,0.01,4,3592,买盘
1318,13:49:48,8.97,--,14,12558,卖盘
1319,13:49:45,8.97,-0.01,24,21528,卖盘
1320,13:49:42,8.98,--,8,7184,买盘
1321,13:49:39,8.98,--,5,4490,买盘
1322,13:49:36,8.98,0.01,145,130210,买盘
1323,13:49:33,8.97,-0.01,12,10764,卖盘
1324,13:49:30,8.98,0.01,55,49390,买盘
1325,13:49:27,8.97,--,13,11661,卖盘
1326,13:49:24,8.97,-0.01,26,23322,卖盘
1327,13:49:21,8.98,0.01,49,44002,买盘
1328,13:49:18,8.97,-0.01,2,1794,卖盘
1329,13:49:15,8.98,0.01,100,89800,买盘
1330,13:49:12,8.97,--,56,50232,卖盘
1331,13:49:09,8.97,-0.01,25,22425,卖盘
1332,13:49:03,8.98,--,73,65554,买盘
1333,13:49:00,8.98,0.01,22,19756,买盘
1334,13:48:57,8.97,--,10,8970,卖盘
1335,13:48:54,8.97,--,41,36777,卖盘
1336,13:48:51,8.97,--,6,5382,卖盘
1337,13:48:48,8.97,--,30,26910,卖盘
1338,13:48:42,8.97,-0.01,12,10764,卖盘
1339,13:48:39,8.98,0.01,14,12572,买盘
1340,13:48:36,8.97,--,30,26910,卖盘
1341,13:48:33,8.97,--,32,28704,卖盘
1342,13:48:27,8.97,-0.01,35,31395,卖盘
1343,13:48:24,8.98,--,33,29634,买盘
1344,13:48:21,8.98,--,26,23348,买盘
1345,13:48:18,8.98,0.01,5,4490,买盘
1346,13:48:15,8.97,--,29,26013,卖盘
1347,13:48:12,8.97,--,164,147108,卖盘
1348,13:48:09,8.97,-0.01,103,92391,卖盘
1349,13:48:06,8.98,0.01,45,40410,买盘
1350,13:48:03,8.97,--,37,33189,卖盘
1351,13:47:57,8.97,-0.01,2,1794,卖盘
1352,13:47:54,8.98,0.01,355,318790,买盘
1353,13:47:51,8.97,--,18,16146,卖盘
1354,13:47:48,8.97,--,17,15249,卖盘
1355,13:47:45,8.97,--,5,4485,卖盘
1356,13:47:42,8.97,--,10,8970,卖盘
1357,13:47:39,8.97,--,17,15249,卖盘
1358,13:47:36,8.97,--,2,1794,卖盘
1359,13:47:33,8.97,--,71,63687,卖盘
1360,13:47:30,8.97,-0.01,18,16146,卖盘
1361,13:47:27,8.98,0.01,23,20654,买盘
1362,13:47:24,8.97,-0.01,17,15249,卖盘
1363,13:47:21,8.98,--,38,34124,买盘
1364,13:47:18,8.98,--,29,26042,买盘
1365,13:47:15,8.98,--,148,132904,买盘
1366,13:47:12,8.98,0.01,14,12572,买盘
1367,13:47:06,8.97,-0.01,39,34983,卖盘
1368,13:47:03,8.98,--,434,389911,买盘
1369,13:47:00,8.98,--,84,75432,买盘
1370,13:46:57,8.98,--,129,115842,买盘
1371,13:46:54,8.98,0.01,2,1796,买盘
1372,13:46:51,8.97,-0.01,6,5382,卖盘
1373,13:46:48,8.98,0.01,24,21552,买盘
1374,13:46:45,8.97,-0.01,237,212589,卖盘
1375,13:46:42,8.98,--,118,105964,买盘
1376,13:46:39,8.98,0.01,8,7184,买盘
1377,13:46:36,8.97,-0.01,263,235911,卖盘
1378,13:46:33,8.98,0.01,115,103270,买盘
1379,13:46:27,8.97,-0.01,19,17043,卖盘
1380,13:46:24,8.98,--,60,53880,买盘
1381,13:46:21,8.98,0.01,237,212826,买盘
1382,13:46:18,8.97,-0.01,20,17940,卖盘
1383,13:46:15,8.98,0.01,4,3592,买盘
1384,13:46:12,8.97,--,22,19734,卖盘
1385,13:46:09,8.97,--,39,34983,卖盘
1386,13:46:06,8.97,-0.01,21,18837,卖盘
1387,13:46:03,8.98,--,38,34124,买盘
1388,13:46:00,8.98,0.01,19,17062,买盘
1389,13:45:54,8.97,-0.01,41,36777,卖盘
1390,13:45:51,8.98,0.01,21,18858,买盘
1391,13:45:48,8.97,--,55,49335,卖盘
1392,13:45:45,8.97,-0.01,2,1794,卖盘
1393,13:45:42,8.98,0.01,6,5388,买盘
1394,13:45:36,8.97,--,17,15249,卖盘
1395,13:45:33,8.97,-0.01,23,20631,卖盘
1396,13:45:30,8.98,--,81,72738,买盘
1397,13:45:27,8.98,0.01,36,32328,买盘
1398,13:45:24,8.97,-0.01,20,17940,卖盘
1399,13:45:21,8.98,--,5,4490,买盘
1400,13:45:15,8.98,0.01,26,23348,买盘
1401,13:45:12,8.97,-0.01,94,84318,卖盘
1402,13:45:09,8.98,--,14,12572,买盘
1403,13:45:06,8.98,0.01,21,18858,买盘
1404,13:45:03,8.97,-0.01,45,40365,卖盘
1405,13:44:57,8.98,0.01,32,28736,买盘
1406,13:44:54,8.97,0.01,12,10764,卖盘
1407,13:44:51,8.96,--,50,44800,卖盘
1408,13:44:48,8.96,-0.02,93,83328,卖盘
1409,13:44:45,8.98,0.02,29,26042,买盘
1410,13:44:42,8.96,--,8,7168,卖盘
1411,13:44:39,8.96,-0.01,22,19712,卖盘
1412,13:44:36,8.97,--,31,27807,卖盘
1413,13:44:33,8.97,--,24,21528,卖盘
1414,13:44:30,8.97,-0.01,34,30498,卖盘
1415,13:44:27,8.98,0.01,16,14368,买盘
1416,13:44:24,8.97,--,10,8970,卖盘
1417,13:44:21,8.97,--,43,38571,卖盘
1418,13:44:18,8.97,-0.01,37,33189,卖盘
1419,13:44:15,8.98,0.01,109,97882,买盘
1420,13:44:12,8.97,--,3,2691,卖盘
1421,13:44:06,8.97,-0.01,17,15249,卖盘
1422,13:44:03,8.98,--,53,47594,买盘
1423,13:44:00,8.98,0.01,112,100576,买盘
1424,13:43:57,8.97,--,62,55614,卖盘
1425,13:43:54,8.97,-0.01,7,6279,卖盘
1426,13:43:51,8.98,0.01,216,193968,买盘
1427,13:43:48,8.97,-0.01,2,1794,卖盘
1428,13:43:45,8.98,--,51,45798,买盘
1429,13:43:42,8.98,0.01,5,4490,买盘
1430,13:43:39,8.97,--,22,19734,卖盘
1431,13:43:36,8.97,--,1,897,卖盘
1432,13:43:33,8.97,--,24,21528,卖盘
1433,13:43:30,8.97,-0.01,161,144417,卖盘
1434,13:43:27,8.98,0.01,28,25144,买盘
1435,13:43:24,8.97,--,14,12558,卖盘
1436,13:43:21,8.97,-0.01,25,22425,卖盘
1437,13:43:18,8.98,0.01,29,26042,买盘
1438,13:43:15,8.97,-0.01,7,6279,卖盘
1439,13:43:12,8.98,0.01,22,19756,买盘
1440,13:43:09,8.97,-0.01,24,21528,卖盘
1441,13:43:03,8.98,0.01,47,42206,买盘
1442,13:43:00,8.97,-0.01,31,27807,卖盘
1443,13:42:57,8.98,0.01,14,12572,买盘
1444,13:42:51,8.97,--,269,241293,卖盘
1445,13:42:48,8.97,--,61,54717,卖盘
1446,13:42:45,8.97,--,50,44850,卖盘
1447,13:42:42,8.97,--,16,14352,卖盘
1448,13:42:39,8.97,--,5,4485,卖盘
1449,13:42:36,8.97,--,39,34983,卖盘
1450,13:42:33,8.97,--,36,32292,卖盘
1451,13:42:30,8.97,--,92,82524,卖盘
1452,13:42:27,8.97,-0.01,38,34086,卖盘
1453,13:42:24,8.98,--,58,52084,买盘
1454,13:42:21,8.98,0.01,75,67350,买盘
1455,13:42:18,8.97,--,23,20631,卖盘
1456,13:42:15,8.97,-0.01,119,106743,卖盘
1457,13:42:12,8.98,0.01,7,6286,买盘
1458,13:42:09,8.97,--,38,34086,卖盘
1459,13:42:06,8.97,--,10,8970,卖盘
1460,13:42:03,8.97,-0.01,38,34086,卖盘
1461,13:42:00,8.98,0.01,41,36818,买盘
1462,13:41:54,8.97,--,10,8970,卖盘
1463,13:41:51,8.97,--,708,635076,卖盘
1464,13:41:48,8.97,-0.02,35,31395,卖盘
1465,13:41:45,8.99,0.01,285,256215,买盘
1466,13:41:42,8.98,--,98,88004,买盘
1467,13:41:39,8.98,--,23,20654,买盘
1468,13:41:36,8.98,--,91,81718,卖盘
1469,13:41:33,8.98,-0.01,1,898,卖盘
1470,13:41:30,8.99,0.01,20,17980,买盘
1471,13:41:27,8.98,0.01,43,38614,买盘
1472,13:41:24,8.97,--,200,179400,卖盘
1473,13:41:21,8.97,-0.01,6,5382,卖盘
1474,13:41:18,8.98,-0.01,20,17960,卖盘
1475,13:41:15,8.99,0.01,17,15283,买盘
1476,13:41:12,8.98,0.01,13,11674,中性盘
1477,13:41:09,8.97,--,104,93288,卖盘
1478,13:41:06,8.97,--,28,25116,卖盘
1479,13:41:03,8.97,--,330,296010,卖盘
1480,13:41:00,8.97,--,79,70863,卖盘
1481,13:40:57,8.97,-0.01,18,16146,卖盘
1482,13:40:54,8.98,0.01,53,47594,买盘
1483,13:40:51,8.97,--,8,7176,卖盘
1484,13:40:48,8.97,-0.01,584,523848,卖盘
1485,13:40:45,8.98,0.01,25,22450,买盘
1486,13:40:42,8.97,--,81,72657,卖盘
1487,13:40:39,8.97,--,43,38571,卖盘
1488,13:40:36,8.97,--,14,12558,卖盘
1489,13:40:33,8.97,-0.01,248,222456,卖盘
1490,13:40:30,8.98,0.01,1,898,买盘
1491,13:40:27,8.97,-0.01,26,23322,卖盘
1492,13:40:24,8.98,0.01,4,3592,中性盘
1493,13:40:21,8.97,-0.01,20,17940,卖盘
1494,13:40:18,8.98,0.01,291,261856,买盘
1495,13:40:15,8.97,--,22,19734,卖盘
1496,13:40:12,8.97,--,16,14352,卖盘
1497,13:40:09,8.97,--,27,24219,买盘
1498,13:40:06,8.97,--,17,15249,买盘
1499,13:40:03,8.97,--,70,62790,买盘
1500,13:40:00,8.97,--,39,34983,卖盘
1501,13:39:57,8.97,-0.01,39,34983,卖盘
1502,13:39:54,8.98,0.02,190,170620,买盘
1503,13:39:51,8.96,--,46,41216,卖盘
1504,13:39:48,8.96,--,40,35840,卖盘
1505,13:39:45,8.96,-0.01,353,316288,卖盘
1506,13:39:42,8.97,--,23,20631,买盘
1507,13:39:39,8.97,0.01,32,28704,中性盘
1508,13:39:36,8.96,--,34,30464,卖盘
1509,13:39:33,8.96,--,36,32256,卖盘
1510,13:39:30,8.96,-0.01,246,220416,卖盘
1511,13:39:27,8.97,0.01,31,27807,买盘
1512,13:39:24,8.96,--,53,47488,卖盘
1513,13:39:21,8.96,--,41,36736,卖盘
1514,13:39:18,8.96,-0.01,58,51968,卖盘
1515,13:39:15,8.97,0.01,1,897,买盘
1516,13:39:12,8.96,--,332,297472,卖盘
1517,13:39:09,8.96,--,60,53760,卖盘
1518,13:39:06,8.96,--,61,54656,卖盘
1519,13:39:03,8.96,--,29,25984,卖盘
1520,13:39:00,8.96,-0.01,17,15232,卖盘
1521,13:38:54,8.97,0.01,5,4485,买盘
1522,13:38:51,8.96,-0.01,171,153216,卖盘
1523,13:38:48,8.97,--,32,28704,卖盘
1524,13:38:45,8.97,--,15,13455,卖盘
1525,13:38:39,8.97,--,150,134550,卖盘
1526,13:38:36,8.97,--,2,1794,卖盘
1527,13:38:33,8.97,--,3,2691,卖盘
1528,13:38:30,8.97,--,170,152490,卖盘
1529,13:38:27,8.97,--,45,40365,卖盘
1530,13:38:24,8.97,--,20,17940,卖盘
1531,13:38:21,8.97,--,10,8970,卖盘
1532,13:38:18,8.97,--,44,39468,卖盘
1533,13:38:15,8.97,0.01,182,163254,买盘
1534,13:38:12,8.96,-0.01,3,2688,卖盘
1535,13:38:09,8.97,--,128,114816,买盘
1536,13:38:06,8.97,0.01,26,23322,买盘
1537,13:38:03,8.96,--,35,31360,卖盘
1538,13:38:00,8.96,-0.01,509,456064,卖盘
1539,13:37:57,8.97,0.01,17,15249,买盘
1540,13:37:54,8.96,--,29,25984,卖盘
1541,13:37:51,8.96,--,30,26880,卖盘
1542,13:37:48,8.96,--,135,120960,卖盘
1543,13:37:45,8.96,-0.01,106,94976,卖盘
1544,13:37:42,8.97,--,83,74451,卖盘
1545,13:37:39,8.97,--,26,23322,卖盘
1546,13:37:36,8.97,--,3,2691,卖盘
1547,13:37:33,8.97,--,3,2691,卖盘
1548,13:37:30,8.97,0.01,27,24219,卖盘
1549,13:37:27,8.96,--,5,4480,卖盘
1550,13:37:24,8.96,-0.01,385,344960,卖盘
1551,13:37:21,8.97,--,30,26910,买盘
1552,13:37:18,8.97,--,27,24219,卖盘
1553,13:37:15,8.97,--,92,82524,买盘
1554,13:37:12,8.97,0.01,7,6279,买盘
1555,13:37:09,8.96,--,144,129024,卖盘
1556,13:37:06,8.96,-0.01,90,80640,卖盘
1557,13:37:03,8.97,--,24,21528,卖盘
1558,13:37:00,8.97,0.01,3,2691,买盘
1559,13:36:57,8.96,-0.02,21,18816,卖盘
1560,13:36:54,8.98,--,11,9878,买盘
1561,13:36:51,8.98,0.02,9,8082,买盘
1562,13:36:48,8.96,-0.02,31,27776,卖盘
1563,13:36:45,8.98,--,14,12572,买盘
1564,13:36:39,8.98,0.01,32,28736,买盘
1565,13:36:36,8.97,0.01,913,818961,买盘
1566,13:36:33,8.96,-0.01,1,896,卖盘
1567,13:36:30,8.97,--,169,151593,买盘
1568,13:36:27,8.97,-0.01,50,44850,中性盘
1569,13:36:24,8.98,0.01,82,73636,买盘
1570,13:36:21,8.97,--,2,1794,卖盘
1571,13:36:15,8.97,0.01,62,55614,中性盘
1572,13:36:12,8.96,--,27,24192,卖盘
1573,13:36:09,8.96,-0.01,190,170240,卖盘
1574,13:36:06,8.97,0.01,80,71760,买盘
1575,13:36:03,8.96,--,84,75264,卖盘
1576,13:36:00,8.96,-0.01,13,11648,卖盘
1577,13:35:57,8.97,0.01,1,897,买盘
1578,13:35:54,8.96,--,2,1792,卖盘
1579,13:35:51,8.96,--,18,16128,卖盘
1580,13:35:48,8.96,-0.02,42,37632,卖盘
1581,13:35:45,8.98,0.01,1028,923144,买盘
1582,13:35:42,8.97,--,86,77142,卖盘
1583,13:35:39,8.97,-0.01,118,105846,卖盘
1584,13:35:36,8.98,--,5,4490,买盘
1585,13:35:33,8.98,--,62,55676,买盘
1586,13:35:30,8.98,0.01,1,898,买盘
1587,13:35:27,8.97,--,70,62790,卖盘
1588,13:35:24,8.97,--,11,9867,卖盘
1589,13:35:21,8.97,--,1,897,卖盘
1590,13:35:18,8.97,--,16,14352,卖盘
1591,13:35:15,8.97,--,130,116610,卖盘
1592,13:35:12,8.97,--,2,1794,卖盘
1593,13:35:06,8.97,--,2,1794,卖盘
1594,13:35:03,8.97,-0.01,101,90597,卖盘
1595,13:35:00,8.98,0.01,5,4490,买盘
1596,13:34:54,8.97,-0.01,47,42159,卖盘
1597,13:34:51,8.98,0.01,30,26940,买盘
1598,13:34:48,8.97,0.01,133,119301,买盘
1599,13:34:45,8.96,-0.01,76,68096,卖盘
1600,13:34:42,8.97,--,30,26910,卖盘
1601,13:34:39,8.97,--,36,32292,卖盘
1602,13:34:36,8.97,--,99,88803,卖盘
1603,13:34:33,8.97,--,43,38571,卖盘
1604,13:34:30,8.97,-0.01,47,42159,卖盘
1605,13:34:27,8.98,0.01,45,40410,买盘
1606,13:34:24,8.97,-0.01,229,205413,卖盘
1607,13:34:21,8.98,0.01,43,38614,买盘
1608,13:34:18,8.97,-0.01,144,129168,卖盘
1609,13:34:15,8.98,--,63,56574,买盘
1610,13:34:12,8.98,--,22,19756,买盘
1611,13:34:09,8.98,0.01,56,50288,买盘
1612,13:34:06,8.97,--,28,25116,卖盘
1613,13:34:03,8.97,--,32,28704,卖盘
1614,13:34:00,8.97,--,105,94185,卖盘
1615,13:33:57,8.97,--,15,13455,卖盘
1616,13:33:54,8.97,-0.01,34,30498,卖盘
1617,13:33:51,8.98,0.01,6,5388,买盘
1618,13:33:48,8.97,--,1,897,卖盘
1619,13:33:45,8.97,--,334,299598,卖盘
1620,13:33:42,8.97,--,25,22425,卖盘
1621,13:33:39,8.97,-0.01,204,182988,卖盘
1622,13:33:36,8.98,0.02,100,89800,买盘
1623,13:33:33,8.96,-0.02,47,42112,卖盘
1624,13:33:27,8.98,--,126,113148,买盘
1625,13:33:24,8.98,0.01,18,16164,买盘
1626,13:33:21,8.97,--,18,16146,卖盘
1627,13:33:18,8.97,--,2,1794,卖盘
1628,13:33:15,8.97,--,114,102258,卖盘
1629,13:33:12,8.97,--,36,32292,卖盘
1630,13:33:09,8.97,--,18,16146,卖盘
1631,13:33:06,8.97,--,2,1794,卖盘
1632,13:33:03,8.97,--,119,106743,卖盘
1633,13:32:57,8.97,-0.01,28,25116,卖盘
1634,13:32:54,8.98,0.01,28,25144,买盘
1635,13:32:51,8.97,--,18,16146,买盘
1636,13:32:48,8.97,--,19,17043,卖盘
1637,13:32:45,8.97,--,12,10764,卖盘
1638,13:32:42,8.97,0.01,46,41262,买盘
1639,13:32:39,8.96,--,2,1792,卖盘
1640,13:32:36,8.96,--,18,16128,卖盘
1641,13:32:33,8.96,-0.01,38,34048,卖盘
1642,13:32:27,8.97,0.01,124,111228,买盘
1643,13:32:24,8.96,--,53,47488,卖盘
1644,13:32:21,8.96,--,101,90496,卖盘
1645,13:32:18,8.96,--,108,96768,卖盘
1646,13:32:15,8.96,--,6,5376,卖盘
1647,13:32:12,8.96,-0.01,13,11648,卖盘
1648,13:32:09,8.97,--,1014,909558,买盘
1649,13:32:06,8.97,0.01,444,398268,买盘
1650,13:32:03,8.96,-0.01,48,43008,卖盘
1651,13:32:00,8.97,--,205,183885,买盘
1652,13:31:57,8.97,0.01,57,51129,买盘
1653,13:31:54,8.96,--,135,120960,卖盘
1654,13:31:51,8.96,--,76,68096,卖盘
1655,13:31:48,8.96,--,38,34048,卖盘
1656,13:31:45,8.96,--,135,120960,卖盘
1657,13:31:42,8.96,--,80,71680,卖盘
1658,13:31:39,8.96,--,517,463232,卖盘
1659,13:31:36,8.96,--,4,3584,卖盘
1660,13:31:33,8.96,-0.01,79,70784,卖盘
1661,13:31:30,8.97,0.01,729,653913,买盘
1662,13:31:27,8.96,--,99,88704,卖盘
1663,13:31:24,8.96,-0.01,542,485632,卖盘
1664,13:31:21,8.97,--,56,50232,买盘
1665,13:31:18,8.97,--,830,744510,买盘
1666,13:31:15,8.97,--,3,2691,买盘
1667,13:31:12,8.97,--,5,4485,买盘
1668,13:31:09,8.97,--,8,7176,买盘
1669,13:31:06,8.97,--,50,44850,买盘
1670,13:31:03,8.97,--,9,8073,卖盘
1671,13:31:00,8.97,-0.01,29,26013,卖盘
1672,13:30:57,8.98,0.01,12,10776,买盘
1673,13:30:54,8.97,--,29,26013,卖盘
1674,13:30:51,8.97,--,21,18837,卖盘
1675,13:30:48,8.97,--,199,178503,卖盘
1676,13:30:45,8.97,--,85,76245,卖盘
1677,13:30:42,8.97,--,21,18837,卖盘
1678,13:30:39,8.97,-0.01,16,14352,卖盘
1679,13:30:36,8.98,--,1,898,买盘
1680,13:30:33,8.98,0.01,71,63758,买盘
1681,13:30:30,8.97,--,154,138138,买盘
1682,13:30:27,8.97,0.01,20,17940,买盘
1683,13:30:24,8.96,-0.01,32,28672,卖盘
1684,13:30:21,8.97,--,194,174018,买盘
1685,13:30:18,8.97,--,108,96876,买盘
1686,13:30:15,8.97,0.01,65,58305,卖盘
1687,13:30:12,8.96,--,2,1792,卖盘
1688,13:30:09,8.96,-0.01,250,224000,卖盘
1689,13:30:06,8.97,0.01,77,69069,买盘
1690,13:30:03,8.96,--,11,9856,卖盘
1691,13:30:00,8.96,--,22,19712,卖盘
1692,13:29:57,8.96,-0.01,76,68096,卖盘
1693,13:29:54,8.97,--,51,45747,买盘
1694,13:29:51,8.97,--,19,17043,买盘
1695,13:29:48,8.97,0.01,106,95082,买盘
1696,13:29:45,8.96,-0.01,104,93184,卖盘
1697,13:29:42,8.97,0.01,140,125580,买盘
1698,13:29:39,8.96,-0.01,12,10752,卖盘
1699,13:29:36,8.97,--,29,26013,买盘
1700,13:29:33,8.97,--,10,8970,买盘
1701,13:29:30,8.97,-0.01,7,6279,卖盘
1702,13:29:27,8.98,--,50,44900,买盘
1703,13:29:24,8.98,--,32,28736,买盘
1704,13:29:21,8.98,--,3,2694,买盘
1705,13:29:15,8.98,0.02,11,9878,买盘
1706,13:29:12,8.96,-0.02,32,28672,卖盘
1707,13:29:09,8.98,0.02,45,40410,买盘
1708,13:29:06,8.96,-0.02,2,1792,卖盘
1709,13:29:03,8.98,0.02,61,54778,买盘
1710,13:29:00,8.96,0.01,47,42112,中性盘
1711,13:28:51,8.95,-0.01,47,42065,卖盘
1712,13:28:48,8.96,-0.02,323,289408,卖盘
1713,13:28:45,8.98,0.01,40,35920,买盘
1714,13:28:42,8.97,-0.01,81,72657,卖盘
1715,13:28:39,8.98,0.02,20,17960,买盘
1716,13:28:36,8.96,-0.02,250,224000,卖盘
1717,13:28:33,8.98,0.01,508,456184,买盘
1718,13:28:30,8.97,--,49,43953,卖盘
1719,13:28:27,8.97,--,17,15249,卖盘
1720,13:28:24,8.97,--,66,59202,买盘
1721,13:28:21,8.97,0.01,12,10764,买盘
1722,13:28:15,8.96,-0.01,36,32256,卖盘
1723,13:28:12,8.97,--,170,152490,买盘
1724,13:28:09,8.97,--,772,692484,卖盘
1725,13:28:06,8.97,-0.01,517,463749,卖盘
1726,13:28:03,8.98,0.01,1038,932124,买盘
1727,13:28:00,8.97,--,9,8073,卖盘
1728,13:27:57,8.97,--,2,1794,卖盘
1729,13:27:51,8.97,--,20,17940,卖盘
1730,13:27:48,8.97,0.01,267,239499,买盘
1731,13:27:45,8.96,--,131,117376,卖盘
1732,13:27:42,8.96,0.01,20,17920,中性盘
1733,13:27:36,8.95,-0.02,2,1789,卖盘
1734,13:27:33,8.97,--,176,157872,买盘
1735,13:27:30,8.97,0.01,396,355212,买盘
1736,13:27:27,8.96,--,22,19712,卖盘
1737,13:27:24,8.96,-0.01,38,34048,卖盘
1738,13:27:21,8.97,--,30,26910,买盘
1739,13:27:18,8.97,--,67,60099,买盘
1740,13:27:15,8.97,--,532,477204,买盘
1741,13:27:12,8.97,--,220,197340,买盘
1742,13:27:09,8.97,0.01,15,13455,买盘
1743,13:27:06,8.96,-0.01,39,34944,卖盘
1744,13:27:03,8.97,0.01,110,98670,买盘
1745,13:27:00,8.96,--,37,33152,卖盘
1746,13:26:57,8.96,--,141,126336,卖盘
1747,13:26:54,8.96,--,5,4480,卖盘
1748,13:26:51,8.96,--,119,106624,卖盘
1749,13:26:48,8.96,--,51,45696,卖盘
1750,13:26:45,8.96,--,18,16128,卖盘
1751,13:26:42,8.96,--,1,896,卖盘
1752,13:26:39,8.96,-0.01,12,10752,卖盘
1753,13:26:33,8.97,--,79,70863,买盘
1754,13:26:30,8.97,0.01,13,11661,买盘
1755,13:26:27,8.96,--,89,79744,卖盘
1756,13:26:24,8.96,--,16,14336,卖盘
1757,13:26:21,8.96,-0.01,26,23296,卖盘
1758,13:26:18,8.97,--,61,54717,买盘
1759,13:26:15,8.97,0.01,20,17940,买盘
1760,13:26:12,8.96,--,58,51968,卖盘
1761,13:26:09,8.96,--,53,47488,卖盘
1762,13:26:06,8.96,-0.01,1,896,卖盘
1763,13:26:03,8.97,0.01,112,100464,买盘
1764,13:26:00,8.96,-0.01,61,54656,卖盘
1765,13:25:57,8.97,--,3,2691,买盘
1766,13:25:51,8.97,0.01,522,468234,买盘
1767,13:25:48,8.96,--,20,17920,卖盘
1768,13:25:45,8.96,-0.01,30,26880,卖盘
1769,13:25:39,8.97,0.02,1,897,买盘
1770,13:25:36,8.95,-0.02,60,53699,卖盘
1771,13:25:33,8.97,--,41,36777,买盘
1772,13:25:30,8.97,0.01,22,19734,买盘
1773,13:25:27,8.96,0.01,6,5376,中性盘
1774,13:25:24,8.95,-0.02,54,48329,卖盘
1775,13:25:21,8.97,0.01,20,17940,买盘
1776,13:25:18,8.96,--,8,7168,卖盘
1777,13:25:15,8.96,-0.01,27,24192,卖盘
1778,13:25:09,8.97,0.01,10,8970,买盘
1779,13:25:06,8.96,--,3,2688,卖盘
1780,13:25:03,8.96,0.01,39,34944,中性盘
1781,13:24:57,8.95,--,10,8950,卖盘
1782,13:24:54,8.95,0.01,32,28639,卖盘
1783,13:24:51,8.94,-0.01,480,429120,卖盘
1784,13:24:48,8.95,0.01,68,60859,买盘
1785,13:24:45,8.94,--,124,110856,卖盘
1786,13:24:42,8.94,--,9,8046,卖盘
1787,13:24:39,8.94,-0.01,37,33078,卖盘
1788,13:24:33,8.95,0.01,92,82340,买盘
1789,13:24:30,8.94,--,21,18774,卖盘
1790,13:24:27,8.94,-0.01,31,27714,卖盘
1791,13:24:24,8.95,--,48,42960,买盘
1792,13:24:21,8.95,--,188,168260,买盘
1793,13:24:18,8.95,--,41,36695,买盘
1794,13:24:15,8.95,--,38,34010,买盘
1795,13:24:12,8.95,-0.02,192,171840,卖盘
1796,13:24:09,8.97,0.02,937,840489,买盘
1797,13:24:06,8.95,-0.01,75,67125,中性盘
1798,13:24:03,8.96,--,13,11648,买盘
1799,13:24:00,8.96,0.02,12,10752,买盘
1800,13:23:57,8.94,-0.02,119,106386,卖盘
1801,13:23:54,8.96,0.01,1237,1108352,买盘
1802,13:23:48,8.95,0.01,21,18795,买盘
1803,13:23:45,8.94,--,29,25926,卖盘
1804,13:23:42,8.94,--,359,320946,卖盘
1805,13:23:39,8.94,--,5,4470,卖盘
1806,13:23:36,8.94,--,2,1788,卖盘
1807,13:23:33,8.94,-0.01,19,16986,卖盘
1808,13:23:30,8.95,--,528,472559,买盘
1809,13:23:27,8.95,0.01,5,4475,买盘
1810,13:23:24,8.94,-0.01,55,49170,卖盘
1811,13:23:21,8.95,--,100,89500,买盘
1812,13:23:18,8.95,--,260,232699,买盘
1813,13:23:15,8.95,0.01,35,31324,买盘
1814,13:23:09,8.94,-0.01,141,126054,卖盘
1815,13:23:06,8.95,0.01,116,103819,买盘
1816,13:23:03,8.94,-0.01,5,4470,卖盘
1817,13:23:00,8.95,--,78,69810,卖盘
1818,13:22:57,8.95,--,65,58174,卖盘
1819,13:22:54,8.95,-0.01,7,6264,卖盘
1820,13:22:51,8.96,0.01,58,51968,买盘
1821,13:22:48,8.95,--,54,48329,卖盘
1822,13:22:42,8.95,--,1,894,卖盘
1823,13:22:39,8.95,--,31,27780,买盘
1824,13:22:36,8.95,--,822,735689,买盘
1825,13:22:33,8.95,--,52,46539,买盘
1826,13:22:30,8.95,0.01,27,24164,买盘
1827,13:22:27,8.94,--,70,62580,卖盘
1828,13:22:24,8.94,--,85,75990,卖盘
1829,13:22:21,8.94,--,103,92082,卖盘
1830,13:22:18,8.94,-0.01,14,12516,卖盘
1831,13:22:15,8.95,0.01,5,4475,买盘
1832,13:22:12,8.94,--,93,83142,卖盘
1833,13:22:09,8.94,-0.01,60,53640,卖盘
1834,13:22:06,8.95,0.01,69,61933,买盘
1835,13:22:03,8.94,--,31,27714,卖盘
1836,13:22:00,8.94,--,49,43806,卖盘
1837,13:21:57,8.94,-0.01,2,1788,卖盘
1838,13:21:54,8.95,--,17,15214,买盘
1839,13:21:51,8.95,--,40,35800,买盘
1840,13:21:48,8.95,--,35,31324,买盘
1841,13:21:45,8.95,--,210,188665,卖盘
1842,13:21:42,8.95,--,505,451974,卖盘
1843,13:21:39,8.95,--,23,20585,卖盘
1844,13:21:36,8.95,--,3,2685,卖盘
1845,13:21:33,8.95,-0.01,512,458239,卖盘
1846,13:21:30,8.96,--,17,15232,买盘
1847,13:21:27,8.96,0.01,67,60032,买盘
1848,13:21:24,8.95,-0.01,37,33115,卖盘
1849,13:21:21,8.96,0.01,73,65408,买盘
1850,13:21:18,8.95,--,23,20585,卖盘
1851,13:21:15,8.95,-0.01,37,33115,卖盘
1852,13:21:12,8.96,--,50,44800,买盘
1853,13:21:06,8.96,--,548,491008,卖盘
1854,13:21:03,8.96,--,35,31360,卖盘
1855,13:21:00,8.96,--,31,27776,卖盘
1856,13:20:57,8.96,--,84,75264,卖盘
1857,13:20:54,8.96,--,17,15232,卖盘
1858,13:20:51,8.96,--,315,282240,卖盘
1859,13:20:48,8.96,--,110,98560,卖盘
1860,13:20:45,8.96,--,12,10752,卖盘
1861,13:20:42,8.96,--,170,152320,卖盘
1862,13:20:39,8.96,-0.01,100,89600,卖盘
1863,13:20:36,8.97,0.01,16,14352,买盘
1864,13:20:33,8.96,-0.01,70,62720,卖盘
1865,13:20:30,8.97,0.01,89,79833,买盘
1866,13:20:27,8.96,--,25,22400,卖盘
1867,13:20:24,8.96,--,242,216832,卖盘
1868,13:20:21,8.96,--,17,15232,卖盘
1869,13:20:18,8.96,-0.01,77,68992,卖盘
1870,13:20:15,8.97,0.01,28,25116,买盘
1871,13:20:12,8.96,--,13,11648,卖盘
1872,13:20:09,8.96,0.01,206,184576,买盘
1873,13:20:06,8.95,-0.01,148,132460,卖盘
1874,13:20:03,8.96,0.01,21,18816,买盘
1875,13:20:00,8.95,-0.01,45,40275,卖盘
1876,13:19:57,8.96,0.01,215,192640,买盘
1877,13:19:54,8.95,-0.01,3,2685,卖盘
1878,13:19:51,8.96,--,30,26880,买盘
1879,13:19:48,8.96,0.01,91,81536,买盘
1880,13:19:45,8.95,-0.01,32,28639,卖盘
1881,13:19:42,8.96,0.01,10,8960,买盘
1882,13:19:39,8.95,-0.01,10,8950,卖盘
1883,13:19:36,8.96,0.01,45,40320,买盘
1884,13:19:33,8.95,-0.01,14,12529,卖盘
1885,13:19:30,8.96,--,77,68992,买盘
1886,13:19:27,8.96,0.01,12,10752,买盘
1887,13:19:24,8.95,-0.01,51,45645,卖盘
1888,13:19:21,8.96,--,28,25088,买盘
1889,13:19:18,8.96,-0.01,55,49280,卖盘
1890,13:19:15,8.97,0.01,7,6279,买盘
1891,13:19:12,8.96,--,20,17920,卖盘
1892,13:19:09,8.96,-0.01,2,1792,卖盘
1893,13:19:06,8.97,0.01,1,897,买盘
1894,13:19:03,8.96,0.01,128,114688,买盘
1895,13:19:00,8.95,-0.01,124,110979,卖盘
1896,13:18:57,8.96,--,11,9856,买盘
1897,13:18:54,8.96,--,30,26880,买盘
1898,13:18:51,8.96,--,45,40320,买盘
1899,13:18:48,8.96,--,30,26880,买盘
1900,13:18:45,8.96,0.01,24,21504,买盘
1901,13:18:39,8.95,--,65,58174,卖盘
1902,13:18:36,8.95,-0.01,17,15214,卖盘
1903,13:18:30,8.96,0.01,46,41216,买盘
1904,13:18:27,8.95,--,71,63544,卖盘
1905,13:18:24,8.95,-0.01,306,273870,卖盘
1906,13:18:21,8.96,0.01,10,8960,买盘
1907,13:18:18,8.95,-0.01,177,158415,卖盘
1908,13:18:12,8.96,0.01,5,4480,买盘
1909,13:18:09,8.95,--,118,105609,卖盘
1910,13:18:06,8.95,-0.01,20,17900,卖盘
1911,13:18:03,8.96,0.01,63,56448,买盘
1912,13:18:00,8.95,--,9,8054,卖盘
1913,13:17:54,8.95,-0.01,18,16109,卖盘
1914,13:17:51,8.96,0.01,19,17024,买盘
1915,13:17:48,8.95,--,22,19690,卖盘
1916,13:17:45,8.95,--,15,13424,卖盘
1917,13:17:42,8.95,-0.01,8,7159,卖盘
1918,13:17:36,8.96,0.02,175,156979,买盘
1919,13:17:33,8.94,-0.01,21,18774,卖盘
1920,13:17:30,8.95,--,5,4475,买盘
1921,13:17:27,8.95,0.01,18,16109,买盘
1922,13:17:24,8.94,--,46,41124,卖盘
1923,13:17:21,8.94,--,21,18774,卖盘
1924,13:17:18,8.94,-0.01,16,14304,卖盘
1925,13:17:15,8.95,--,39,34905,买盘
1926,13:17:12,8.95,0.01,496,443919,买盘
1927,13:17:09,8.94,--,29,25926,卖盘
1928,13:17:03,8.94,--,33,29502,卖盘
1929,13:17:00,8.94,--,51,45594,卖盘
1930,13:16:57,8.94,-0.01,250,223500,卖盘
1931,13:16:54,8.95,0.01,23,20585,买盘
1932,13:16:51,8.94,--,20,17880,卖盘
1933,13:16:48,8.94,-0.01,54,48276,卖盘
1934,13:16:45,8.95,--,13,11634,买盘
1935,13:16:42,8.95,0.01,33,29534,买盘
1936,13:16:39,8.94,-0.01,9,8046,卖盘
1937,13:16:36,8.95,--,323,289085,买盘
1938,13:16:30,8.95,--,104,93079,买盘
1939,13:16:27,8.95,0.01,28,25059,买盘
1940,13:16:24,8.94,--,134,119796,卖盘
1941,13:16:21,8.94,--,18,16092,卖盘
1942,13:16:18,8.94,--,25,22350,卖盘
1943,13:16:15,8.94,-0.01,32,28608,卖盘
1944,13:16:12,8.95,0.01,13,11634,买盘
1945,13:16:09,8.94,--,4,3576,卖盘
1946,13:16:06,8.94,--,42,37548,卖盘
1947,13:16:03,8.94,--,28,25032,卖盘
1948,13:16:00,8.94,--,9,8046,卖盘
1949,13:15:57,8.94,--,20,17880,卖盘
1950,13:15:54,8.94,0.01,759,678546,买盘
1951,13:15:51,8.93,-0.01,18,16074,卖盘
1952,13:15:48,8.94,0.01,14,12516,买盘
1953,13:15:45,8.93,--,51,45543,卖盘
1954,13:15:42,8.93,--,2,1786,卖盘
1955,13:15:39,8.93,-0.01,58,51794,卖盘
1956,13:15:36,8.94,--,342,305748,买盘
1957,13:15:33,8.94,--,53,47382,买盘
1958,13:15:30,8.94,--,287,256578,买盘
1959,13:15:27,8.94,--,3,2682,买盘
1960,13:15:24,8.94,--,72,64368,买盘
1961,13:15:21,8.94,0.01,34,30396,买盘
1962,13:15:18,8.93,-0.01,90,80370,卖盘
1963,13:15:12,8.94,0.01,40,35760,买盘
1964,13:15:06,8.93,-0.01,27,24111,卖盘
1965,13:15:03,8.94,0.01,40,35760,买盘
1966,13:15:00,8.93,--,20,17860,卖盘
1967,13:14:57,8.93,-0.01,18,16074,卖盘
1968,13:14:51,8.94,0.01,92,82248,买盘
1969,13:14:48,8.93,--,351,313443,卖盘
1970,13:14:45,8.93,--,38,33934,卖盘
1971,13:14:42,8.93,--,31,27683,卖盘
1972,13:14:39,8.93,-0.01,500,446500,卖盘
1973,13:14:36,8.94,0.01,44,39336,买盘
1974,13:14:33,8.93,-0.01,242,216106,卖盘
1975,13:14:30,8.94,0.01,7,6258,买盘
1976,13:14:27,8.93,--,12,10716,卖盘
1977,13:14:24,8.93,--,28,25004,卖盘
1978,13:14:21,8.93,-0.01,106,94658,卖盘
1979,13:14:18,8.94,0.01,3,2682,买盘
1980,13:14:15,8.93,-0.01,11,9823,卖盘
1981,13:14:12,8.94,0.01,62,55428,买盘
1982,13:14:09,8.93,--,248,221464,卖盘
1983,13:14:06,8.93,--,5,4465,卖盘
1984,13:14:03,8.93,--,38,33934,卖盘
1985,13:14:00,8.93,--,29,25897,卖盘
1986,13:13:57,8.93,-0.01,158,141094,卖盘
1987,13:13:54,8.94,0.01,236,210984,买盘
1988,13:13:51,8.93,--,121,108053,卖盘
1989,13:13:48,8.93,--,183,163419,卖盘
1990,13:13:45,8.93,-0.01,4,3572,卖盘
1991,13:13:42,8.94,0.01,40,35760,买盘
1992,13:13:39,8.93,--,25,22592,卖盘
1993,13:13:36,8.93,--,475,424175,卖盘
1994,13:13:33,8.93,-0.01,13,11609,卖盘
1995,13:13:30,8.94,0.01,8,7152,买盘
1996,13:13:27,8.93,-0.01,54,48222,卖盘
1997,13:13:24,8.94,0.01,30,26820,买盘
1998,13:13:21,8.93,--,4,3572,卖盘
1999,13:13:18,8.93,--,4,3572,卖盘
2000,13:13:15,8.93,--,45,40185,卖盘
2001,13:13:12,8.93,--,5,4465,卖盘
2002,13:13:09,8.93,--,104,92872,卖盘
2003,13:13:06,8.93,--,10,8930,卖盘
2004,13:13:03,8.93,--,28,25004,卖盘
2005,13:13:00,8.93,--,9,8037,卖盘
2006,13:12:57,8.93,--,1,893,卖盘
2007,13:12:54,8.93,--,1246,1112678,卖盘
2008,13:12:51,8.93,--,520,464360,卖盘
2009,13:12:48,8.93,--,137,122341,卖盘
2010,13:12:45,8.93,-0.01,7,6251,卖盘
2011,13:12:42,8.94,0.01,47,42018,买盘
2012,13:12:39,8.93,--,183,163419,卖盘
2013,13:12:36,8.93,--,40,35720,卖盘
2014,13:12:33,8.93,-0.01,24,21432,卖盘
2015,13:12:30,8.94,0.01,48,42912,买盘
2016,13:12:27,8.93,--,17,15288,卖盘
2017,13:12:24,8.93,-0.01,11,9823,卖盘
2018,13:12:21,8.94,--,45,40230,买盘
2019,13:12:18,8.94,0.01,32,28608,买盘
2020,13:12:15,8.93,-0.01,1,893,卖盘
2021,13:12:12,8.94,--,311,278212,卖盘
2022,13:12:09,8.94,--,16,14304,卖盘
2023,13:12:06,8.94,--,0,750,卖盘
2024,13:12:03,8.94,0.01,213,191280,买盘
2025,13:12:00,8.93,-0.01,94,83942,卖盘
2026,13:11:57,8.94,--,20,17880,买盘
2027,13:11:54,8.94,--,73,65262,买盘
2028,13:11:51,8.94,--,292,261083,卖盘
2029,13:11:48,8.94,--,27,24209,卖盘
2030,13:11:45,8.94,-0.01,45,40230,卖盘
2031,13:11:42,8.95,0.01,30,26849,买盘
2032,13:11:39,8.94,--,11,9834,卖盘
2033,13:11:36,8.94,0.01,79,71412,买盘
2034,13:11:33,8.93,-0.01,68,60724,卖盘
2035,13:11:30,8.94,--,95,85037,卖盘
2036,13:11:27,8.94,-0.01,116,103704,卖盘
2037,13:11:24,8.95,0.01,153,136935,买盘
2038,13:11:21,8.94,-0.01,73,65262,卖盘
2039,13:11:18,8.95,0.01,13,11634,买盘
2040,13:11:15,8.94,-0.01,20,17880,卖盘
2041,13:11:12,8.95,--,23,20585,买盘
2042,13:11:09,8.95,--,10,8950,买盘
2043,13:11:06,8.95,--,40,35800,买盘
2044,13:11:03,8.95,0.01,31,27744,买盘
2045,13:11:00,8.94,--,123,109962,卖盘
2046,13:10:57,8.94,--,12,10728,卖盘
2047,13:10:54,8.94,--,20,17880,卖盘
2048,13:10:48,8.94,--,110,98340,卖盘
2049,13:10:45,8.94,--,15,14026,卖盘
2050,13:10:42,8.94,--,1,894,卖盘
2051,13:10:39,8.94,--,5,4470,卖盘
2052,13:10:36,8.94,--,18,16092,卖盘
2053,13:10:33,8.94,--,205,183439,买盘
2054,13:10:30,8.94,--,18,16092,买盘
2055,13:10:27,8.94,0.01,78,69732,买盘
2056,13:10:24,8.93,-0.01,58,51794,卖盘
2057,13:10:21,8.94,0.01,106,94781,买盘
2058,13:10:18,8.93,--,192,171456,卖盘
2059,13:10:15,8.93,-0.01,17,15181,卖盘
2060,13:10:12,8.94,--,246,219924,买盘
2061,13:10:09,8.94,0.01,7,6258,买盘
2062,13:10:06,8.93,--,54,48222,卖盘
2063,13:10:03,8.93,-0.01,30,26790,卖盘
2064,13:10:00,8.94,--,70,62580,买盘
2065,13:09:57,8.94,--,80,71520,买盘
2066,13:09:54,8.94,--,73,65262,买盘
2067,13:09:51,8.94,0.01,4,3576,买盘
2068,13:09:48,8.93,-0.01,185,165205,卖盘
2069,13:09:45,8.94,--,48,42912,买盘
2070,13:09:42,8.94,0.01,47,42018,买盘
2071,13:09:39,8.93,-0.01,9,8037,卖盘
2072,13:09:36,8.94,0.01,4,3576,买盘
2073,13:09:33,8.93,--,1,893,卖盘
2074,13:09:30,8.93,--,34,30362,卖盘
2075,13:09:27,8.93,--,217,193781,卖盘
2076,13:09:24,8.93,--,33,29469,卖盘
2077,13:09:21,8.93,--,293,261649,卖盘
2078,13:09:18,8.93,-0.01,126,112518,卖盘
2079,13:09:15,8.94,--,216,193104,买盘
2080,13:09:12,8.94,0.01,10,8940,买盘
2081,13:09:09,8.93,-0.01,50,44650,卖盘
2082,13:09:06,8.94,--,4,3576,买盘
2083,13:09:03,8.94,--,31,27714,买盘
2084,13:09:00,8.94,0.01,118,105492,买盘
2085,13:08:57,8.93,-0.01,28,25004,卖盘
2086,13:08:54,8.94,0.01,90,80460,买盘
2087,13:08:51,8.93,-0.01,23,20539,卖盘
2088,13:08:48,8.94,0.01,57,50958,买盘
2089,13:08:45,8.93,-0.01,38,33934,卖盘
2090,13:08:42,8.94,0.01,54,48276,买盘
2091,13:08:39,8.93,-0.01,544,485792,卖盘
2092,13:08:36,8.94,--,30,26820,买盘
2093,13:08:33,8.94,--,75,67050,买盘
2094,13:08:30,8.94,--,79,70626,买盘
2095,13:08:27,8.94,--,228,203832,买盘
2096,13:08:24,8.94,--,40,35760,买盘
2097,13:08:21,8.94,0.01,16,14304,买盘
2098,13:08:15,8.93,--,25,22325,卖盘
2099,13:08:12,8.93,-0.01,48,42864,卖盘
2100,13:08:09,8.94,--,8,7152,买盘
2101,13:08:03,8.94,0.01,50,44700,买盘
2102,13:08:00,8.93,-0.01,53,47329,卖盘
2103,13:07:57,8.94,0.01,125,111750,买盘
2104,13:07:51,8.93,--,40,35720,卖盘
2105,13:07:48,8.93,--,29,25897,卖盘
2106,13:07:45,8.93,--,4,3572,卖盘
2107,13:07:42,8.93,--,261,233073,卖盘
2108,13:07:39,8.93,--,599,535148,买盘
2109,13:07:36,8.93,0.01,289,258077,买盘
2110,13:07:33,8.92,--,289,257788,卖盘
2111,13:07:30,8.92,-0.01,448,399616,卖盘
2112,13:07:27,8.93,0.01,49,43757,买盘
2113,13:07:24,8.92,-0.01,22,19624,卖盘
2114,13:07:21,8.93,--,20,17860,买盘
2115,13:07:18,8.93,--,210,187530,买盘
2116,13:07:15,8.93,0.01,121,108053,买盘
2117,13:07:12,8.92,-0.01,190,169480,卖盘
2118,13:07:09,8.93,0.01,85,75905,买盘
2119,13:07:06,8.92,--,116,103472,卖盘
2120,13:07:03,8.92,--,60,53520,卖盘
2121,13:07:00,8.92,-0.01,9,8028,卖盘
2122,13:06:57,8.93,--,51,45543,买盘
2123,13:06:54,8.93,--,67,59831,买盘
2124,13:06:51,8.93,--,98,87514,买盘
2125,13:06:48,8.93,--,111,99123,买盘
2126,13:06:45,8.93,--,30,26790,买盘
2127,13:06:42,8.93,0.01,106,94658,买盘
2128,13:06:36,8.92,--,10,8920,卖盘
2129,13:06:33,8.92,--,36,32112,卖盘
2130,13:06:30,8.92,--,16,14272,卖盘
2131,13:06:27,8.92,--,598,533416,卖盘
2132,13:06:24,8.92,-0.01,66,58872,卖盘
2133,13:06:21,8.93,--,29,25897,买盘
2134,13:06:18,8.93,--,439,392027,买盘
2135,13:06:15,8.93,0.01,13,11609,买盘
2136,13:06:12,8.92,--,13,11596,卖盘
2137,13:06:09,8.92,--,30,26760,卖盘
2138,13:06:06,8.92,-0.01,33,29436,卖盘
2139,13:06:03,8.93,0.01,10,8930,买盘
2140,13:06:00,8.92,--,29,25868,卖盘
2141,13:05:57,8.92,-0.01,18,16056,卖盘
2142,13:05:54,8.93,0.01,1,893,买盘
2143,13:05:51,8.92,--,204,181968,卖盘
2144,13:05:48,8.92,--,42,37464,卖盘
2145,13:05:45,8.92,--,5,4460,卖盘
2146,13:05:42,8.92,--,20,17840,卖盘
2147,13:05:39,8.92,-0.01,211,188212,卖盘
2148,13:05:36,8.93,0.01,28,25004,买盘
2149,13:05:33,8.92,-0.01,505,450460,卖盘
2150,13:05:30,8.93,0.01,2,1786,买盘
2151,13:05:27,8.92,--,50,44600,卖盘
2152,13:05:24,8.92,--,39,34788,卖盘
2153,13:05:21,8.92,-0.01,100,89200,卖盘
2154,13:05:15,8.93,0.01,31,27683,买盘
2155,13:05:12,8.92,--,15,13380,卖盘
2156,13:05:09,8.92,--,10,8920,卖盘
2157,13:05:03,8.92,-0.01,29,25868,卖盘
2158,13:05:00,8.93,0.01,40,35720,买盘
2159,13:04:57,8.92,--,91,81172,卖盘
2160,13:04:54,8.92,-0.01,26,23192,卖盘
2161,13:04:51,8.93,0.01,133,118769,买盘
2162,13:04:48,8.92,--,357,318444,卖盘
2163,13:04:45,8.92,--,66,58872,卖盘
2164,13:04:42,8.92,--,12,10704,卖盘
2165,13:04:39,8.92,-0.01,29,25868,卖盘
2166,13:04:36,8.93,0.01,24,21432,买盘
2167,13:04:33,8.92,--,440,392480,卖盘
2168,13:04:30,8.92,--,103,91876,卖盘
2169,13:04:24,8.92,-0.01,13,11596,卖盘
2170,13:04:21,8.93,0.01,18,16074,买盘
2171,13:04:18,8.92,--,24,21408,卖盘
2172,13:04:12,8.92,--,38,33896,卖盘
2173,13:04:09,8.92,-0.01,3,2676,卖盘
2174,13:04:06,8.93,0.01,41,36613,买盘
2175,13:04:03,8.92,--,10,8920,卖盘
2176,13:04:00,8.92,-0.01,152,135584,卖盘
2177,13:03:57,8.93,0.01,612,546516,买盘
2178,13:03:54,8.92,-0.01,27,24084,卖盘
2179,13:03:51,8.93,0.01,23,20539,买盘
2180,13:03:48,8.92,--,47,41924,卖盘
2181,13:03:45,8.92,-0.01,35,31220,卖盘
2182,13:03:42,8.93,--,513,458109,买盘
2183,13:03:36,8.93,--,12,10716,买盘
2184,13:03:33,8.93,--,248,221464,买盘
2185,13:03:30,8.93,0.01,150,133950,买盘
2186,13:03:27,8.92,--,20,17840,卖盘
2187,13:03:24,8.92,--,18,16056,卖盘
2188,13:03:21,8.92,--,30,26760,卖盘
2189,13:03:18,8.92,--,30,26760,卖盘
2190,13:03:15,8.92,-0.01,3,2676,卖盘
2191,13:03:12,8.93,0.01,32,28576,买盘
2192,13:03:09,8.92,-0.01,124,110608,卖盘
2193,13:03:06,8.93,0.01,16,14288,买盘
2194,13:03:03,8.92,--,201,179292,卖盘
2195,13:03:00,8.92,--,139,123988,卖盘
2196,13:02:57,8.92,-0.01,335,298820,卖盘
2197,13:02:54,8.93,0.01,22,19646,买盘
2198,13:02:51,8.92,--,19,16948,卖盘
2199,13:02:48,8.92,--,81,72252,卖盘
2200,13:02:45,8.92,--,23,20516,卖盘
2201,13:02:42,8.92,-0.01,13,11596,卖盘
2202,13:02:39,8.93,0.01,142,126806,买盘
2203,13:02:36,8.92,--,200,178400,卖盘
2204,13:02:33,8.92,--,188,167696,卖盘
2205,13:02:30,8.92,-0.01,371,330932,卖盘
2206,13:02:27,8.93,--,123,109839,买盘
2207,13:02:24,8.93,0.01,340,303620,买盘
2208,13:02:18,8.92,--,110,98120,卖盘
2209,13:02:15,8.92,--,30,26760,卖盘
2210,13:02:12,8.92,--,1622,1446824,卖盘
2211,13:02:09,8.92,-0.01,46,41032,卖盘
2212,13:02:06,8.93,0.01,23,20539,买盘
2213,13:02:03,8.92,--,17,15164,卖盘
2214,13:02:00,8.92,--,9,8028,卖盘
2215,13:01:57,8.92,-0.01,101,90092,卖盘
2216,13:01:54,8.93,0.01,135,120555,买盘
2217,13:01:51,8.92,--,24,21408,卖盘
2218,13:01:48,8.92,-0.01,21,18732,卖盘
2219,13:01:45,8.93,0.01,47,41971,买盘
2220,13:01:42,8.92,-0.01,214,190888,卖盘
2221,13:01:39,8.93,0.01,35,31255,买盘
2222,13:01:36,8.92,-0.01,3,2676,卖盘
2223,13:01:33,8.93,0.01,112,100016,买盘
2224,13:01:30,8.92,-0.01,26,23192,卖盘
2225,13:01:27,8.93,0.01,25,22325,买盘
2226,13:01:24,8.92,-0.01,305,272060,卖盘
2227,13:01:21,8.93,0.01,184,164312,买盘
2228,13:01:18,8.92,-0.01,530,472760,卖盘
2229,13:01:15,8.93,0.01,63,56259,买盘
2230,13:01:12,8.92,--,100,89200,卖盘
2231,13:01:09,8.92,--,151,134692,卖盘
2232,13:01:06,8.92,--,93,82956,卖盘
2233,13:01:03,8.92,--,200,178400,卖盘
2234,13:01:00,8.92,--,89,79388,卖盘
2235,13:00:57,8.92,--,33,29436,卖盘
2236,13:00:54,8.92,--,200,178400,卖盘
2237,13:00:51,8.92,-0.01,110,98120,卖盘
2238,13:00:48,8.93,0.01,90,80370,买盘
2239,13:00:45,8.92,--,25,22300,卖盘
2240,13:00:42,8.92,--,25,22300,卖盘
2241,13:00:39,8.92,--,1,892,卖盘
2242,13:00:36,8.92,--,27,24084,卖盘
2243,13:00:33,8.92,-0.01,1,892,卖盘
2244,13:00:30,8.93,0.01,1,893,买盘
2245,13:00:27,8.92,--,15,13380,卖盘
2246,13:00:24,8.92,-0.01,527,470084,卖盘
2247,13:00:21,8.93,--,7,6251,买盘
2248,13:00:18,8.93,0.01,9,8037,买盘
2249,13:00:15,8.92,--,40,35680,卖盘
2250,13:00:12,8.92,-0.01,18,16056,卖盘
2251,13:00:09,8.93,--,20,17860,买盘
2252,13:00:06,8.93,--,724,646532,买盘
2253,13:00:03,8.93,--,3635,3246055,卖盘
2254,13:00:00,8.93,--,0,0,卖盘
2255,11:30:00,8.93,--,17,15181,卖盘
2256,11:29:57,8.93,--,22,19646,卖盘
2257,11:29:54,8.93,--,52,46436,卖盘
2258,11:29:51,8.93,-0.01,67,59831,卖盘
2259,11:29:48,8.94,0.01,54,48276,买盘
2260,11:29:45,8.93,-0.01,11,9823,卖盘
2261,11:29:42,8.94,0.01,116,103704,买盘
2262,11:29:39,8.93,--,179,159847,卖盘
2263,11:29:33,8.93,--,107,95551,卖盘
2264,11:29:30,8.93,--,168,150024,卖盘
2265,11:29:27,8.93,--,219,195567,卖盘
2266,11:29:24,8.93,--,40,35720,卖盘
2267,11:29:21,8.93,--,325,290225,卖盘
2268,11:29:18,8.93,--,18,16074,卖盘
2269,11:29:15,8.93,--,176,157168,卖盘
2270,11:29:12,8.93,-0.01,4,3572,卖盘
2271,11:29:09,8.94,0.01,68,60792,买盘
2272,11:29:06,8.93,--,51,45543,卖盘
2273,11:29:03,8.93,--,313,279509,卖盘
2274,11:29:00,8.93,--,21,18753,卖盘
2275,11:28:57,8.93,--,117,104481,卖盘
2276,11:28:54,8.93,-0.01,4,3572,卖盘
2277,11:28:51,8.94,0.01,6,5364,买盘
2278,11:28:48,8.93,--,85,75905,卖盘
2279,11:28:45,8.93,-0.01,39,34827,卖盘
2280,11:28:42,8.94,--,15,13410,买盘
2281,11:28:39,8.94,--,47,42018,买盘
2282,11:28:36,8.94,0.01,189,168966,买盘
2283,11:28:33,8.93,-0.01,31,27683,卖盘
2284,11:28:30,8.94,0.01,201,179694,买盘
2285,11:28:27,8.93,--,30,26790,卖盘
2286,11:28:24,8.93,--,31,27683,卖盘
2287,11:28:21,8.93,-0.01,17,15181,卖盘
2288,11:28:18,8.94,--,12,10728,买盘
2289,11:28:15,8.94,0.01,47,42018,买盘
2290,11:28:09,8.93,-0.01,41,36613,卖盘
2291,11:28:06,8.94,--,469,419286,卖盘
2292,11:28:03,8.94,--,124,110856,卖盘
2293,11:28:00,8.94,--,29,25926,卖盘
2294,11:27:57,8.94,--,24,21456,卖盘
2295,11:27:54,8.94,--,193,172542,卖盘
2296,11:27:51,8.94,0.01,127,113538,买盘
2297,11:27:48,8.93,-0.01,118,105374,卖盘
2298,11:27:45,8.94,0.01,269,240486,买盘
2299,11:27:42,8.93,--,52,46436,卖盘
2300,11:27:39,8.93,--,5,4465,卖盘
2301,11:27:36,8.93,--,75,66975,卖盘
2302,11:27:33,8.93,--,19,16967,卖盘
2303,11:27:30,8.93,--,166,148238,卖盘
2304,11:27:27,8.93,--,17,15181,卖盘
2305,11:27:24,8.93,-0.01,12,10716,卖盘
2306,11:27:21,8.94,--,302,269988,买盘
2307,11:27:18,8.94,0.01,21,18774,买盘
2308,11:27:15,8.93,--,58,51794,卖盘
2309,11:27:12,8.93,-0.01,437,390241,卖盘
2310,11:27:09,8.94,0.01,30,26820,买盘
2311,11:27:06,8.93,-0.01,1,893,卖盘
2312,11:27:03,8.94,0.01,44,39336,买盘
2313,11:27:00,8.93,-0.01,285,254505,卖盘
2314,11:26:57,8.94,0.01,158,141252,买盘
2315,11:26:54,8.93,-0.01,50,44650,卖盘
2316,11:26:51,8.94,--,61,54534,买盘
2317,11:26:48,8.94,0.01,70,62580,买盘
2318,11:26:45,8.93,--,28,25004,卖盘
2319,11:26:42,8.93,--,40,35720,卖盘
2320,11:26:39,8.93,-0.01,10,8930,卖盘
2321,11:26:36,8.94,0.01,237,211878,买盘
2322,11:26:33,8.93,--,129,115197,卖盘
2323,11:26:30,8.93,--,149,133057,卖盘
2324,11:26:27,8.93,-0.01,29,25897,卖盘
2325,11:26:24,8.94,0.01,133,118902,买盘
2326,11:26:18,8.93,--,18,16074,卖盘
2327,11:26:15,8.93,-0.01,256,228608,卖盘
2328,11:26:12,8.94,--,9,8046,买盘
2329,11:26:09,8.94,0.01,125,111750,买盘
2330,11:26:06,8.93,-0.01,20,17860,卖盘
2331,11:26:03,8.94,--,73,65262,卖盘
2332,11:26:00,8.94,--,101,90294,卖盘
2333,11:25:57,8.94,--,123,109962,卖盘
2334,11:25:54,8.94,--,95,84930,卖盘
2335,11:25:51,8.94,--,102,91188,卖盘
2336,11:25:48,8.94,0.01,252,225288,买盘
2337,11:25:45,8.93,--,1084,968012,卖盘
2338,11:25:42,8.93,-0.01,102,91086,卖盘
2339,11:25:39,8.94,--,1018,910092,买盘
2340,11:25:36,8.94,0.01,3,2682,买盘
2341,11:25:33,8.93,--,238,212534,卖盘
2342,11:25:30,8.93,-0.01,184,164312,卖盘
2343,11:25:27,8.94,0.01,4,3576,买盘
2344,11:25:24,8.93,--,39,34827,卖盘
2345,11:25:21,8.93,-0.01,521,465253,卖盘
2346,11:25:18,8.94,--,355,317370,卖盘
2347,11:25:15,8.94,--,72,64368,卖盘
2348,11:25:12,8.94,-0.01,142,126948,卖盘
2349,11:25:09,8.95,0.01,45,40275,买盘
2350,11:25:06,8.94,--,414,370116,卖盘
2351,11:25:03,8.94,--,53,47382,卖盘
2352,11:25:00,8.94,--,45,40230,卖盘
2353,11:24:57,8.94,--,16,14304,卖盘
2354,11:24:54,8.94,-0.01,12,10728,卖盘
2355,11:24:51,8.95,0.01,52,46539,买盘
2356,11:24:48,8.94,--,53,47382,卖盘
2357,11:24:45,8.94,-0.01,54,48276,卖盘
2358,11:24:42,8.95,--,126,112769,买盘
2359,11:24:39,8.95,0.01,193,172735,买盘
2360,11:24:36,8.94,--,52,46488,卖盘
2361,11:24:33,8.94,-0.01,3,2682,卖盘
2362,11:24:30,8.95,0.01,249,222854,买盘
2363,11:24:27,8.94,-0.01,1150,1028100,卖盘
2364,11:24:24,8.95,0.01,245,219274,买盘
2365,11:24:18,8.94,--,13,11622,卖盘
2366,11:24:15,8.94,-0.01,89,79566,卖盘
2367,11:24:12,8.95,--,110,98449,买盘
2368,11:24:09,8.95,0.01,68,60859,买盘
2369,11:24:06,8.94,--,48,42912,卖盘
2370,11:24:03,8.94,--,363,324522,卖盘
2371,11:24:00,8.94,--,15,13410,卖盘
2372,11:23:57,8.94,--,112,100128,卖盘
2373,11:23:54,8.94,--,125,111750,卖盘
2374,11:23:51,8.94,--,56,50064,卖盘
2375,11:23:48,8.94,--,175,156450,买盘
2376,11:23:45,8.94,--,151,134994,买盘
2377,11:23:42,8.94,--,126,112644,买盘
2378,11:23:39,8.94,--,79,70626,买盘
2379,11:23:36,8.94,0.01,82,73308,买盘
2380,11:23:33,8.93,-0.01,87,77691,卖盘
2381,11:23:30,8.94,--,146,130524,买盘
2382,11:23:27,8.94,0.01,551,492594,买盘
2383,11:23:24,8.93,-0.01,111,99123,卖盘
2384,11:23:21,8.94,0.01,55,49170,买盘
2385,11:23:18,8.93,-0.01,419,374167,卖盘
2386,11:23:15,8.94,0.01,64,57216,买盘
2387,11:23:12,8.93,--,226,201818,卖盘
2388,11:23:09,8.93,-0.01,152,135736,卖盘
2389,11:23:06,8.94,0.01,339,303066,买盘
2390,11:23:03,8.93,-0.01,319,284867,卖盘
2391,11:23:00,8.94,0.01,510,455940,买盘
2392,11:22:57,8.93,--,125,111625,卖盘
2393,11:22:54,8.93,--,42,37506,卖盘
2394,11:22:51,8.93,-0.01,177,158061,卖盘
2395,11:22:48,8.94,0.01,77,68838,买盘
2396,11:22:45,8.93,-0.01,19,16967,卖盘
2397,11:22:42,8.94,0.01,669,598086,买盘
2398,11:22:39,8.93,--,220,196460,卖盘
2399,11:22:36,8.93,--,225,200925,卖盘
2400,11:22:33,8.93,-0.01,765,683145,卖盘
2401,11:22:30,8.94,0.01,59,52746,买盘
2402,11:22:27,8.93,--,79,70547,卖盘
2403,11:22:24,8.93,--,106,94658,卖盘
2404,11:22:21,8.93,-0.01,65,58045,卖盘
2405,11:22:18,8.94,--,366,327204,卖盘
2406,11:22:15,8.94,-0.01,214,191316,卖盘
2407,11:22:12,8.95,0.01,726,649770,买盘
2408,11:22:09,8.94,--,121,108174,卖盘
2409,11:22:06,8.94,--,70,62580,卖盘
2410,11:22:03,8.94,--,976,872544,卖盘
2411,11:22:00,8.94,--,19,16986,卖盘
2412,11:21:57,8.94,--,219,195786,卖盘
2413,11:21:54,8.94,-0.01,249,222606,卖盘
2414,11:21:51,8.95,0.01,18,16109,买盘
2415,11:21:48,8.94,-0.01,29,25926,卖盘
2416,11:21:45,8.95,--,420,376078,卖盘
2417,11:21:42,8.95,--,623,558301,卖盘
2418,11:21:39,8.95,-0.01,2778,2486310,卖盘
2419,11:21:36,8.96,0.01,9,8064,买盘
2420,11:21:33,8.95,--,4335,3879824,卖盘
2421,11:21:30,8.95,--,313,280135,卖盘
2422,11:21:27,8.95,-0.01,6,5370,卖盘
2423,11:21:24,8.96,--,2383,2135168,买盘
2424,11:21:21,8.96,0.01,18,16128,买盘
2425,11:21:18,8.95,--,338,302510,卖盘
2426,11:21:15,8.95,-0.01,11,9845,卖盘
2427,11:21:12,8.96,--,8,7168,买盘
2428,11:21:09,8.96,--,3011,2698698,卖盘
2429,11:21:06,8.96,--,36,32256,卖盘
2430,11:21:03,8.96,--,64,57344,卖盘
2431,11:21:00,8.96,--,69,61824,卖盘
2432,11:20:57,8.96,--,57,51072,卖盘
2433,11:20:54,8.96,--,10,8960,卖盘
2434,11:20:51,8.96,--,22,19712,卖盘
2435,11:20:48,8.96,--,123,110208,卖盘
2436,11:20:45,8.96,-0.01,63,56448,卖盘
2437,11:20:42,8.97,0.01,88,78936,买盘
2438,11:20:39,8.96,-0.01,13,11648,卖盘
2439,11:20:36,8.97,0.01,499,447603,买盘
2440,11:20:33,8.96,--,112,100352,卖盘
2441,11:20:30,8.96,--,116,103936,卖盘
2442,11:20:27,8.96,-0.01,80,71680,卖盘
2443,11:20:24,8.97,0.01,237,212589,买盘
2444,11:20:21,8.96,--,61,54656,卖盘
2445,11:20:18,8.96,-0.01,13,11648,卖盘
2446,11:20:15,8.97,0.01,40,35880,买盘
2447,11:20:12,8.96,--,122,109312,卖盘
2448,11:20:09,8.96,-0.01,58,51968,卖盘
2449,11:20:06,8.97,0.01,231,207207,买盘
2450,11:20:03,8.96,--,61,54656,卖盘
2451,11:20:00,8.96,--,85,76160,卖盘
2452,11:19:57,8.96,--,44,39424,卖盘
2453,11:19:54,8.96,--,244,218624,卖盘
2454,11:19:51,8.96,--,64,57344,卖盘
2455,11:19:48,8.96,-0.01,308,275968,卖盘
2456,11:19:45,8.97,--,97,87009,买盘
2457,11:19:42,8.97,--,10,8970,买盘
2458,11:19:39,8.97,--,47,42159,买盘
2459,11:19:36,8.97,--,85,76245,买盘
2460,11:19:30,8.97,0.01,20,17940,买盘
2461,11:19:27,8.96,-0.01,34,30464,卖盘
2462,11:19:24,8.97,0.01,16,14352,买盘
2463,11:19:21,8.96,-0.01,52,46592,卖盘
2464,11:19:18,8.97,0.01,159,142623,买盘
2465,11:19:15,8.96,-0.01,28,25088,卖盘
2466,11:19:12,8.97,--,6,5382,买盘
2467,11:19:09,8.97,0.01,37,33189,买盘
2468,11:19:06,8.96,-0.01,22,19712,卖盘
2469,11:19:03,8.97,0.01,140,125580,买盘
2470,11:19:00,8.96,-0.02,1019,913024,卖盘
2471,11:18:57,8.98,--,8,7184,买盘
2472,11:18:54,8.98,--,54,48492,买盘
2473,11:18:51,8.98,--,61,54778,买盘
2474,11:18:48,8.98,0.01,65,58370,买盘
2475,11:18:45,8.97,--,7,6279,卖盘
2476,11:18:42,8.97,--,147,131859,卖盘
2477,11:18:39,8.97,--,19,17043,卖盘
2478,11:18:36,8.97,-0.01,26,23322,卖盘
2479,11:18:33,8.98,0.01,24,21552,买盘
2480,11:18:30,8.97,--,124,111228,卖盘
2481,11:18:27,8.97,-0.01,281,252057,卖盘
2482,11:18:24,8.98,0.01,58,52084,买盘
2483,11:18:21,8.97,--,17,15249,卖盘
2484,11:18:18,8.97,--,120,107640,卖盘
2485,11:18:15,8.97,--,40,35880,买盘
2486,11:18:12,8.97,--,8,7176,卖盘
2487,11:18:09,8.97,0.01,83,74451,买盘
2488,11:18:06,8.96,--,33,29568,卖盘
2489,11:18:03,8.96,-0.02,126,112896,卖盘
2490,11:18:00,8.98,0.02,23,20654,买盘
2491,11:17:57,8.96,-0.02,12,10752,卖盘
2492,11:17:54,8.98,--,48,43104,买盘
2493,11:17:51,8.98,0.02,57,51186,买盘
2494,11:17:48,8.96,-0.01,319,285824,卖盘
2495,11:17:45,8.97,--,61,54717,买盘
2496,11:17:42,8.97,0.01,98,87906,买盘
2497,11:17:39,8.96,-0.01,10,8960,卖盘
2498,11:17:36,8.97,0.01,32,28704,买盘
2499,11:17:33,8.96,-0.01,100,89600,卖盘
2500,11:17:30,8.97,0.01,9,8073,买盘
2501,11:17:24,8.96,-0.01,294,263424,卖盘
2502,11:17:21,8.97,--,21,18837,买盘
2503,11:17:18,8.97,--,9,8073,买盘
2504,11:17:15,8.97,--,23,20631,买盘
2505,11:17:12,8.97,--,89,79833,卖盘
2506,11:17:09,8.97,-0.01,10,8970,卖盘
2507,11:17:06,8.98,0.01,6,5388,买盘
2508,11:17:03,8.97,--,32,28704,卖盘
2509,11:17:00,8.97,--,9,8073,卖盘
2510,11:16:57,8.97,--,13,11661,卖盘
2511,11:16:51,8.97,--,27,24219,卖盘
2512,11:16:48,8.97,--,11,9867,卖盘
2513,11:16:45,8.97,0.01,142,127374,买盘
2514,11:16:42,8.96,-0.01,198,177408,卖盘
2515,11:16:39,8.97,0.01,39,34983,买盘
2516,11:16:36,8.96,-0.01,1,896,卖盘
2517,11:16:33,8.97,--,53,47541,买盘
2518,11:16:30,8.97,0.01,26,23322,买盘
2519,11:16:27,8.96,--,350,313600,卖盘
2520,11:16:24,8.96,-0.01,747,669312,卖盘
2521,11:16:21,8.97,0.01,4,3588,买盘
2522,11:16:18,8.96,-0.01,17,15232,卖盘
2523,11:16:15,8.97,--,129,115713,买盘
2524,11:16:12,8.97,--,70,62790,买盘
2525,11:16:09,8.97,--,141,126477,买盘
2526,11:16:06,8.97,--,123,110331,买盘
2527,11:16:03,8.97,--,45,40365,买盘
2528,11:16:00,8.97,0.01,193,173121,买盘
2529,11:15:57,8.96,--,63,56448,卖盘
2530,11:15:54,8.96,--,422,378112,卖盘
2531,11:15:51,8.96,-0.01,120,107520,卖盘
2532,11:15:48,8.97,--,32,28704,买盘
2533,11:15:45,8.97,--,140,125580,买盘
2534,11:15:42,8.97,--,138,123786,买盘
2535,11:15:39,8.97,0.01,6,5382,买盘
2536,11:15:36,8.96,--,196,175616,卖盘
2537,11:15:33,8.96,-0.01,22,19712,卖盘
2538,11:15:30,8.97,0.01,210,188370,买盘
2539,11:15:27,8.96,-0.01,4,3584,卖盘
2540,11:15:24,8.97,0.01,88,78936,买盘
2541,11:15:21,8.96,-0.01,17,15232,卖盘
2542,11:15:18,8.97,0.01,51,45747,买盘
2543,11:15:15,8.96,--,24,21504,卖盘
2544,11:15:12,8.96,--,138,123648,卖盘
2545,11:15:09,8.96,--,146,130816,卖盘
2546,11:15:06,8.96,--,233,208768,卖盘
2547,11:15:03,8.96,--,15,13440,卖盘
2548,11:15:00,8.96,-0.01,50,44800,卖盘
2549,11:14:57,8.97,0.01,229,205413,买盘
2550,11:14:54,8.96,--,98,87808,卖盘
2551,11:14:51,8.96,--,169,151424,卖盘
2552,11:14:48,8.96,--,50,44800,卖盘
2553,11:14:45,8.96,--,6,5376,卖盘
2554,11:14:42,8.96,-0.01,15,13440,卖盘
2555,11:14:39,8.97,0.01,87,78039,买盘
2556,11:14:36,8.96,--,29,25984,卖盘
2557,11:14:33,8.96,--,5,4480,卖盘
2558,11:14:27,8.96,--,16,14336,卖盘
2559,11:14:24,8.96,-0.01,15,13440,卖盘
2560,11:14:21,8.97,0.01,21,18837,买盘
2561,11:14:18,8.96,--,172,154112,卖盘
2562,11:14:15,8.96,-0.01,231,206976,卖盘
2563,11:14:12,8.97,--,43,38571,买盘
2564,11:14:09,8.97,--,69,61893,买盘
2565,11:14:06,8.97,--,138,123786,买盘
2566,11:14:03,8.97,--,19,17043,买盘
2567,11:14:00,8.97,--,7,6279,买盘
2568,11:13:57,8.97,--,10,8970,买盘
2569,11:13:54,8.97,0.01,117,104949,买盘
2570,11:13:51,8.96,-0.01,143,128128,卖盘
2571,11:13:48,8.97,0.01,36,32292,买盘
2572,11:13:45,8.96,--,184,164917,卖盘
2573,11:13:42,8.96,--,30,26880,卖盘
2574,11:13:39,8.96,--,275,246400,卖盘
2575,11:13:36,8.96,-0.01,65,58240,卖盘
2576,11:13:33,8.97,--,72,64584,买盘
2577,11:13:30,8.97,0.01,39,34983,买盘
2578,11:13:27,8.96,-0.01,70,62720,卖盘
2579,11:13:24,8.97,0.01,19,17043,买盘
2580,11:13:21,8.96,-0.01,63,56448,卖盘
2581,11:13:15,8.97,0.01,9,8073,买盘
2582,11:13:12,8.96,--,69,61824,卖盘
2583,11:13:09,8.96,-0.01,26,23296,卖盘
2584,11:13:06,8.97,--,146,130962,买盘
2585,11:13:03,8.97,--,747,670059,买盘
2586,11:13:00,8.97,--,470,421590,买盘
2587,11:12:57,8.97,0.01,52,46644,买盘
2588,11:12:54,8.96,-0.01,17,15232,卖盘
2589,11:12:51,8.97,0.01,13,11661,买盘
2590,11:12:48,8.96,--,29,25984,卖盘
2591,11:12:45,8.96,-0.01,3,2688,卖盘
2592,11:12:42,8.97,--,108,96876,卖盘
2593,11:12:39,8.97,0.01,515,461955,中性盘
2594,11:12:36,8.96,-0.01,527,472192,卖盘
2595,11:12:33,8.97,--,69,61893,卖盘
2596,11:12:30,8.97,--,1,897,卖盘
2597,11:12:27,8.97,0.01,201,180297,买盘
2598,11:12:24,8.96,--,30,26880,卖盘
2599,11:12:21,8.96,-0.01,164,146944,卖盘
2600,11:12:18,8.97,--,30,26910,买盘
2601,11:12:15,8.97,--,790,708630,卖盘
2602,11:12:12,8.97,-0.01,211,189267,卖盘
2603,11:12:09,8.98,0.01,2,1796,买盘
2604,11:12:06,8.97,--,1,897,卖盘
2605,11:12:03,8.97,--,187,167739,卖盘
2606,11:11:57,8.97,-0.01,273,244881,卖盘
2607,11:11:54,8.98,0.01,1,898,买盘
2608,11:11:51,8.97,--,17,15249,卖盘
2609,11:11:48,8.97,--,13,11661,卖盘
2610,11:11:45,8.97,--,12,10764,卖盘
2611,11:11:42,8.97,--,56,50232,卖盘
2612,11:11:39,8.97,--,57,51129,卖盘
2613,11:11:36,8.97,--,132,118404,卖盘
2614,11:11:33,8.97,--,669,600093,卖盘
2615,11:11:30,8.97,--,31,27807,卖盘
2616,11:11:27,8.97,-0.01,10,8970,卖盘
2617,11:11:24,8.98,0.01,12,10776,买盘
2618,11:11:21,8.97,--,147,131859,卖盘
2619,11:11:18,8.97,--,120,107640,卖盘
2620,11:11:15,8.97,--,31,27807,卖盘
2621,11:11:12,8.97,-0.01,352,315744,卖盘
2622,11:11:09,8.98,--,51,45798,买盘
2623,11:11:06,8.98,0.01,58,52084,买盘
2624,11:11:03,8.97,--,99,88803,卖盘
2625,11:11:00,8.97,--,322,288834,卖盘
2626,11:10:57,8.97,--,19,17043,卖盘
2627,11:10:51,8.97,--,10,8970,卖盘
2628,11:10:48,8.97,--,11,9867,卖盘
2629,11:10:45,8.97,-0.01,192,172224,卖盘
2630,11:10:42,8.98,0.01,6,5388,买盘
2631,11:10:39,8.97,--,27,24219,卖盘
2632,11:10:36,8.97,-0.01,25,22425,卖盘
2633,11:10:33,8.98,--,11,9878,买盘
2634,11:10:30,8.98,--,65,58370,买盘
2635,11:10:27,8.98,--,55,49390,买盘
2636,11:10:24,8.98,--,36,32328,买盘
2637,11:10:21,8.98,--,842,756116,买盘
2638,11:10:18,8.98,--,47,42206,买盘
2639,11:10:12,8.98,--,1070,960860,买盘
2640,11:10:09,8.98,0.01,57,51186,买盘
2641,11:10:06,8.97,--,195,174915,卖盘
2642,11:10:03,8.97,--,77,69069,卖盘
2643,11:10:00,8.97,--,33,29601,卖盘
2644,11:09:54,8.97,-0.01,20,17940,卖盘
2645,11:09:51,8.98,0.01,54,48492,买盘
2646,11:09:48,8.97,--,22,19734,卖盘
2647,11:09:45,8.97,-0.01,59,52923,卖盘
2648,11:09:42,8.98,0.01,10,8980,买盘
2649,11:09:39,8.97,--,46,41262,卖盘
2650,11:09:36,8.97,--,25,22425,卖盘
2651,11:09:33,8.97,-0.01,73,65481,卖盘
2652,11:09:30,8.98,--,58,52084,卖盘
2653,11:09:27,8.98,0.01,308,276584,买盘
2654,11:09:24,8.97,-0.01,93,83421,卖盘
2655,11:09:21,8.98,0.01,5,4490,买盘
2656,11:09:18,8.97,-0.01,80,71760,卖盘
2657,11:09:15,8.98,0.01,23,20654,买盘
2658,11:09:12,8.97,-0.01,1,897,卖盘
2659,11:09:09,8.98,0.01,13,11674,买盘
2660,11:09:06,8.97,--,16,14352,卖盘
2661,11:09:03,8.97,-0.01,21,18837,卖盘
2662,11:09:00,8.98,--,405,363690,卖盘
2663,11:08:57,8.98,--,19,17062,卖盘
2664,11:08:54,8.98,--,36,32328,卖盘
2665,11:08:51,8.98,--,48,43104,卖盘
2666,11:08:48,8.98,--,26,23348,卖盘
2667,11:08:45,8.98,-0.01,48,43104,卖盘
2668,11:08:42,8.99,0.01,2,1798,买盘
2669,11:08:39,8.98,--,11,9878,卖盘
2670,11:08:36,8.98,--,31,27838,卖盘
2671,11:08:33,8.98,0.01,70,62860,买盘
2672,11:08:30,8.97,--,32,28704,卖盘
2673,11:08:27,8.97,--,314,281658,卖盘
2674,11:08:24,8.97,--,71,63687,卖盘
2675,11:08:21,8.97,-0.01,117,104949,卖盘
2676,11:08:18,8.98,0.01,2,1796,买盘
2677,11:08:15,8.97,-0.01,70,62790,卖盘
2678,11:08:12,8.98,0.01,52,46696,买盘
2679,11:08:09,8.97,--,83,74451,卖盘
2680,11:08:06,8.97,--,100,89700,卖盘
2681,11:08:03,8.97,--,11,9867,卖盘
2682,11:08:00,8.97,-0.01,23,20631,卖盘
2683,11:07:57,8.98,-0.01,39,35022,卖盘
2684,11:07:54,8.99,0.02,24,21576,买盘
2685,11:07:48,8.97,-0.01,1044,936468,卖盘
2686,11:07:45,8.98,-0.01,7,6286,卖盘
2687,11:07:42,8.99,0.01,18,16182,买盘
2688,11:07:39,8.98,--,43,38614,卖盘
2689,11:07:36,8.98,--,148,132904,买盘
2690,11:07:33,8.98,--,10,8980,买盘
2691,11:07:30,8.98,0.01,10,8980,买盘
2692,11:07:27,8.97,-0.01,20,17940,卖盘
2693,11:07:24,8.98,--,157,140986,卖盘
2694,11:07:21,8.98,--,955,857590,卖盘
2695,11:07:18,8.98,--,48,43104,卖盘
2696,11:07:15,8.98,--,21,18858,卖盘
2697,11:07:12,8.98,--,1,898,卖盘
2698,11:07:09,8.98,--,102,91596,卖盘
2699,11:07:06,8.98,-0.01,7,6286,卖盘
2700,11:07:03,8.99,0.01,76,68324,买盘
2701,11:07:00,8.98,--,10,8980,卖盘
2702,11:06:57,8.98,-0.01,19,17062,卖盘
2703,11:06:54,8.99,0.01,22,19778,买盘
2704,11:06:51,8.98,-0.01,74,66452,卖盘
2705,11:06:45,8.99,-0.01,117,105183,卖盘
2706,11:06:42,9.0,0.01,119,107100,买盘
2707,11:06:39,8.99,--,71,63829,买盘
2708,11:06:36,8.99,0.01,20,17980,买盘
2709,11:06:33,8.98,-0.01,11,9878,卖盘
2710,11:06:30,8.99,--,20,17980,买盘
2711,11:06:24,8.99,0.01,23,20677,买盘
2712,11:06:21,8.98,-0.01,2136,1918128,卖盘
2713,11:06:18,8.99,--,57,51243,买盘
2714,11:06:15,8.99,--,3,2697,买盘
2715,11:06:12,8.99,0.01,31,27869,买盘
2716,11:06:09,8.98,-0.01,50,44900,卖盘
2717,11:06:06,8.99,0.01,223,200477,买盘
2718,11:06:03,8.98,--,16,14368,卖盘
2719,11:06:00,8.98,--,65,58370,卖盘
2720,11:05:57,8.98,--,19,17062,卖盘
2721,11:05:54,8.98,-0.01,76,68248,卖盘
2722,11:05:51,8.99,--,7,6293,买盘
2723,11:05:48,8.99,--,761,684139,卖盘
2724,11:05:45,8.99,-0.01,77,69223,卖盘
2725,11:05:42,9.0,0.01,8,7200,买盘
2726,11:05:39,8.99,--,132,118668,卖盘
2727,11:05:36,8.99,--,32,28768,卖盘
2728,11:05:30,8.99,-0.01,74,66526,卖盘
2729,11:05:27,9.0,--,12,10800,买盘
2730,11:05:24,9.0,0.01,39,35100,买盘
2731,11:05:21,8.99,--,3,2697,卖盘
2732,11:05:18,8.99,-0.01,730,656270,卖盘
2733,11:05:15,9.0,0.01,20,18000,买盘
2734,11:05:12,8.99,-0.01,46,41354,卖盘
2735,11:05:09,9.0,0.01,6,5400,买盘
2736,11:05:06,8.99,-0.01,323,290377,卖盘
2737,11:05:03,9.0,--,192,172800,买盘
2738,11:04:57,9.0,--,31,27900,买盘
2739,11:04:54,9.0,0.01,33,29700,买盘
2740,11:04:51,8.99,--,40,35960,卖盘
2741,11:04:48,8.99,--,22,19778,卖盘
2742,11:04:45,8.99,--,71,63829,卖盘
2743,11:04:42,8.99,--,19,17081,卖盘
2744,11:04:39,8.99,--,39,35061,卖盘
2745,11:04:36,8.99,--,78,70122,卖盘
2746,11:04:33,8.99,--,4,3596,卖盘
2747,11:04:30,8.99,--,151,135749,卖盘
2748,11:04:24,8.99,-0.01,11,9889,卖盘
2749,11:04:21,9.0,0.01,20,18000,买盘
2750,11:04:18,8.99,-0.01,46,41354,卖盘
2751,11:04:15,9.0,0.01,10,9000,买盘
2752,11:04:12,8.99,--,74,66526,卖盘
2753,11:04:09,8.99,--,1,899,卖盘
2754,11:04:06,8.99,-0.01,168,151032,卖盘
2755,11:04:03,9.0,--,16,14400,买盘
2756,11:04:00,9.0,--,21,18900,买盘
2757,11:03:57,9.0,0.01,63,56700,买盘
2758,11:03:54,8.99,--,24,21576,卖盘
2759,11:03:51,8.99,-0.01,71,63829,卖盘
2760,11:03:48,9.0,0.01,211,189900,买盘
2761,11:03:45,8.99,-0.01,18,16182,卖盘
2762,11:03:39,9.0,0.01,37,33300,买盘
2763,11:03:36,8.99,--,207,186093,卖盘
2764,11:03:33,8.99,-0.01,36,32364,卖盘
2765,11:03:27,9.0,--,69,62100,买盘
2766,11:03:24,9.0,--,83,74700,买盘
2767,11:03:21,9.0,--,96,86400,买盘
2768,11:03:18,9.0,--,6,5400,买盘
2769,11:03:15,9.0,0.01,161,144900,买盘
2770,11:03:12,8.99,-0.01,19,17081,卖盘
2771,11:03:06,9.0,0.01,21,18900,买盘
2772,11:03:03,8.99,--,119,106981,卖盘
2773,11:03:00,8.99,-0.01,359,322741,卖盘
2774,11:02:57,9.0,0.01,28,25200,买盘
2775,11:02:54,8.99,--,76,68324,卖盘
2776,11:02:51,8.99,--,29,26071,卖盘
2777,11:02:48,8.99,-0.01,13,11687,卖盘
2778,11:02:42,9.0,0.01,2167,1950300,买盘
2779,11:02:39,8.99,--,19,17081,卖盘
2780,11:02:30,8.99,--,2,1798,卖盘
2781,11:02:27,8.99,-0.01,31,27869,卖盘
2782,11:02:24,9.0,0.01,73,65700,买盘
2783,11:02:21,8.99,-0.01,5,4495,卖盘
2784,11:02:18,9.0,0.01,118,106200,买盘
2785,11:02:15,8.99,-0.01,70,62930,卖盘
2786,11:02:12,9.0,--,35,31500,买盘
2787,11:02:09,9.0,--,257,231300,买盘
2788,11:02:06,9.0,--,93,83700,买盘
2789,11:02:03,9.0,--,23,20700,买盘
2790,11:02:00,9.0,--,288,259200,买盘
2791,11:01:57,9.0,0.01,46,41400,买盘
2792,11:01:54,8.99,-0.01,626,562774,卖盘
2793,11:01:51,9.0,--,112,100800,买盘
2794,11:01:48,9.0,0.01,216,194400,买盘
2795,11:01:45,8.99,--,98,88102,卖盘
2796,11:01:42,8.99,-0.01,73,65627,卖盘
2797,11:01:39,9.0,0.01,240,216000,买盘
2798,11:01:36,8.99,--,110,98890,卖盘
2799,11:01:33,8.99,-0.01,20,17980,卖盘
2800,11:01:30,9.0,--,107,97020,卖盘
2801,11:01:27,9.0,--,22,19800,卖盘
2802,11:01:24,9.0,--,21,18900,卖盘
2803,11:01:21,9.0,-0.01,191,171900,卖盘
2804,11:01:18,9.01,0.01,20,18020,买盘
2805,11:01:15,9.0,--,2,1800,卖盘
2806,11:01:12,9.0,--,56,50400,卖盘
2807,11:01:09,9.0,--,87,78300,卖盘
2808,11:01:06,9.0,--,204,183600,卖盘
2809,11:01:03,9.0,--,30,27000,卖盘
2810,11:01:00,9.0,--,5,4500,卖盘
2811,11:00:57,9.0,-0.01,26,23400,卖盘
2812,11:00:54,9.01,0.01,9,8109,买盘
2813,11:00:51,9.0,--,27,24300,卖盘
2814,11:00:48,9.0,--,32,28800,卖盘
2815,11:00:45,9.0,--,1,900,卖盘
2816,11:00:42,9.0,--,22,19800,卖盘
2817,11:00:39,9.0,0.01,16,14580,买盘
2818,11:00:36,8.99,-0.01,548,492652,卖盘
2819,11:00:33,9.0,--,154,139320,卖盘
2820,11:00:27,9.0,0.01,181,163080,买盘
2821,11:00:24,8.99,--,81,72819,卖盘
2822,11:00:21,8.99,--,75,67425,卖盘
2823,11:00:18,8.99,-0.01,32,28768,卖盘
2824,11:00:15,9.0,0.01,37,33300,买盘
2825,11:00:12,8.99,-0.01,19,17081,卖盘
2826,11:00:09,9.0,--,30,27000,买盘
2827,11:00:06,9.0,--,16,14400,买盘
2828,11:00:03,9.0,--,126,114120,卖盘
2829,11:00:00,9.0,-0.01,50,45000,卖盘
2830,10:59:57,9.01,0.01,2,1802,买盘
2831,10:59:54,9.0,--,4,3600,卖盘
2832,10:59:51,9.0,--,18,16200,卖盘
2833,10:59:48,9.0,--,14,12600,卖盘
2834,10:59:45,9.0,0.01,1661,1495080,买盘
2835,10:59:42,8.99,-0.01,19,17081,卖盘
2836,10:59:39,9.0,--,10,9000,买盘
2837,10:59:36,9.0,--,1,900,买盘
2838,10:59:33,9.0,0.01,30,27000,买盘
2839,10:59:30,8.99,--,92,82708,卖盘
2840,10:59:27,8.99,-0.01,1,899,卖盘
2841,10:59:24,9.0,0.01,226,203400,买盘
2842,10:59:21,8.99,-0.01,32,28768,卖盘
2843,10:59:18,9.0,--,6,5400,买盘
