,time,price,change,volume,amount,type
0,15:00:03,11.12,--,1494,1661327,买盘
1,14:57:00,11.12,--,11,12232,买盘
2,14:56:54,11.12,--,10,11120,买盘
3,14:56:51,11.12,--,5,5560,买盘
4,14:56:48,11.12,--,18,20016,买盘
5,14:56:45,11.12,--,14,15567,买盘
6,14:56:42,11.12,--,39,43368,买盘
7,14:56:39,11.12,0.01,12,13343,买盘
8,14:56:33,11.11,--,3,3333,卖盘
9,14:56:30,11.11,-0.01,43,47773,卖盘
10,14:56:24,11.12,0.01,37,41144,买盘
11,14:56:21,11.11,--,3,3333,卖盘
12,14:56:09,11.11,--,10,11110,卖盘
13,14:56:03,11.11,-0.01,46,51106,卖盘
14,14:56:00,11.12,0.01,1,1112,买盘
15,14:55:51,11.11,-0.01,3,3333,卖盘
16,14:55:48,11.12,0.01,1,1112,买盘
17,14:55:42,11.11,--,4,5266,卖盘
18,14:55:39,11.11,--,70,77770,卖盘
19,14:55:36,11.11,-0.01,12,13332,卖盘
20,14:55:33,11.12,--,43,47816,买盘
21,14:55:24,11.12,--,4,4448,买盘
22,14:55:21,11.12,--,5,5560,买盘
23,14:55:18,11.12,--,30,33360,中性盘
24,14:55:15,11.12,--,30,33360,卖盘
25,14:55:03,11.12,--,25,27799,买盘
26,14:55:00,11.12,0.01,12,13343,买盘
27,14:54:57,11.11,-0.01,186,206646,卖盘
28,14:54:54,11.12,0.01,23,25576,买盘
29,14:54:51,11.11,-0.01,60,66660,卖盘
30,14:54:48,11.12,--,285,316920,买盘
31,14:54:45,11.12,0.01,106,117871,买盘
32,14:54:42,11.11,-0.01,6,6666,卖盘
33,14:54:39,11.12,--,76,84512,买盘
34,14:54:36,11.12,0.01,3,3335,买盘
35,14:54:33,11.11,--,156,173316,卖盘
36,14:54:27,11.11,--,72,79992,卖盘
37,14:54:24,11.11,-0.01,4,4444,卖盘
38,14:54:21,11.12,0.01,4,4448,买盘
39,14:54:18,11.11,--,32,35552,卖盘
40,14:54:15,11.11,--,6,6666,卖盘
41,14:54:12,11.11,--,53,58883,卖盘
42,14:54:06,11.11,0.01,40,44440,买盘
43,14:54:03,11.1,-0.01,214,237540,卖盘
44,14:54:00,11.11,--,33,36663,买盘
45,14:53:57,11.11,--,1,1111,买盘
46,14:53:54,11.11,--,6,6666,买盘
47,14:53:48,11.11,--,1,1111,买盘
48,14:53:45,11.11,0.01,8,8888,中性盘
49,14:53:36,11.1,-0.02,59,65490,卖盘
50,14:53:33,11.12,--,247,274664,买盘
51,14:53:30,11.12,--,12,13343,买盘
52,14:53:27,11.12,--,18,20016,买盘
53,14:53:18,11.12,--,1,1112,买盘
54,14:53:15,11.12,-0.01,40,44480,中性盘
55,14:53:09,11.13,--,31,34503,买盘
56,14:53:06,11.13,0.01,1820,2025660,买盘
57,14:53:03,11.12,-0.01,267,296904,卖盘
58,14:53:00,11.13,--,3,3339,买盘
59,14:52:57,11.13,--,53,58989,买盘
60,14:52:54,11.13,0.01,5,5565,买盘
61,14:52:51,11.12,--,611,679432,卖盘
62,14:52:48,11.12,-0.01,72,80064,卖盘
63,14:52:39,11.13,--,1,1113,买盘
64,14:52:36,11.13,0.01,17,18921,买盘
65,14:52:33,11.12,--,48,53375,卖盘
66,14:52:27,11.12,-0.01,11,12232,卖盘
67,14:52:24,11.13,--,20,22260,买盘
68,14:52:21,11.13,--,1,1113,买盘
69,14:52:18,11.13,0.01,53,58989,买盘
70,14:52:15,11.12,-0.01,15,16680,卖盘
71,14:52:12,11.13,--,10,11130,买盘
72,14:52:09,11.13,--,10,11130,买盘
73,14:52:03,11.13,--,82,91266,卖盘
74,14:51:57,11.13,--,401,446313,卖盘
75,14:51:54,11.13,-0.01,55,61215,卖盘
76,14:51:51,11.14,0.01,4,4456,买盘
77,14:51:42,11.13,--,100,111300,卖盘
78,14:51:39,11.13,--,20,22260,卖盘
79,14:51:36,11.13,--,2,2226,卖盘
80,14:51:33,11.13,-0.01,171,190323,卖盘
81,14:51:21,11.14,--,41,45674,买盘
82,14:51:18,11.14,--,214,238396,买盘
83,14:51:15,11.14,--,29,32306,买盘
84,14:51:12,11.14,0.01,20,22280,买盘
85,14:51:09,11.13,-0.01,77,85701,卖盘
86,14:51:06,11.14,0.01,5,5570,买盘
87,14:51:03,11.13,-0.01,155,172515,卖盘
88,14:51:00,11.14,--,15,16710,买盘
89,14:50:57,11.14,--,2,2228,买盘
90,14:50:51,11.14,--,6,6684,买盘
91,14:50:48,11.14,--,5,5570,买盘
92,14:50:42,11.14,--,1,1114,买盘
93,14:50:39,11.14,0.01,7,7798,买盘
94,14:50:36,11.13,-0.01,3,3339,卖盘
95,14:50:33,11.14,0.01,200,222800,买盘
96,14:50:30,11.13,-0.01,50,55650,卖盘
97,14:50:27,11.14,--,20,22280,买盘
98,14:50:24,11.14,0.01,39,43446,买盘
99,14:50:21,11.13,-0.01,6,6678,卖盘
100,14:50:12,11.14,--,2,2228,买盘
101,14:50:09,11.14,--,1,1114,买盘
102,14:50:06,11.14,--,37,41218,买盘
103,14:50:03,11.14,0.01,1,1114,买盘
104,14:49:54,11.13,-0.01,1,1113,卖盘
105,14:49:51,11.14,--,58,64612,买盘
106,14:49:48,11.14,--,5,5570,买盘
107,14:49:39,11.14,0.01,14,15596,买盘
108,14:49:27,11.13,-0.01,39,43407,卖盘
109,14:49:24,11.14,--,24,26736,卖盘
110,14:49:09,11.14,-0.01,3,3342,买盘
111,14:49:06,11.15,0.01,9,10035,买盘
112,14:49:03,11.14,--,3,3342,卖盘
113,14:49:00,11.14,--,1,1114,卖盘
114,14:48:57,11.14,-0.01,1,1114,中性盘
115,14:48:54,11.15,0.01,154,171710,买盘
116,14:48:48,11.14,--,186,207204,卖盘
117,14:48:42,11.14,--,145,161530,卖盘
118,14:48:21,11.14,-0.01,10,11140,卖盘
119,14:48:18,11.15,--,7,7805,买盘
120,14:48:15,11.15,0.01,1,1115,买盘
121,14:48:09,11.14,--,5,5570,卖盘
122,14:48:06,11.14,--,1,1114,卖盘
123,14:48:03,11.14,-0.01,20,22280,卖盘
124,14:47:57,11.15,0.01,1,1115,买盘
125,14:47:54,11.14,0.01,893,994802,买盘
126,14:47:48,11.13,--,25,27825,卖盘
127,14:47:45,11.13,-0.01,10,11130,卖盘
128,14:47:39,11.14,--,204,227256,买盘
129,14:47:36,11.14,--,17,18938,买盘
130,14:47:33,11.14,--,7,7798,买盘
131,14:47:18,11.14,--,1,1114,买盘
132,14:47:15,11.14,--,17,18938,买盘
133,14:47:12,11.14,--,5,5570,买盘
134,14:47:09,11.14,--,99,110286,买盘
135,14:47:06,11.14,0.01,271,301894,买盘
136,14:47:03,11.13,-0.01,201,223713,卖盘
137,14:47:00,11.14,0.01,1,1114,买盘
138,14:46:57,11.13,--,5,5565,卖盘
139,14:46:51,11.13,-0.01,2,2226,卖盘
140,14:46:45,11.14,0.01,58,64612,买盘
141,14:46:33,11.13,-0.01,60,66780,卖盘
142,14:46:27,11.14,--,8,8912,买盘
143,14:46:24,11.14,--,72,80208,买盘
144,14:46:18,11.14,0.01,1,1114,买盘
145,14:46:12,11.13,-0.01,1,1113,卖盘
146,14:46:06,11.14,--,38,42332,买盘
147,14:46:03,11.14,0.01,1,1114,买盘
148,14:45:48,11.13,--,61,67893,卖盘
149,14:45:33,11.13,-0.01,101,112413,卖盘
150,14:45:27,11.14,--,19,21166,买盘
151,14:45:24,11.14,0.01,135,150390,买盘
152,14:45:18,11.13,-0.01,1,1113,卖盘
153,14:45:15,11.14,0.01,47,52358,买盘
154,14:45:12,11.13,--,37,41181,卖盘
155,14:45:09,11.13,-0.01,29,32277,卖盘
156,14:45:06,11.14,0.01,5,5570,买盘
157,14:44:48,11.13,-0.01,16,17808,卖盘
158,14:44:45,11.14,0.01,21,23394,买盘
159,14:44:39,11.13,--,20,22260,卖盘
160,14:44:36,11.13,-0.01,1,1113,卖盘
161,14:44:33,11.14,--,50,55700,买盘
162,14:44:24,11.14,0.01,92,102488,买盘
163,14:44:21,11.13,-0.01,1,1113,卖盘
164,14:44:09,11.14,0.01,67,74638,买盘
165,14:44:06,11.13,-0.01,6,6678,卖盘
166,14:44:03,11.14,0.01,64,71296,买盘
167,14:44:00,11.13,--,277,308301,卖盘
168,14:43:57,11.13,-0.01,2,2226,卖盘
169,14:43:54,11.14,--,651,725214,买盘
170,14:43:51,11.14,--,10,11140,买盘
171,14:43:42,11.14,--,28,31192,买盘
172,14:43:39,11.14,0.01,10,11140,买盘
173,14:43:33,11.13,-0.01,15,16695,卖盘
174,14:43:27,11.14,0.01,18,20052,买盘
175,14:43:24,11.13,--,1,1113,卖盘
176,14:43:21,11.13,--,23,25599,卖盘
177,14:43:15,11.13,--,98,109074,卖盘
178,14:43:12,11.13,--,30,33390,卖盘
179,14:43:09,11.13,--,40,44520,卖盘
180,14:42:57,11.13,--,3,3339,卖盘
181,14:42:54,11.13,-0.01,16,17808,卖盘
182,14:42:45,11.14,--,20,22280,买盘
183,14:42:42,11.14,--,1,1114,买盘
184,14:42:30,11.14,0.01,62,69068,买盘
185,14:42:27,11.13,-0.01,1,1113,卖盘
186,14:42:18,11.14,--,41,45674,买盘
187,14:42:15,11.14,--,214,238396,买盘
188,14:42:03,11.14,0.01,8,8912,买盘
189,14:41:54,11.13,-0.01,3,3339,卖盘
190,14:41:51,11.14,0.01,212,236168,买盘
191,14:41:48,11.13,--,26,28938,卖盘
192,14:41:33,11.13,--,35,38955,卖盘
193,14:41:30,11.13,--,1,1113,卖盘
194,14:41:27,11.13,-0.01,130,144690,卖盘
195,14:41:21,11.14,0.01,4,4456,买盘
196,14:41:15,11.13,-0.01,36,40068,卖盘
197,14:41:12,11.14,--,2,2228,买盘
198,14:41:09,11.14,--,84,93576,买盘
199,14:41:03,11.14,--,50,55700,买盘
200,14:41:00,11.14,--,73,81322,买盘
201,14:40:57,11.14,--,1,1114,买盘
202,14:40:51,11.14,0.01,136,151504,买盘
203,14:40:48,11.13,-0.01,33,36729,卖盘
204,14:40:45,11.14,0.01,20,22280,买盘
205,14:40:36,11.13,-0.01,1,1113,卖盘
206,14:40:33,11.14,--,2,2228,买盘
207,14:40:27,11.14,--,75,83550,买盘
208,14:40:09,11.14,0.01,1,1114,买盘
209,14:40:06,11.13,0.01,371,412923,买盘
210,14:40:03,11.12,-0.01,1,1112,卖盘
211,14:40:00,11.13,0.01,50,55650,买盘
212,14:39:54,11.12,-0.01,12,13343,卖盘
213,14:39:51,11.13,0.01,41,45633,买盘
214,14:39:48,11.12,--,152,169024,卖盘
215,14:39:45,11.12,-0.01,1,1112,卖盘
216,14:39:36,11.13,0.01,8,8904,买盘
217,14:39:33,11.12,-0.01,3,3335,卖盘
218,14:39:24,11.13,--,9,10017,买盘
219,14:39:12,11.13,--,1,1113,买盘
220,14:39:06,11.13,--,309,343917,买盘
221,14:39:00,11.13,0.01,22,24486,买盘
222,14:38:57,11.12,-0.01,1,1112,卖盘
223,14:38:51,11.13,--,6,6678,买盘
224,14:38:48,11.13,--,5,5565,买盘
225,14:38:45,11.13,-0.01,20,22260,卖盘
226,14:38:42,11.14,0.02,121,134794,买盘
227,14:38:39,11.12,-0.01,20,22240,卖盘
228,14:38:27,11.13,--,85,94638,买盘
229,14:38:15,11.13,--,10,11130,买盘
230,14:38:09,11.13,-0.01,11,13322,卖盘
231,14:38:06,11.14,0.01,34,37876,买盘
232,14:38:00,11.13,0.01,10,11163,买盘
233,14:37:57,11.12,-0.01,18,20016,卖盘
234,14:37:54,11.13,--,22,24486,买盘
235,14:37:51,11.13,--,21,23373,买盘
236,14:37:48,11.13,--,44,48972,买盘
237,14:37:45,11.13,--,154,171402,买盘
238,14:37:36,11.13,--,128,142464,买盘
239,14:37:33,11.13,0.01,21,23373,买盘
240,14:37:30,11.12,-0.01,24,26687,卖盘
241,14:37:27,11.13,0.01,44,48972,买盘
242,14:37:21,11.12,-0.01,3,3335,卖盘
243,14:37:09,11.13,0.01,100,111300,买盘
244,14:37:06,11.12,-0.01,59,65608,卖盘
245,14:37:00,11.13,--,100,111300,买盘
246,14:36:51,11.13,--,17,18921,买盘
247,14:36:45,11.13,0.02,777,864801,买盘
248,14:36:42,11.11,-0.01,5,5555,卖盘
249,14:36:33,11.12,--,5,5560,买盘
250,14:36:30,11.12,--,21,23352,买盘
251,14:36:27,11.12,--,522,580464,买盘
252,14:36:24,11.12,--,77,85624,买盘
253,14:36:21,11.12,0.01,5,5560,买盘
254,14:36:09,11.11,--,6,6666,卖盘
255,14:36:06,11.11,-0.01,50,55550,卖盘
256,14:36:03,11.12,--,42,46704,卖盘
257,14:36:00,11.12,--,23,25576,卖盘
258,14:35:54,11.12,--,21,23352,卖盘
259,14:35:48,11.12,--,1,1112,卖盘
260,14:35:45,11.12,--,5,5560,卖盘
261,14:35:42,11.12,-0.01,29,32247,卖盘
262,14:35:39,11.13,0.01,134,149142,买盘
263,14:35:36,11.12,--,11,12232,卖盘
264,14:35:33,11.12,-0.01,17,18904,卖盘
265,14:35:30,11.13,0.01,38,42294,买盘
266,14:35:27,11.12,--,135,150120,卖盘
267,14:35:24,11.12,-0.01,44,48928,卖盘
268,14:35:21,11.13,--,48,53424,买盘
269,14:35:18,11.13,0.01,131,145803,买盘
270,14:35:15,11.12,--,20,22240,卖盘
271,14:35:12,11.12,--,1,1112,卖盘
272,14:35:09,11.12,--,6,6671,卖盘
273,14:35:06,11.12,--,26,28911,卖盘
274,14:35:03,11.12,--,34,37808,卖盘
275,14:35:00,11.12,--,12,13343,卖盘
276,14:34:57,11.12,--,60,66720,卖盘
277,14:34:54,11.12,-0.01,2,2224,卖盘
278,14:34:51,11.13,0.01,9,10017,买盘
279,14:34:45,11.12,-0.01,2,2224,卖盘
280,14:34:42,11.13,0.01,7,7791,买盘
281,14:34:39,11.12,-0.01,29,32247,卖盘
282,14:34:36,11.13,0.01,52,57876,买盘
283,14:34:33,11.12,--,1,1112,卖盘
284,14:34:30,11.12,--,5,5560,卖盘
285,14:34:27,11.12,--,1,1112,卖盘
286,14:34:24,11.12,--,1,1112,卖盘
287,14:34:21,11.12,--,5,5560,卖盘
288,14:34:18,11.12,-0.01,14,15567,卖盘
289,14:34:15,11.13,0.01,68,75684,买盘
290,14:34:12,11.12,-0.01,12,13343,卖盘
291,14:34:09,11.13,--,56,62328,买盘
292,14:34:06,11.13,0.01,130,144690,买盘
293,14:34:03,11.12,--,2,2224,卖盘
294,14:34:00,11.12,-0.01,9,10008,卖盘
295,14:33:57,11.13,0.01,48,53424,买盘
296,14:33:54,11.12,--,2,2224,卖盘
297,14:33:51,11.12,--,9,10008,卖盘
298,14:33:48,11.12,--,49,54487,买盘
299,14:33:45,11.12,--,130,144560,买盘
300,14:33:42,11.12,0.01,149,165688,买盘
301,14:33:39,11.11,-0.01,12,13332,卖盘
302,14:33:36,11.12,--,62,68944,买盘
303,14:33:33,11.12,0.01,307,341384,买盘
304,14:33:30,11.11,--,68,75548,卖盘
305,14:33:27,11.11,--,1,1111,卖盘
306,14:33:24,11.11,--,6,6666,卖盘
307,14:33:21,11.11,--,4,4444,卖盘
308,14:33:18,11.11,--,2,2222,卖盘
309,14:33:15,11.11,-0.01,14,15554,卖盘
310,14:33:12,11.12,0.01,54,60047,买盘
311,14:33:09,11.11,--,220,244420,卖盘
312,14:33:06,11.11,--,48,53328,卖盘
313,14:33:03,11.11,-0.01,18,19998,卖盘
314,14:33:00,11.12,0.01,86,95632,买盘
315,14:32:57,11.11,--,4,4444,卖盘
316,14:32:54,11.11,--,15,16665,卖盘
317,14:32:51,11.11,--,10,11110,卖盘
318,14:32:48,11.11,--,24,26664,卖盘
319,14:32:45,11.11,--,2,2222,卖盘
320,14:32:42,11.11,-0.01,14,15554,卖盘
321,14:32:39,11.12,0.01,31,34472,买盘
322,14:32:36,11.11,--,8,8888,卖盘
323,14:32:33,11.11,--,37,41107,卖盘
324,14:32:30,11.11,--,186,206646,卖盘
325,14:32:27,11.11,-0.01,38,42218,卖盘
326,14:32:24,11.12,0.01,187,207943,买盘
327,14:32:21,11.11,--,1,1111,卖盘
328,14:32:18,11.11,--,5,5555,卖盘
329,14:32:15,11.11,-0.01,2,2222,卖盘
330,14:32:12,11.12,0.01,9,10008,买盘
331,14:32:09,11.11,-0.01,23,25553,卖盘
332,14:32:06,11.12,0.01,117,130103,买盘
333,14:32:03,11.11,-0.01,103,114433,卖盘
334,14:32:00,11.12,--,95,105639,买盘
335,14:31:57,11.12,--,23,25576,买盘
336,14:31:54,11.12,--,28,31135,买盘
337,14:31:51,11.12,--,55,61159,买盘
338,14:31:48,11.12,0.01,3,3335,买盘
339,14:31:45,11.11,-0.01,5,5555,卖盘
340,14:31:39,11.12,--,4,4448,买盘
341,14:31:36,11.12,0.01,4,4448,买盘
342,14:31:33,11.11,-0.01,13,14443,卖盘
343,14:31:30,11.12,0.01,16,17792,买盘
344,14:31:18,11.11,--,2,2222,卖盘
345,14:31:15,11.11,--,10,11110,卖盘
346,14:31:12,11.11,-0.01,11,12221,卖盘
347,14:31:09,11.12,0.01,34,37808,买盘
348,14:31:06,11.11,--,12,13332,卖盘
349,14:31:03,11.11,-0.01,46,51106,卖盘
350,14:31:00,11.12,0.01,31,34472,买盘
351,14:30:57,11.11,--,6,6666,卖盘
352,14:30:54,11.11,-0.01,5,5555,卖盘
353,14:30:51,11.12,0.01,22,24464,买盘
354,14:30:48,11.11,--,11,12221,卖盘
355,14:30:45,11.11,--,56,62216,卖盘
356,14:30:42,11.11,--,8,8888,卖盘
357,14:30:39,11.11,--,5,5555,卖盘
358,14:30:36,11.11,--,1,1111,卖盘
359,14:30:33,11.11,--,4,4444,卖盘
360,14:30:30,11.11,-0.01,22,24442,卖盘
361,14:30:27,11.12,0.01,106,117871,买盘
362,14:30:24,11.11,--,9,9999,卖盘
363,14:30:21,11.11,--,44,48884,卖盘
364,14:30:18,11.11,--,4,4444,卖盘
365,14:30:15,11.11,-0.01,23,25553,卖盘
366,14:30:12,11.12,0.01,114,126767,买盘
367,14:30:09,11.11,--,21,23331,卖盘
368,14:30:06,11.11,--,105,116655,卖盘
369,14:30:03,11.11,-0.01,12,13332,卖盘
370,14:30:00,11.12,0.01,23,25576,买盘
371,14:29:57,11.11,-0.01,8,8888,卖盘
372,14:29:54,11.12,0.01,40,44480,买盘
373,14:29:51,11.11,--,1,1111,卖盘
374,14:29:48,11.11,-0.01,2,2222,卖盘
375,14:29:45,11.12,0.01,10,11120,买盘
376,14:29:42,11.11,-0.01,6,6666,卖盘
377,14:29:39,11.12,--,30,33360,买盘
378,14:29:36,11.12,--,144,160128,买盘
379,14:29:33,11.12,--,19,21128,买盘
380,14:29:30,11.12,--,32,35584,买盘
381,14:29:27,11.12,-0.01,113,125655,卖盘
382,14:29:24,11.13,0.01,2,2226,买盘
383,14:29:21,11.12,--,1,1112,卖盘
384,14:29:18,11.12,--,6,6671,卖盘
385,14:29:15,11.12,0.01,28,31135,买盘
386,14:29:06,11.11,-0.01,1,1111,卖盘
387,14:29:03,11.12,--,7,7783,卖盘
388,14:29:00,11.12,--,96,106751,卖盘
389,14:28:57,11.12,--,444,493727,买盘
390,14:28:54,11.12,0.01,2,2224,买盘
391,14:28:51,11.11,--,4,4444,卖盘
392,14:28:48,11.11,-0.01,23,25553,卖盘
393,14:28:45,11.12,0.01,65,72280,买盘
394,14:28:39,11.11,--,1,1111,卖盘
395,14:28:36,11.11,--,2,2222,卖盘
396,14:28:33,11.11,--,10,11110,卖盘
397,14:28:30,11.11,--,1,1111,卖盘
398,14:28:27,11.11,--,5,5555,卖盘
399,14:28:21,11.11,--,1,1111,卖盘
400,14:28:18,11.11,--,5,5555,卖盘
401,14:28:15,11.11,--,25,27775,卖盘
402,14:28:12,11.11,--,27,29997,卖盘
403,14:28:09,11.11,--,136,151096,卖盘
404,14:28:06,11.11,-0.01,54,59994,卖盘
405,14:28:03,11.12,0.01,274,304688,买盘
406,14:28:00,11.11,--,5,5555,卖盘
407,14:27:57,11.11,-0.01,24,26664,卖盘
408,14:27:54,11.12,0.01,105,116759,买盘
409,14:27:51,11.11,--,1,1111,卖盘
410,14:27:48,11.11,--,2,2222,卖盘
411,14:27:45,11.11,--,11,12221,卖盘
412,14:27:42,11.11,--,3,3333,卖盘
413,14:27:39,11.11,--,19,21109,卖盘
414,14:27:36,11.11,--,29,32219,卖盘
415,14:27:27,11.11,--,1,1111,卖盘
416,14:27:24,11.11,--,2,2222,卖盘
417,14:27:21,11.11,--,5,5555,卖盘
418,14:27:18,11.11,--,1,1111,卖盘
419,14:27:15,11.11,-0.01,3,3333,卖盘
420,14:27:12,11.12,--,15,16680,卖盘
421,14:27:09,11.12,--,142,157904,卖盘
422,14:27:06,11.12,--,69,76728,卖盘
423,14:27:03,11.12,--,346,384752,卖盘
424,14:27:00,11.12,--,9,10008,卖盘
425,14:26:57,11.12,--,5,5560,卖盘
426,14:26:54,11.12,--,28,31135,卖盘
427,14:26:51,11.12,--,7,7783,卖盘
428,14:26:48,11.12,--,5,5560,卖盘
429,14:26:24,11.12,--,1,1112,卖盘
430,14:26:21,11.12,0.01,5,5560,买盘
431,14:26:18,11.11,--,2,2222,卖盘
432,14:26:15,11.11,-0.02,9,9999,卖盘
433,14:26:12,11.13,0.02,20,22260,买盘
434,14:26:09,11.11,-0.02,3,3333,卖盘
435,14:26:06,11.13,0.02,14,15582,卖盘
436,14:26:03,11.11,-0.02,230,255530,卖盘
437,14:25:57,11.13,-0.01,2,2226,卖盘
438,14:25:54,11.14,--,12,13368,买盘
439,14:25:51,11.14,0.01,33,36762,买盘
440,14:25:48,11.13,--,9,10017,卖盘
441,14:25:45,11.13,-0.01,33,37174,卖盘
442,14:25:42,11.14,0.01,111,123654,买盘
443,14:25:33,11.13,--,1,1113,卖盘
444,14:25:30,11.13,--,4,4452,卖盘
445,14:25:27,11.13,--,20,22260,卖盘
446,14:25:24,11.13,0.01,22,24486,中性盘
447,14:25:06,11.12,--,2,2224,卖盘
448,14:25:03,11.12,--,7,7783,卖盘
449,14:25:00,11.12,0.01,15,16680,买盘
450,14:24:51,11.11,--,2,2222,卖盘
451,14:24:48,11.11,-0.01,3,3333,卖盘
452,14:24:45,11.12,--,16,17792,卖盘
453,14:24:42,11.12,0.01,114,126767,中性盘
454,14:24:30,11.11,--,3,3333,卖盘
455,14:24:27,11.11,--,14,15554,卖盘
456,14:24:24,11.11,-0.01,67,74437,卖盘
457,14:24:21,11.12,0.01,337,374744,买盘
458,14:24:15,11.11,--,1,1111,卖盘
459,14:24:12,11.11,-0.01,3,3333,卖盘
460,14:24:09,11.12,0.01,15,16680,买盘
461,14:24:06,11.11,-0.01,38,42218,卖盘
462,14:24:03,11.12,0.01,185,205720,买盘
463,14:24:00,11.11,-0.01,43,47773,卖盘
464,14:23:57,11.12,0.01,213,236855,买盘
465,14:23:48,11.11,--,1,1111,卖盘
466,14:23:45,11.11,--,6,6666,卖盘
467,14:23:42,11.11,--,15,16665,卖盘
468,14:23:30,11.11,--,2,2222,卖盘
469,14:23:27,11.11,--,10,11110,卖盘
470,14:23:24,11.11,-0.01,49,54439,卖盘
471,14:23:21,11.12,0.01,205,227959,买盘
472,14:23:18,11.11,--,25,27775,卖盘
473,14:23:15,11.11,--,8,8888,卖盘
474,14:23:12,11.11,--,41,45551,卖盘
475,14:23:09,11.11,--,6,6666,卖盘
476,14:23:06,11.11,-0.01,31,34441,卖盘
477,14:23:03,11.12,--,151,167912,卖盘
478,14:22:57,11.12,--,1,1112,卖盘
479,14:22:54,11.12,--,5,5560,卖盘
480,14:22:51,11.12,-0.01,26,28911,卖盘
481,14:22:48,11.13,0.01,130,144690,买盘
482,14:22:45,11.12,--,2,2224,卖盘
483,14:22:42,11.12,-0.01,8,8896,卖盘
484,14:22:36,11.13,0.01,2,2226,买盘
485,14:22:33,11.12,-0.01,3,3335,卖盘
486,14:22:06,11.13,--,2,2226,卖盘
487,14:22:03,11.13,--,86,95718,卖盘
488,14:22:00,11.13,-0.01,10,11130,卖盘
489,14:21:57,11.14,0.01,50,55700,买盘
490,14:21:51,11.13,--,2,2226,卖盘
491,14:21:48,11.13,--,12,13356,卖盘
492,14:21:45,11.13,--,9,10017,卖盘
493,14:21:42,11.13,--,46,51198,买盘
494,14:21:39,11.13,0.01,6,6678,买盘
495,14:21:36,11.12,-0.01,26,28911,卖盘
496,14:21:33,11.13,-0.01,132,146916,卖盘
497,14:21:30,11.14,0.01,13,14482,买盘
498,14:21:18,11.13,-0.01,2,2226,卖盘
499,14:21:15,11.14,0.01,10,11140,买盘
500,14:21:12,11.13,--,1,1113,卖盘
501,14:21:09,11.13,--,1,1113,卖盘
502,14:21:06,11.13,-0.01,9,10017,卖盘
503,14:21:03,11.14,0.01,43,47902,买盘
504,14:21:00,11.13,--,9,10017,卖盘
505,14:20:57,11.13,-0.01,3,3339,卖盘
506,14:20:54,11.14,0.01,11,12254,买盘
507,14:20:51,11.13,--,31,34503,卖盘
508,14:20:48,11.13,-0.01,154,171402,卖盘
509,14:20:45,11.14,--,172,191608,买盘
510,14:20:42,11.14,0.01,9,10026,买盘
511,14:20:39,11.13,--,2,2226,卖盘
512,14:20:36,11.13,--,7,7791,卖盘
513,14:20:33,11.13,--,38,42294,卖盘
514,14:20:30,11.13,--,17,18921,卖盘
515,14:20:27,11.13,--,1,1113,卖盘
516,14:20:24,11.13,--,5,5565,卖盘
517,14:20:21,11.13,--,10,11130,卖盘
518,14:20:15,11.13,-0.01,1,1113,卖盘
519,14:20:12,11.14,0.01,5,5570,中性盘
520,14:20:00,11.13,--,1,1113,卖盘
521,14:19:57,11.13,-0.02,3,3339,卖盘
522,14:19:54,11.15,--,15,16725,买盘
523,14:19:51,11.15,0.02,50,55750,买盘
524,14:19:42,11.13,-0.02,1,1113,卖盘
525,14:19:39,11.15,0.02,3,3345,买盘
526,14:19:30,11.13,--,3,3339,卖盘
527,14:19:27,11.13,-0.02,14,15582,卖盘
528,14:19:24,11.15,--,68,75953,卖盘
529,14:19:21,11.15,--,538,600851,买盘
530,14:19:18,11.15,--,56,62440,买盘
531,14:19:15,11.15,0.01,200,223000,买盘
532,14:19:09,11.14,--,1,1114,卖盘
533,14:19:06,11.14,-0.01,8,8912,卖盘
534,14:19:03,11.15,0.01,39,43485,买盘
535,14:19:00,11.14,--,87,96918,卖盘
536,14:18:57,11.14,0.01,237,264018,买盘
537,14:18:54,11.13,--,15,16695,卖盘
538,14:18:51,11.13,--,73,81249,卖盘
539,14:18:48,11.13,0.01,365,406245,买盘
540,14:18:45,11.12,0.01,3,3335,卖盘
541,14:18:42,11.11,--,15,16665,卖盘
542,14:18:39,11.11,-0.02,24,26664,卖盘
543,14:18:36,11.13,--,70,77910,买盘
544,14:18:33,11.13,0.02,66,73458,买盘
545,14:18:30,11.11,0.01,1,1111,卖盘
546,14:18:27,11.1,--,1,1110,卖盘
547,14:18:24,11.1,--,9,9990,卖盘
548,14:18:21,11.1,-0.03,42,46620,卖盘
549,14:18:18,11.13,0.02,210,233730,买盘
550,14:18:15,11.11,--,34,37774,买盘
551,14:18:12,11.11,--,52,57772,买盘
552,14:18:09,11.11,0.01,11,12221,买盘
553,14:18:06,11.1,-0.01,4,4440,卖盘
554,14:18:03,11.11,--,18,19998,卖盘
555,14:18:00,11.11,--,215,238865,卖盘
556,14:17:57,11.11,-0.01,2,2222,卖盘
557,14:17:54,11.12,-0.01,8,8896,卖盘
558,14:17:51,11.13,0.01,100,111300,买盘
559,14:17:48,11.12,--,1,1112,卖盘
560,14:17:45,11.12,-0.01,7,7783,卖盘
561,14:17:36,11.13,-0.01,1,1113,卖盘
562,14:17:33,11.14,--,65,72410,买盘
563,14:17:30,11.14,0.01,146,162644,买盘
564,14:17:24,11.13,--,1,1113,卖盘
565,14:17:21,11.13,--,5,5565,卖盘
566,14:17:18,11.13,0.01,25,27825,买盘
567,14:17:15,11.12,-0.02,15,16680,卖盘
568,14:17:12,11.14,0.02,76,84664,买盘
569,14:17:09,11.12,--,24,26687,卖盘
570,14:17:06,11.12,--,119,132328,买盘
571,14:17:03,11.12,0.01,24,26687,买盘
572,14:17:00,11.11,--,11,12221,卖盘
573,14:16:57,11.11,-0.01,8,8888,卖盘
574,14:16:54,11.12,0.01,41,45592,买盘
575,14:16:51,11.11,-0.01,3,3333,卖盘
576,14:16:48,11.12,--,17,18904,买盘
577,14:16:45,11.12,--,33,36696,买盘
578,14:16:42,11.12,--,15,16680,买盘
579,14:16:39,11.12,--,9,10008,买盘
580,14:16:36,11.12,--,7,7783,买盘
581,14:16:33,11.12,0.01,28,31135,买盘
582,14:16:30,11.11,--,2,2222,卖盘
583,14:16:27,11.11,-0.03,9,9999,卖盘
584,14:16:24,11.14,0.03,408,454512,买盘
585,14:16:21,11.11,-0.01,367,407737,卖盘
586,14:16:18,11.12,--,7,7783,买盘
587,14:16:15,11.12,0.01,5,5560,买盘
588,14:16:12,11.11,--,1,1111,卖盘
589,14:16:09,11.11,--,6,6666,卖盘
590,14:16:06,11.11,-0.01,16,17776,卖盘
591,14:16:03,11.12,0.01,78,86736,买盘
592,14:16:00,11.11,-0.01,311,345521,卖盘
593,14:15:57,11.12,--,136,151232,卖盘
594,14:15:54,11.12,--,10,11120,卖盘
595,14:15:36,11.12,--,2,2224,卖盘
596,14:15:33,11.12,--,7,7783,卖盘
597,14:15:30,11.12,-0.01,3,3335,卖盘
598,14:15:27,11.13,--,12,13356,卖盘
599,14:15:15,11.13,0.01,1,1113,卖盘
600,14:15:12,11.12,--,3,3335,卖盘
601,14:15:09,11.12,-0.02,19,21128,卖盘
602,14:15:06,11.14,0.03,95,105830,买盘
603,14:15:03,11.11,--,59,65549,卖盘
604,14:15:00,11.11,-0.01,296,328856,卖盘
605,14:14:57,11.12,--,34,37808,卖盘
606,14:14:54,11.12,--,14,15567,卖盘
607,14:14:42,11.12,--,2,2224,卖盘
608,14:14:39,11.12,--,9,10008,卖盘
609,14:14:36,11.12,--,17,18904,卖盘
610,14:14:33,11.12,--,35,38920,卖盘
611,14:14:27,11.12,--,1,1112,卖盘
612,14:14:24,11.12,--,6,6671,卖盘
613,14:14:21,11.12,-0.01,32,35584,卖盘
614,14:14:18,11.13,0.01,7,7791,买盘
615,14:14:15,11.12,--,3,3335,卖盘
616,14:14:12,11.12,--,12,13343,卖盘
617,14:14:09,11.12,--,56,62271,买盘
618,14:14:06,11.12,--,14,15567,卖盘
619,14:14:03,11.12,--,197,219063,卖盘
620,14:13:48,11.12,--,1,1112,卖盘
621,14:13:45,11.12,--,4,4448,卖盘
622,14:13:42,11.12,--,17,18904,卖盘
623,14:13:39,11.12,--,4,4448,卖盘
624,14:13:36,11.12,-0.02,18,20016,卖盘
625,14:13:33,11.14,0.02,12,13368,买盘
626,14:13:30,11.12,-0.02,36,40032,卖盘
627,14:13:27,11.14,--,184,204976,买盘
628,14:13:24,11.14,--,12,13368,买盘
629,14:13:21,11.14,0.01,32,35648,买盘
630,14:13:18,11.13,0.01,5,5565,买盘
631,14:13:15,11.12,--,3,3335,卖盘
632,14:13:06,11.12,-0.01,3,3335,卖盘
633,14:13:03,11.13,--,14,15582,卖盘
634,14:13:00,11.13,--,68,75684,卖盘
635,14:12:57,11.13,0.01,342,380646,买盘
636,14:12:54,11.12,--,1,1112,卖盘
637,14:12:51,11.12,--,5,5560,卖盘
638,14:12:48,11.12,-0.01,21,23352,卖盘
639,14:12:45,11.13,0.01,14,15582,买盘
640,14:12:42,11.12,-0.01,19,21128,卖盘
641,14:12:39,11.13,0.01,93,103509,买盘
642,14:12:36,11.12,-0.01,5,5560,卖盘
643,14:12:33,11.13,0.01,28,31164,中性盘
644,14:12:30,11.12,-0.01,3,3335,卖盘
645,14:12:27,11.13,0.01,14,15582,买盘
646,14:12:21,11.12,--,1,1112,卖盘
647,14:12:18,11.12,--,5,5560,卖盘
648,14:12:15,11.12,--,10,11120,卖盘
649,14:12:12,11.12,--,49,54487,卖盘
650,14:12:09,11.12,--,194,215727,卖盘
651,14:12:06,11.12,--,30,33360,卖盘
652,14:12:03,11.12,--,153,170136,卖盘
653,14:11:54,11.12,--,1,1112,卖盘
654,14:11:51,11.12,--,1,1112,卖盘
655,14:11:48,11.12,--,6,6671,卖盘
656,14:11:45,11.12,--,7,7783,卖盘
657,14:11:42,11.12,-0.02,20,22240,卖盘
658,14:11:39,11.14,0.02,100,111400,买盘
659,14:11:36,11.12,--,18,20016,卖盘
660,14:11:33,11.12,-0.01,93,103416,卖盘
661,14:11:30,11.13,--,3,3339,卖盘
662,14:11:24,11.13,-0.01,2,2226,卖盘
663,14:11:21,11.14,0.01,9,10026,买盘
664,14:11:18,11.13,--,1,1113,卖盘
665,14:11:15,11.13,--,2,2226,卖盘
666,14:11:12,11.13,--,12,13356,卖盘
667,14:11:09,11.13,--,60,66780,卖盘
668,14:11:06,11.13,--,150,166950,卖盘
669,14:10:57,11.13,--,1,1113,卖盘
670,14:10:54,11.13,--,4,4452,卖盘
671,14:10:51,11.13,-0.01,21,23373,卖盘
672,14:10:48,11.14,0.01,88,98032,买盘
673,14:10:39,11.13,--,2,2226,卖盘
674,14:10:36,11.13,--,10,11130,卖盘
675,14:10:33,11.13,-0.01,2,2226,卖盘
676,14:10:30,11.14,0.01,9,10026,买盘
677,14:10:15,11.13,--,4,4452,卖盘
678,14:10:12,11.13,--,20,22260,卖盘
679,14:10:09,11.13,--,48,53424,卖盘
680,14:10:06,11.13,-0.01,40,44520,卖盘
681,14:10:03,11.14,--,202,225028,买盘
682,14:10:00,11.14,--,8,8912,买盘
683,14:09:57,11.14,--,28,31192,买盘
684,14:09:54,11.14,0.02,97,108058,买盘
685,14:09:48,11.12,--,2,2224,卖盘
686,14:09:45,11.12,-0.02,8,8896,卖盘
687,14:09:42,11.14,--,42,46788,买盘
688,14:09:39,11.14,0.02,118,131452,买盘
689,14:09:33,11.12,--,1,1112,卖盘
690,14:09:30,11.12,--,5,5560,卖盘
691,14:09:27,11.12,-0.01,24,26687,卖盘
692,14:09:24,11.13,--,122,135786,买盘
693,14:09:21,11.13,--,21,23373,买盘
694,14:09:18,11.13,0.01,5,5565,买盘
695,14:09:06,11.12,-0.01,2,2224,卖盘
696,14:09:03,11.13,0.01,10,11130,买盘
697,14:08:57,11.12,-0.01,2,2224,卖盘
698,14:08:54,11.13,--,8,8904,买盘
699,14:08:51,11.13,0.01,4,4452,买盘
700,14:08:48,11.12,--,3,3335,卖盘
701,14:08:45,11.12,-0.01,11,12232,卖盘
702,14:08:42,11.13,0.01,10,11130,买盘
703,14:08:39,11.12,--,3,3335,卖盘
704,14:08:36,11.12,--,1,1112,卖盘
705,14:08:33,11.12,-0.01,5,5560,卖盘
706,14:08:30,11.13,--,21,23373,买盘
707,14:08:27,11.13,--,46,51198,买盘
708,14:08:24,11.13,--,185,205905,卖盘
709,14:08:21,11.13,--,46,51198,卖盘
710,14:08:18,11.13,--,32,35616,卖盘
711,14:08:15,11.13,--,2,2226,卖盘
712,14:08:12,11.13,--,10,11130,卖盘
713,14:08:09,11.13,--,50,55650,卖盘
714,14:08:06,11.13,--,200,222600,卖盘
715,14:08:00,11.13,--,1,1113,卖盘
716,14:07:57,11.13,--,6,6678,卖盘
717,14:07:54,11.13,--,20,22260,卖盘
718,14:07:51,11.13,--,9,10017,卖盘
719,14:07:48,11.13,--,1,1113,卖盘
720,14:07:45,11.13,--,2,2226,卖盘
721,14:07:42,11.13,--,10,11130,卖盘
722,14:07:39,11.13,-0.01,31,34503,卖盘
723,14:07:36,11.14,--,155,173338,卖盘
724,14:07:33,11.14,--,14,15596,卖盘
725,14:07:30,11.14,-0.01,11,12254,卖盘
726,14:07:27,11.15,0.01,23,25645,买盘
727,14:07:24,11.14,--,107,119198,卖盘
728,14:07:21,11.14,--,35,38990,卖盘
729,14:07:18,11.14,--,176,196509,卖盘
730,14:07:12,11.14,--,1,1114,卖盘
731,14:07:09,11.14,--,1,1114,卖盘
732,14:07:06,11.14,-0.01,7,7798,卖盘
733,14:07:03,11.15,--,34,37910,买盘
734,14:07:00,11.15,--,12,13380,买盘
735,14:06:57,11.15,0.01,3,3345,买盘
736,14:06:54,11.14,--,12,13368,卖盘
737,14:06:51,11.14,-0.01,7,7798,卖盘
738,14:06:48,11.15,0.01,35,39025,买盘
739,14:06:45,11.14,--,10,11140,卖盘
740,14:06:39,11.14,-0.01,3,3342,卖盘
741,14:06:36,11.15,0.01,15,16725,买盘
742,14:06:33,11.14,--,28,31192,卖盘
743,14:06:30,11.14,--,14,15596,卖盘
744,14:06:27,11.14,--,54,60156,卖盘
745,14:06:24,11.14,--,13,14482,卖盘
746,14:06:21,11.14,--,5,5570,卖盘
747,14:06:18,11.14,-0.01,4,4456,卖盘
748,14:06:15,11.15,0.01,20,22300,买盘
749,14:06:06,11.14,--,1,1114,卖盘
750,14:06:03,11.14,--,6,6684,卖盘
751,14:06:00,11.14,--,31,34534,卖盘
752,14:05:57,11.14,-0.01,10,11140,卖盘
753,14:05:54,11.15,0.01,8,8920,买盘
754,14:05:51,11.14,--,5,5570,卖盘
755,14:05:48,11.14,--,11,12254,卖盘
756,14:05:45,11.14,--,55,61270,卖盘
757,14:05:39,11.14,--,1,1114,卖盘
758,14:05:36,11.14,-0.01,3,3342,卖盘
759,14:05:33,11.15,--,15,16725,买盘
760,14:05:30,11.15,--,29,32335,买盘
761,14:05:27,11.15,0.01,79,88085,买盘
762,14:05:24,11.14,--,2,2228,卖盘
763,14:05:15,11.14,--,2,2228,卖盘
764,14:05:12,11.14,--,8,8912,卖盘
765,14:05:09,11.14,-0.01,38,42332,卖盘
766,14:05:06,11.15,0.01,12,13380,买盘
767,14:05:03,11.14,--,9,10026,卖盘
768,14:04:57,11.14,--,1,1114,卖盘
769,14:04:54,11.14,--,4,4456,卖盘
770,14:04:51,11.14,-0.01,22,24508,卖盘
771,14:04:48,11.15,0.01,101,112615,买盘
772,14:04:45,11.14,--,5,5570,卖盘
773,14:04:42,11.14,--,23,25622,卖盘
774,14:04:39,11.14,-0.01,13,14482,卖盘
775,14:04:36,11.15,0.01,17,18955,买盘
776,14:04:33,11.14,-0.01,39,43446,卖盘
777,14:04:30,11.15,0.01,20,22300,买盘
778,14:04:27,11.14,--,3,3342,卖盘
779,14:04:24,11.14,--,12,13368,卖盘
780,14:04:21,11.14,--,2,2228,卖盘
781,14:04:15,11.14,--,1,1114,卖盘
782,14:04:12,11.14,--,2,2228,卖盘
783,14:04:09,11.14,--,12,13368,卖盘
784,14:04:06,11.14,--,12,13368,卖盘
785,14:03:57,11.14,-0.01,3,3342,卖盘
786,14:03:54,11.15,--,15,16725,买盘
787,14:03:51,11.15,--,13,14495,买盘
788,14:03:48,11.15,0.01,31,34565,买盘
789,14:03:45,11.14,-0.01,1,1114,卖盘
790,14:03:42,11.15,--,3,3345,中性盘
791,14:03:39,11.15,--,5,5575,卖盘
792,14:03:36,11.15,-0.01,11,12265,卖盘
793,14:03:33,11.16,0.01,17,18972,买盘
794,14:03:30,11.15,0.01,40,44600,卖盘
795,14:03:27,11.14,--,6,6684,卖盘
796,14:03:24,11.14,--,32,35648,卖盘
797,14:03:21,11.14,--,3,3342,卖盘
798,14:03:18,11.14,-0.01,5,5570,卖盘
799,14:03:15,11.15,--,11,12265,买盘
800,14:03:12,11.15,0.01,7,7805,卖盘
801,14:03:09,11.14,--,14,15596,卖盘
802,14:03:06,11.14,--,36,40104,卖盘
803,14:03:03,11.14,--,3,3342,卖盘
804,14:03:00,11.14,--,14,15596,卖盘
805,14:02:57,11.14,--,30,33420,卖盘
806,14:02:45,11.14,--,2,2228,卖盘
807,14:02:42,11.14,--,8,8912,卖盘
808,14:02:39,11.14,--,10,11140,卖盘
809,14:02:33,11.14,--,2,2228,卖盘
810,14:02:30,11.14,-0.01,11,12254,卖盘
811,14:02:27,11.15,--,5,5575,卖盘
812,14:02:24,11.15,--,25,27875,卖盘
813,14:02:21,11.15,-0.01,30,33450,卖盘
814,14:02:18,11.16,0.01,22,24552,买盘
815,14:02:15,11.15,--,4,4460,卖盘
816,14:02:12,11.15,--,4,4460,卖盘
817,14:02:09,11.15,--,1,1115,卖盘
818,14:02:06,11.15,--,3,3345,卖盘
819,14:02:03,11.15,--,14,15610,卖盘
820,14:02:00,11.15,--,4,4460,卖盘
821,14:01:57,11.15,--,20,22300,卖盘
822,14:01:54,11.15,-0.01,5,5575,卖盘
823,14:01:51,11.16,0.01,10,11160,买盘
824,14:01:42,11.15,--,2,2230,卖盘
825,14:01:39,11.15,-0.01,10,11150,卖盘
826,14:01:36,11.16,0.01,50,55800,买盘
827,14:01:33,11.15,-0.01,4,4460,卖盘
828,14:01:30,11.16,0.01,9,10044,买盘
829,14:01:27,11.15,--,2,2230,卖盘
830,14:01:24,11.15,-0.01,9,10035,卖盘
831,14:01:12,11.16,0.01,2,2232,买盘
832,14:01:09,11.15,--,5,5575,卖盘
833,14:01:06,11.15,--,8,8920,买盘
834,14:01:03,11.15,0.01,17,18955,卖盘
835,14:01:00,11.14,-0.01,92,102488,卖盘
836,14:00:57,11.15,-0.01,104,115960,卖盘
837,14:00:54,11.16,--,2,2232,买盘
838,14:00:51,11.16,0.01,2,2232,买盘
839,14:00:48,11.15,--,5,5575,卖盘
840,14:00:45,11.15,-0.01,25,27875,卖盘
841,14:00:42,11.16,--,105,117180,买盘
842,14:00:39,11.16,0.01,202,225432,买盘
843,14:00:36,11.15,--,13,14495,卖盘
844,14:00:33,11.15,--,25,27875,卖盘
845,14:00:30,11.15,-0.01,27,30105,卖盘
846,14:00:27,11.16,0.01,20,22320,买盘
847,14:00:24,11.15,-0.01,13,14495,卖盘
848,14:00:21,11.16,0.01,65,72540,买盘
849,14:00:18,11.15,-0.01,18,20070,卖盘
850,14:00:15,11.16,0.01,1,1116,买盘
851,14:00:12,11.15,--,1,1115,卖盘
852,14:00:09,11.15,--,5,5575,卖盘
853,14:00:06,11.15,-0.01,23,25645,卖盘
854,14:00:03,11.16,0.01,50,55800,买盘
855,13:59:39,11.15,--,2,2230,卖盘
856,13:59:36,11.15,--,11,12265,卖盘
857,13:59:33,11.15,-0.01,6,6690,卖盘
858,13:59:30,11.16,0.01,14,15624,买盘
859,13:59:27,11.15,-0.01,1,1115,卖盘
860,13:59:24,11.16,0.01,9,10044,买盘
861,13:59:06,11.15,--,50,55750,卖盘
862,13:59:03,11.15,-0.01,3,3345,卖盘
863,13:59:00,11.16,0.01,91,101556,买盘
864,13:58:42,11.15,--,2,2230,卖盘
865,13:58:39,11.15,--,9,10035,卖盘
866,13:58:30,11.15,-0.01,2,2230,卖盘
867,13:58:27,11.16,--,7,7812,买盘
868,13:58:24,11.16,0.01,9,10044,买盘
869,13:58:21,11.15,--,2,2230,卖盘
870,13:58:18,11.15,-0.01,12,13380,卖盘
871,13:58:15,11.16,0.02,32,35712,买盘
872,13:58:09,11.14,--,3,3342,卖盘
873,13:58:06,11.14,-0.02,13,14482,卖盘
874,13:58:03,11.16,0.02,56,62496,买盘
875,13:58:00,11.14,--,42,46788,卖盘
876,13:57:57,11.14,-0.01,65,72410,卖盘
877,13:57:54,11.15,-0.01,21,23415,卖盘
878,13:57:51,11.16,0.01,29,32364,买盘
879,13:57:48,11.15,-0.01,18,20070,卖盘
880,13:57:45,11.16,0.01,12,13392,买盘
881,13:57:42,11.15,-0.01,6,6690,卖盘
882,13:57:39,11.16,0.01,32,35712,中性盘
883,13:57:33,11.15,--,1,1115,卖盘
884,13:57:30,11.15,--,1,1115,卖盘
885,13:57:27,11.15,--,5,5575,卖盘
886,13:57:24,11.15,-0.02,28,31220,卖盘
887,13:57:21,11.17,0.02,137,153029,买盘
888,13:57:18,11.15,--,15,16725,卖盘
889,13:57:09,11.15,--,2,2230,卖盘
890,13:57:06,11.15,-0.02,8,8920,卖盘
891,13:57:03,11.17,0.01,40,44680,买盘
892,13:57:00,11.16,--,6,6696,卖盘
893,13:56:57,11.16,--,31,34596,买盘
894,13:56:54,11.16,0.01,101,112716,买盘
895,13:56:51,11.15,--,5,5575,卖盘
896,13:56:48,11.15,--,9,10035,卖盘
897,13:56:42,11.15,-0.01,1,1115,卖盘
898,13:56:39,11.16,0.01,4,4464,买盘
899,13:56:36,11.15,--,1,1115,卖盘
900,13:56:33,11.15,-0.01,5,5575,卖盘
901,13:56:30,11.16,--,22,24552,卖盘
902,13:56:27,11.16,--,148,165168,卖盘
903,13:56:24,11.16,--,59,65844,买盘
904,13:56:21,11.16,--,73,81468,买盘
905,13:56:18,11.16,0.01,8,8928,买盘
906,13:56:15,11.15,--,1,1115,卖盘
907,13:56:12,11.15,-0.01,3,3345,卖盘
908,13:56:09,11.16,0.01,17,18972,买盘
909,13:56:06,11.15,-0.01,38,42370,卖盘
910,13:56:03,11.16,--,190,212040,买盘
911,13:56:00,11.16,--,79,88164,买盘
912,13:55:57,11.16,0.01,75,83700,买盘
913,13:55:54,11.15,--,15,16725,卖盘
914,13:55:51,11.15,0.01,33,36795,买盘
915,13:55:48,11.14,-0.01,4,4456,卖盘
916,13:55:45,11.15,-0.01,2,2230,卖盘
917,13:55:39,11.16,0.02,3,3348,买盘
918,13:55:36,11.14,-0.01,10,11140,卖盘
919,13:55:33,11.15,--,39,43485,买盘
920,13:55:24,11.15,0.01,1,1115,买盘
921,13:55:21,11.14,--,1,1114,卖盘
922,13:55:18,11.14,--,1,1114,卖盘
923,13:55:15,11.14,-0.01,5,5570,卖盘
924,13:55:12,11.15,--,25,27875,买盘
925,13:55:09,11.15,0.01,10,11150,买盘
926,13:55:03,11.14,--,2,2228,卖盘
927,13:55:00,11.14,--,9,10026,卖盘
928,13:54:57,11.14,--,3,3342,卖盘
929,13:54:54,11.14,--,13,14482,卖盘
930,13:54:51,11.14,--,1,1114,卖盘
931,13:54:48,11.14,--,3,3342,卖盘
932,13:54:45,11.14,--,1,1114,卖盘
933,13:54:42,11.14,-0.02,6,6684,卖盘
934,13:54:39,11.16,0.01,27,30132,买盘
935,13:54:36,11.15,0.01,3,3345,买盘
936,13:54:33,11.14,--,1,1114,卖盘
937,13:54:30,11.14,--,1,1114,卖盘
938,13:54:27,11.14,-0.02,7,7798,卖盘
939,13:54:24,11.16,0.01,34,37944,买盘
940,13:54:21,11.15,--,9,10035,买盘
941,13:54:15,11.15,0.01,4,4460,买盘
942,13:54:12,11.14,--,1,1114,卖盘
943,13:54:09,11.14,--,7,7798,卖盘
944,13:54:06,11.14,--,33,36762,卖盘
945,13:54:03,11.14,-0.01,19,21166,卖盘
946,13:54:00,11.15,0.01,24,26760,卖盘
947,13:53:57,11.14,-0.01,208,231712,卖盘
948,13:53:54,11.15,--,290,323350,卖盘
949,13:53:51,11.15,--,64,71360,卖盘
950,13:53:48,11.15,-0.01,101,112615,卖盘
951,13:53:45,11.16,0.01,3,3348,买盘
952,13:53:42,11.15,--,2,2230,卖盘
953,13:53:39,11.15,--,9,10035,卖盘
954,13:53:36,11.15,--,1,1115,卖盘
955,13:53:33,11.15,--,6,6690,卖盘
956,13:53:30,11.15,--,6,6690,卖盘
957,13:53:27,11.15,0.01,28,31220,买盘
958,13:53:24,11.14,-0.01,3,3342,卖盘
959,13:53:21,11.15,0.01,9,10035,买盘
960,13:53:18,11.14,--,1,1114,卖盘
961,13:53:15,11.14,--,2,2228,卖盘
962,13:53:12,11.14,-0.01,11,12254,卖盘
963,13:53:09,11.15,0.01,56,62440,买盘
964,13:53:06,11.14,-0.01,34,37876,卖盘
965,13:53:03,11.15,0.01,97,108155,买盘
966,13:53:00,11.14,-0.01,2,2228,卖盘
967,13:52:57,11.15,--,10,11150,买盘
968,13:52:54,11.15,0.01,1,1115,买盘
969,13:52:48,11.14,--,1,1114,卖盘
970,13:52:45,11.14,--,5,5570,卖盘
971,13:52:42,11.14,--,23,25622,卖盘
972,13:52:39,11.14,-0.01,4,4456,卖盘
973,13:52:36,11.15,--,24,26760,买盘
974,13:52:33,11.15,0.01,63,70245,买盘
975,13:52:30,11.14,--,1,1114,卖盘
976,13:52:27,11.14,--,3,3342,卖盘
977,13:52:24,11.14,-0.01,14,15596,卖盘
978,13:52:21,11.15,0.01,73,81395,买盘
979,13:52:18,11.14,0.01,116,129224,买盘
980,13:52:15,11.13,--,13,14469,卖盘
981,13:52:12,11.13,--,1,1113,卖盘
982,13:52:09,11.13,--,3,3339,卖盘
983,13:52:06,11.13,--,18,20034,卖盘
984,13:52:03,11.13,-0.01,75,83475,卖盘
985,13:52:00,11.14,--,5,5570,卖盘
986,13:51:57,11.14,--,24,26736,卖盘
987,13:51:54,11.14,-0.01,44,49016,卖盘
988,13:51:51,11.15,0.01,80,89200,买盘
989,13:51:36,11.14,--,2,2228,卖盘
990,13:51:33,11.14,0.01,8,8912,买盘
991,13:51:30,11.13,--,8,8904,卖盘
992,13:51:27,11.13,-0.01,40,44520,卖盘
993,13:51:24,11.14,--,8,8912,卖盘
994,13:51:21,11.14,0.01,40,44560,买盘
995,13:51:15,11.13,--,1,1113,卖盘
996,13:51:12,11.13,--,2,2226,卖盘
997,13:51:09,11.13,--,12,13356,卖盘
998,13:51:06,11.13,--,61,67893,卖盘
999,13:51:03,11.13,--,1,1113,卖盘
1000,13:51:00,11.13,--,5,5565,卖盘
1001,13:50:54,11.13,-0.01,4,4452,卖盘
1002,13:50:51,11.14,0.01,18,20052,买盘
1003,13:50:45,11.13,--,1,1113,卖盘
1004,13:50:42,11.13,-0.01,2,2226,卖盘
1005,13:50:39,11.14,0.01,12,13368,买盘
1006,13:50:36,11.13,--,9,10017,卖盘
1007,13:50:33,11.13,0.01,45,50085,买盘
1008,13:50:30,11.12,-0.01,11,12232,卖盘
1009,13:50:27,11.13,--,56,62328,卖盘
1010,13:50:24,11.13,-0.02,479,533127,卖盘
1011,13:50:21,11.15,--,9,10035,买盘
1012,13:50:18,11.15,0.01,1,1115,买盘
1013,13:50:09,11.14,--,1,1114,卖盘
1014,13:50:06,11.14,-0.01,2,2228,卖盘
1015,13:50:03,11.15,0.01,10,11150,买盘
1016,13:49:57,11.14,--,1,1114,卖盘
1017,13:49:54,11.14,-0.01,4,4456,卖盘
1018,13:49:51,11.15,0.01,22,24530,买盘
1019,13:49:45,11.14,--,1,1114,卖盘
1020,13:49:42,11.14,--,3,3342,卖盘
1021,13:49:39,11.14,-0.01,17,18938,卖盘
1022,13:49:36,11.15,--,74,82510,买盘
1023,13:49:33,11.15,--,321,357915,卖盘
1024,13:49:30,11.15,--,19,21185,卖盘
1025,13:49:24,11.15,--,2,2230,卖盘
1026,13:49:21,11.15,--,7,7805,卖盘
1027,13:49:18,11.15,--,16,17840,卖盘
1028,13:49:15,11.15,-0.01,81,90315,卖盘
1029,13:49:12,11.16,0.01,7,7812,买盘
1030,13:49:09,11.15,--,14,15610,卖盘
1031,13:49:06,11.15,--,44,49060,卖盘
1032,13:49:03,11.15,--,220,245300,卖盘
1033,13:48:54,11.15,--,1,1115,卖盘
1034,13:48:51,11.15,--,4,4460,卖盘
1035,13:48:48,11.15,--,18,20070,卖盘
1036,13:48:45,11.15,--,70,78050,卖盘
1037,13:48:39,11.15,--,2,2230,卖盘
1038,13:48:36,11.15,--,8,8920,卖盘
1039,13:48:33,11.15,--,41,45715,卖盘
1040,13:48:30,11.15,--,1,1115,卖盘
1041,13:48:27,11.15,--,3,3345,卖盘
1042,13:48:24,11.15,--,14,15610,卖盘
1043,13:48:21,11.15,--,23,25645,卖盘
1044,13:48:18,11.15,--,14,15610,卖盘
1045,13:48:15,11.15,--,10,11150,卖盘
1046,13:48:12,11.15,--,43,47945,卖盘
1047,13:48:09,11.15,-0.01,218,243070,卖盘
1048,13:48:06,11.16,--,50,55800,买盘
1049,13:48:03,11.16,--,26,29016,买盘
1050,13:48:00,11.16,0.01,5,5580,买盘
1051,13:47:57,11.15,--,14,15610,卖盘
1052,13:47:54,11.15,-0.01,48,53520,卖盘
1053,13:47:51,11.16,--,242,270072,卖盘
1054,13:47:48,11.16,--,7,7812,卖盘
1055,13:47:45,11.16,--,20,22320,卖盘
1056,13:47:42,11.16,-0.01,103,114948,卖盘
1057,13:47:39,11.17,0.01,115,128455,买盘
1058,13:47:27,11.16,--,1,1116,卖盘
1059,13:47:24,11.16,-0.01,1,1116,卖盘
1060,13:47:21,11.17,--,7,7819,买盘
1061,13:47:18,11.17,0.01,9,10053,买盘
1062,13:47:15,11.16,--,1,1116,卖盘
1063,13:47:12,11.16,--,6,6696,卖盘
1064,13:47:09,11.16,--,13,14508,卖盘
1065,13:47:06,11.16,-0.01,64,71424,卖盘
1066,13:47:03,11.17,--,150,167550,卖盘
1067,13:47:00,11.17,--,75,83775,买盘
1068,13:46:57,11.17,--,15,16755,买盘
1069,13:46:54,11.17,0.01,30,33510,买盘
1070,13:46:48,11.16,-0.01,2,2232,卖盘
1071,13:46:45,11.17,--,11,12287,买盘
1072,13:46:42,11.17,--,6,6702,买盘
1073,13:46:39,11.17,--,3,3351,卖盘
1074,13:46:36,11.17,--,56,62552,卖盘
1075,13:46:33,11.17,--,30,33510,卖盘
1076,13:46:30,11.17,0.01,147,164199,买盘
1077,13:46:27,11.16,-0.01,2,2232,卖盘
1078,13:46:24,11.17,--,12,13404,买盘
1079,13:46:21,11.17,0.01,9,10053,买盘
1080,13:46:18,11.16,--,1,1116,卖盘
1081,13:46:15,11.16,--,1,1116,卖盘
1082,13:46:12,11.16,-0.01,6,6696,卖盘
1083,13:46:09,11.17,--,15,16755,买盘
1084,13:46:06,11.17,0.01,21,23457,买盘
1085,13:46:03,11.16,--,56,62496,卖盘
1086,13:46:00,11.16,--,1,1116,卖盘
1087,13:45:57,11.16,--,1,1116,卖盘
1088,13:45:51,11.16,-0.01,3,3348,卖盘
1089,13:45:48,11.17,--,16,17872,卖盘
1090,13:45:45,11.17,--,17,18989,卖盘
1091,13:45:42,11.17,0.01,10,11170,中性盘
1092,13:45:39,11.16,-0.02,25,27900,卖盘
1093,13:45:36,11.18,0.01,125,139750,买盘
1094,13:45:33,11.17,0.01,3,3351,买盘
1095,13:45:30,11.16,--,9,10044,卖盘
1096,13:45:27,11.16,-0.01,8,8928,卖盘
1097,13:45:24,11.17,--,41,45797,买盘
1098,13:45:21,11.17,--,82,91594,卖盘
1099,13:45:18,11.17,-0.01,95,106115,卖盘
1100,13:45:15,11.18,0.01,42,46956,买盘
1101,13:45:12,11.17,--,15,16755,卖盘
1102,13:45:09,11.17,--,5,5585,卖盘
1103,13:45:06,11.17,--,2,2234,卖盘
1104,13:45:03,11.17,-0.01,8,8936,卖盘
1105,13:45:00,11.18,--,26,29068,买盘
1106,13:44:57,11.18,--,3,3354,买盘
1107,13:44:54,11.18,0.01,12,13416,买盘
1108,13:44:51,11.17,-0.01,8,8936,卖盘
1109,13:44:48,11.18,--,42,46956,买盘
1110,13:44:45,11.18,--,47,52546,买盘
1111,13:44:42,11.18,--,69,77142,买盘
1112,13:44:39,11.18,0.01,92,102856,买盘
1113,13:44:36,11.17,-0.01,5,5585,卖盘
1114,13:44:33,11.18,--,26,29068,买盘
1115,13:44:30,11.18,--,37,41366,买盘
1116,13:44:27,11.18,--,33,36894,买盘
1117,13:44:24,11.18,--,110,122980,买盘
1118,13:44:21,11.18,--,37,41366,买盘
1119,13:44:18,11.18,0.01,129,144222,买盘
1120,13:44:15,11.17,-0.01,11,12287,卖盘
1121,13:44:12,11.18,--,52,58136,买盘
1122,13:44:09,11.18,--,16,17888,买盘
1123,13:44:06,11.18,--,70,78260,卖盘
1124,13:44:03,11.18,0.01,962,1075516,买盘
1125,13:44:00,11.17,--,3,3351,卖盘
1126,13:43:57,11.17,-0.01,1,1117,卖盘
1127,13:43:54,11.18,--,6,6708,买盘
1128,13:43:51,11.18,0.01,11,12298,买盘
1129,13:43:48,11.17,--,1,1117,卖盘
1130,13:43:45,11.17,-0.01,5,5585,卖盘
1131,13:43:42,11.18,0.01,27,30186,买盘
1132,13:43:39,11.17,-0.01,22,24574,卖盘
1133,13:43:36,11.18,--,106,118508,买盘
1134,13:43:33,11.18,0.01,8,8944,买盘
1135,13:43:30,11.17,-0.01,26,29042,卖盘
1136,13:43:27,11.18,0.01,28,31304,买盘
1137,13:43:24,11.17,--,16,17872,卖盘
1138,13:43:21,11.17,--,81,90477,卖盘
1139,13:43:18,11.17,--,51,56967,卖盘
1140,13:43:15,11.17,--,12,13404,卖盘
1141,13:43:12,11.17,--,9,10053,卖盘
1142,13:43:09,11.17,--,45,50265,卖盘
1143,13:43:06,11.17,0.01,227,253559,买盘
1144,13:43:03,11.16,--,14,15624,卖盘
1145,13:43:00,11.16,--,72,80352,卖盘
1146,13:42:57,11.16,--,359,400644,卖盘
1147,13:42:54,11.16,0.01,7,7812,卖盘
1148,13:42:51,11.15,-0.02,35,39025,卖盘
1149,13:42:48,11.17,0.01,177,197709,买盘
1150,13:42:45,11.16,--,310,345960,卖盘
1151,13:42:42,11.16,0.01,120,133920,买盘
1152,13:42:39,11.15,--,2,2230,卖盘
1153,13:42:36,11.15,-0.01,6,6690,卖盘
1154,13:42:33,11.16,0.01,33,36828,买盘
1155,13:42:30,11.15,--,36,40140,卖盘
1156,13:42:27,11.15,-0.02,179,199585,卖盘
1157,13:42:24,11.17,0.01,32,35744,买盘
1158,13:42:21,11.16,--,26,29016,卖盘
1159,13:42:18,11.16,--,82,91512,卖盘
1160,13:42:15,11.16,--,111,123876,卖盘
1161,13:42:12,11.16,--,511,570276,买盘
1162,13:42:09,11.16,0.01,1,1116,买盘
1163,13:42:03,11.15,--,1,1115,卖盘
1164,13:42:00,11.15,--,3,3345,卖盘
1165,13:41:57,11.15,--,19,21185,卖盘
1166,13:41:54,11.15,--,1,1115,卖盘
1167,13:41:51,11.15,--,9,10035,卖盘
1168,13:41:48,11.15,--,1,1115,卖盘
1169,13:41:45,11.15,-0.01,8,8920,卖盘
1170,13:41:42,11.16,-0.01,37,41292,中性盘
1171,13:41:39,11.17,0.02,184,205528,买盘
1172,13:41:36,11.15,-0.01,53,59095,卖盘
1173,13:41:33,11.16,--,220,245520,卖盘
1174,13:41:30,11.16,--,101,112716,卖盘
1175,13:41:27,11.16,--,2,2232,卖盘
1176,13:41:24,11.16,-0.01,11,12276,卖盘
1177,13:41:21,11.17,0.01,55,61435,买盘
1178,13:41:18,11.16,--,4,4464,卖盘
1179,13:41:15,11.16,-0.02,21,23436,卖盘
1180,13:41:12,11.18,0.01,57,63726,买盘
1181,13:41:09,11.17,-0.01,36,40212,买盘
1182,13:41:06,11.18,0.01,165,184470,买盘
1183,13:41:03,11.17,--,104,116168,卖盘
1184,13:41:00,11.17,--,146,163082,卖盘
1185,13:40:57,11.17,-0.01,27,30159,卖盘
1186,13:40:54,11.18,--,63,70434,买盘
1187,13:40:51,11.18,--,137,153166,买盘
1188,13:40:48,11.18,--,87,97266,买盘
1189,13:40:45,11.18,0.01,64,71552,买盘
1190,13:40:42,11.17,--,26,29042,卖盘
1191,13:40:39,11.17,--,64,71488,买盘
1192,13:40:36,11.17,--,19,21223,买盘
1193,13:40:33,11.17,--,29,32393,卖盘
1194,13:40:30,11.17,--,160,178720,卖盘
1195,13:40:27,11.17,0.01,350,390950,买盘
1196,13:40:24,11.16,--,5,5580,卖盘
1197,13:40:21,11.16,--,7,7812,卖盘
1198,13:40:18,11.16,--,36,40176,卖盘
1199,13:40:15,11.16,--,125,139500,卖盘
1200,13:40:12,11.16,--,576,642816,买盘
1201,13:40:09,11.16,0.01,11,12276,买盘
1202,13:40:06,11.15,--,13,14495,卖盘
1203,13:40:03,11.15,--,48,53520,卖盘
1204,13:40:00,11.15,0.01,241,269428,买盘
1205,13:39:57,11.14,-0.01,10,11140,卖盘
1206,13:39:54,11.15,0.01,51,56865,买盘
1207,13:39:51,11.14,--,3,3342,卖盘
1208,13:39:48,11.14,--,13,14482,卖盘
1209,13:39:45,11.14,0.01,69,76866,买盘
1210,13:39:42,11.13,--,4,4452,卖盘
1211,13:39:39,11.13,--,19,21147,卖盘
1212,13:39:36,11.13,-0.02,97,107961,卖盘
1213,13:39:33,11.15,0.01,483,538946,买盘
1214,13:39:30,11.14,--,54,60156,卖盘
1215,13:39:27,11.14,--,272,303008,卖盘
1216,13:39:24,11.14,--,308,343112,卖盘
1217,13:39:21,11.14,-0.01,41,46609,卖盘
1218,13:39:18,11.15,0.01,139,154985,买盘
1219,13:39:15,11.14,0.01,141,157965,买盘
1220,13:39:12,11.13,--,90,100170,卖盘
1221,13:39:09,11.13,--,1,1113,卖盘
1222,13:39:06,11.13,-0.01,9,10017,卖盘
1223,13:39:03,11.14,0.01,42,46788,买盘
1224,13:39:00,11.13,--,19,21147,卖盘
1225,13:38:57,11.13,-0.01,47,52311,卖盘
1226,13:38:54,11.14,--,5,5570,买盘
1227,13:38:51,11.14,0.01,6,6684,买盘
1228,13:38:48,11.13,-0.01,10,11130,卖盘
1229,13:38:45,11.14,0.01,23,25622,买盘
1230,13:38:42,11.13,--,1,1113,卖盘
1231,13:38:39,11.13,--,6,6678,卖盘
1232,13:38:36,11.13,-0.01,9,10017,卖盘
1233,13:38:33,11.14,--,47,52358,买盘
1234,13:38:30,11.14,0.01,207,230598,买盘
1235,13:38:27,11.13,--,6,6678,卖盘
1236,13:38:24,11.13,--,30,33390,卖盘
1237,13:38:21,11.13,-0.01,50,55650,卖盘
1238,13:38:18,11.14,0.01,2,2228,买盘
1239,13:38:15,11.13,--,3,3339,卖盘
1240,13:38:12,11.13,--,14,15582,卖盘
1241,13:38:09,11.13,--,22,24486,卖盘
1242,13:38:06,11.13,0.01,110,122875,买盘
1243,13:38:00,11.12,--,1,1112,卖盘
1244,13:37:57,11.12,--,5,5560,卖盘
1245,13:37:54,11.12,-0.01,21,23352,卖盘
1246,13:37:51,11.13,--,106,117978,买盘
1247,13:37:48,11.13,--,31,34503,买盘
1248,13:37:45,11.13,--,9,10017,买盘
1249,13:37:42,11.13,0.01,37,41181,买盘
1250,13:37:39,11.12,--,1,1112,卖盘
1251,13:37:36,11.12,--,3,3335,卖盘
1252,13:37:33,11.12,--,1,1112,卖盘
1253,13:37:30,11.12,--,2,2224,卖盘
1254,13:37:27,11.12,--,10,11120,卖盘
1255,13:37:21,11.12,--,1,1112,卖盘
1256,13:37:18,11.12,0.01,8,8896,卖盘
1257,13:37:15,11.11,-0.02,36,39996,卖盘
1258,13:37:12,11.13,0.01,180,200340,买盘
1259,13:37:09,11.12,--,2,2224,卖盘
1260,13:37:06,11.12,--,20,22240,买盘
1261,13:37:03,11.12,--,55,61159,买盘
1262,13:37:00,11.12,0.01,24,26687,买盘
1263,13:36:57,11.11,-0.01,22,24442,卖盘
1264,13:36:54,11.12,--,109,121207,买盘
1265,13:36:51,11.12,--,45,50040,买盘
1266,13:36:48,11.12,--,175,194600,卖盘
1267,13:36:45,11.12,--,12,13343,卖盘
1268,13:36:42,11.12,0.01,57,63383,买盘
1269,13:36:39,11.11,-0.01,1,1111,卖盘
1270,13:36:36,11.12,--,5,5560,买盘
1271,13:36:33,11.12,0.01,22,24464,买盘
1272,13:36:30,11.11,--,8,8888,卖盘
1273,13:36:27,11.11,--,24,26664,卖盘
1274,13:36:24,11.11,-0.01,123,136653,卖盘
1275,13:36:21,11.12,0.01,44,48928,买盘
1276,13:36:18,11.11,--,2,2222,卖盘
1277,13:36:15,11.11,--,14,15554,卖盘
1278,13:36:12,11.11,-0.01,68,75548,卖盘
1279,13:36:09,11.12,0.01,230,255759,买盘
1280,13:36:00,11.11,-0.01,1,1111,卖盘
1281,13:35:57,11.12,--,2,2224,买盘
1282,13:35:45,11.12,0.01,1,1112,买盘
1283,13:35:42,11.11,--,2,2222,卖盘
1284,13:35:39,11.11,--,10,11110,卖盘
1285,13:35:36,11.11,-0.01,48,53328,卖盘
1286,13:35:33,11.12,0.01,9,10008,买盘
1287,13:35:30,11.11,--,4,4444,卖盘
1288,13:35:27,11.11,--,18,19998,卖盘
1289,13:35:24,11.11,--,1,1111,卖盘
1290,13:35:21,11.11,-0.01,6,6666,卖盘
1291,13:35:18,11.12,0.01,26,28911,买盘
1292,13:35:15,11.11,-0.01,22,24442,卖盘
1293,13:35:12,11.12,0.01,112,124543,买盘
1294,13:35:09,11.11,--,2,2222,卖盘
1295,13:35:06,11.11,-0.01,6,6666,卖盘
1296,13:35:03,11.12,0.01,28,31135,买盘
1297,13:35:00,11.11,--,6,6666,卖盘
1298,13:34:57,11.11,-0.01,29,32219,卖盘
1299,13:34:54,11.12,0.01,148,164576,买盘
1300,13:34:48,11.11,--,1,1111,卖盘
1301,13:34:45,11.11,--,2,2222,卖盘
1302,13:34:42,11.11,--,11,12221,卖盘
1303,13:34:39,11.11,--,54,59994,卖盘
1304,13:34:36,11.11,0.01,272,302192,买盘
1305,13:34:33,11.1,--,51,56610,卖盘
1306,13:34:30,11.1,--,3,3330,卖盘
1307,13:34:27,11.1,-0.01,16,17760,卖盘
1308,13:34:24,11.11,--,31,34441,买盘
1309,13:34:21,11.11,0.01,134,148874,买盘
1310,13:34:12,11.1,-0.01,1,1110,卖盘
1311,13:34:09,11.11,0.01,1,1111,买盘
1312,13:34:06,11.1,-0.01,2,2220,卖盘
1313,13:34:03,11.11,0.01,11,12221,买盘
1314,13:34:00,11.1,--,5,5550,卖盘
1315,13:33:57,11.1,-0.01,22,24420,卖盘
1316,13:33:54,11.11,0.01,107,118877,买盘
1317,13:33:51,11.1,-0.01,33,36630,卖盘
1318,13:33:48,11.11,--,120,133320,买盘
1319,13:33:45,11.11,0.01,46,51106,买盘
1320,13:33:42,11.1,-0.01,8,8880,卖盘
1321,13:33:39,11.11,0.01,37,41107,买盘
1322,13:33:36,11.1,--,19,21090,卖盘
1323,13:33:30,11.1,--,1,1110,卖盘
1324,13:33:27,11.1,-0.01,5,5550,卖盘
1325,13:33:24,11.11,--,25,27775,买盘
1326,13:33:21,11.11,--,16,17776,买盘
1327,13:33:18,11.11,--,68,75548,买盘
1328,13:33:15,11.11,--,163,181093,卖盘
1329,13:33:12,11.11,--,11,12221,卖盘
1330,13:33:09,11.11,--,3,3333,卖盘
1331,13:33:06,11.11,-0.01,13,14443,卖盘
1332,13:33:03,11.12,0.01,15,16680,买盘
1333,13:33:00,11.11,--,17,18887,卖盘
1334,13:32:57,11.11,-0.01,21,23331,卖盘
1335,13:32:54,11.12,0.01,103,114535,买盘
1336,13:32:51,11.11,--,11,12221,卖盘
1337,13:32:48,11.11,-0.01,4,4444,卖盘
1338,13:32:45,11.12,0.01,20,22240,买盘
1339,13:32:42,11.11,--,75,83325,卖盘
1340,13:32:39,11.11,--,2,2222,卖盘
1341,13:32:36,11.11,--,10,11110,卖盘
1342,13:32:33,11.11,--,23,25553,卖盘
1343,13:32:24,11.11,--,3,3333,卖盘
1344,13:32:21,11.11,--,13,14443,卖盘
1345,13:32:18,11.11,-0.01,65,72215,卖盘
1346,13:32:15,11.12,--,131,145672,买盘
1347,13:32:12,11.12,--,91,101192,买盘
1348,13:32:09,11.12,--,14,15567,买盘
1349,13:32:06,11.12,--,10,11120,买盘
1350,13:32:03,11.12,0.01,5,5560,买盘
1351,13:32:00,11.11,-0.01,2,2222,卖盘
1352,13:31:57,11.12,--,10,11120,买盘
1353,13:31:54,11.12,0.01,35,38920,买盘
1354,13:31:51,11.11,-0.01,2,2222,卖盘
1355,13:31:48,11.12,0.01,10,11120,买盘
1356,13:31:45,11.11,--,1,1111,卖盘
1357,13:31:42,11.11,-0.01,3,3333,卖盘
1358,13:31:39,11.12,0.01,17,18904,买盘
1359,13:31:36,11.11,-0.01,18,19998,卖盘
1360,13:31:33,11.12,0.01,90,100080,买盘
1361,13:31:30,11.11,--,93,103323,卖盘
1362,13:31:27,11.11,--,55,61105,卖盘
1363,13:31:24,11.11,--,4,4444,卖盘
1364,13:31:21,11.11,-0.01,20,22220,卖盘
1365,13:31:18,11.12,0.01,89,98968,买盘
1366,13:31:12,11.11,--,1,1111,卖盘
1367,13:31:09,11.11,-0.01,6,6666,卖盘
1368,13:31:06,11.12,--,15,16680,买盘
1369,13:31:03,11.12,0.01,11,12232,买盘
1370,13:31:00,11.11,-0.01,50,55550,卖盘
1371,13:30:57,11.12,0.01,3,3335,买盘
1372,13:30:54,11.11,-0.01,10,11110,卖盘
1373,13:30:51,11.12,--,48,53375,买盘
1374,13:30:48,11.12,0.01,89,98968,买盘
1375,13:30:45,11.11,--,109,121099,卖盘
1376,13:30:42,11.11,-0.01,14,15554,卖盘
1377,13:30:39,11.12,0.01,15,16680,买盘
1378,13:30:36,11.11,--,22,24442,卖盘
1379,13:30:33,11.11,--,112,124432,卖盘
1380,13:30:30,11.11,-0.01,2,2222,卖盘
1381,13:30:27,11.12,0.01,9,10008,买盘
1382,13:30:24,11.11,-0.01,23,25553,卖盘
1383,13:30:21,11.12,0.01,114,126767,买盘
1384,13:30:12,11.11,--,1,1111,卖盘
1385,13:30:09,11.11,-0.01,4,4444,卖盘
1386,13:30:06,11.12,--,5,5560,买盘
1387,13:29:54,11.12,0.01,3,3335,买盘
1388,13:29:51,11.11,--,10,11110,卖盘
1389,13:29:45,11.11,--,1,1111,卖盘
1390,13:29:42,11.11,--,4,4444,卖盘
1391,13:29:39,11.11,--,18,19998,卖盘
1392,13:29:36,11.11,--,92,102212,买盘
1393,13:29:33,11.11,0.01,4,4444,买盘
1394,13:29:30,11.1,--,4,4440,卖盘
1395,13:29:27,11.1,-0.01,20,22200,卖盘
1396,13:29:24,11.11,--,90,99990,买盘
1397,13:29:21,11.11,--,35,38885,买盘
1398,13:29:18,11.11,0.01,4,4444,买盘
1399,13:29:15,11.1,-0.01,1,1110,卖盘
1400,13:29:12,11.11,0.01,4,4444,买盘
1401,13:29:09,11.1,-0.01,8,8880,卖盘
1402,13:29:06,11.11,--,39,43329,买盘
1403,13:29:03,11.11,--,20,22220,买盘
1404,13:29:00,11.11,--,57,63327,买盘
1405,13:28:57,11.11,0.01,218,242198,买盘
1406,13:28:54,11.1,--,1,1110,卖盘
1407,13:28:51,11.1,-0.01,2,2220,卖盘
1408,13:28:48,11.11,0.01,13,14443,买盘
1409,13:28:45,11.1,--,2,2220,卖盘
1410,13:28:42,11.1,--,11,12210,卖盘
1411,13:28:39,11.1,-0.01,50,55500,卖盘
1412,13:28:36,11.11,--,15,16665,买盘
1413,13:28:33,11.11,0.01,10,11110,买盘
1414,13:28:30,11.1,--,1,1110,卖盘
1415,13:28:27,11.1,-0.01,7,7770,卖盘
1416,13:28:24,11.11,0.01,8,8888,买盘
1417,13:28:21,11.1,-0.01,27,29970,卖盘
1418,13:28:18,11.11,--,135,149985,买盘
1419,13:28:15,11.11,0.01,15,16665,买盘
1420,13:28:12,11.1,--,6,6660,卖盘
1421,13:28:09,11.1,--,30,33300,卖盘
1422,13:28:06,11.1,-0.01,153,169830,卖盘
1423,13:28:03,11.11,--,263,292193,买盘
1424,13:28:00,11.11,0.01,67,74437,买盘
1425,13:27:57,11.1,-0.01,84,93240,卖盘
1426,13:27:54,11.11,--,407,452177,买盘
1427,13:27:51,11.11,0.01,31,34441,买盘
1428,13:27:48,11.1,-0.01,14,15540,卖盘
1429,13:27:45,11.11,--,70,77770,买盘
1430,13:27:42,11.11,0.01,7,7777,买盘
1431,13:27:39,11.1,--,1,1110,卖盘
1432,13:27:36,11.1,--,3,3330,卖盘
1433,13:27:33,11.1,--,16,17760,卖盘
1434,13:27:30,11.1,-0.01,4,4440,卖盘
1435,13:27:27,11.11,--,23,25553,买盘
1436,13:27:24,11.11,0.01,6,6666,买盘
1437,13:27:21,11.1,-0.01,20,22200,卖盘
1438,13:27:18,11.11,0.01,98,108878,买盘
1439,13:27:15,11.1,-0.01,1,1110,卖盘
1440,13:27:12,11.11,0.01,2,2222,买盘
1441,13:27:09,11.1,--,8,9102,卖盘
1442,13:27:06,11.1,--,4,4440,卖盘
1443,13:27:03,11.1,-0.01,18,19980,卖盘
1444,13:27:00,11.11,0.01,24,26664,买盘
1445,13:26:39,11.1,--,2,2220,卖盘
1446,13:26:36,11.1,-0.01,11,12210,卖盘
1447,13:26:33,11.11,--,5,5555,买盘
1448,13:26:30,11.11,0.01,19,21109,买盘
1449,13:26:27,11.1,-0.01,6,6660,卖盘
1450,13:26:24,11.11,0.01,30,33330,买盘
1451,13:26:21,11.1,--,5,5550,卖盘
1452,13:26:18,11.1,--,26,28860,卖盘
1453,13:26:15,11.1,-0.01,80,88800,卖盘
1454,13:26:12,11.11,0.01,7,7777,买盘
1455,13:26:09,11.1,--,1,1110,卖盘
1456,13:26:06,11.1,--,5,5550,卖盘
1457,13:26:03,11.1,--,25,27750,卖盘
1458,13:26:00,11.1,--,25,27750,卖盘
1459,13:25:51,11.1,--,2,2220,卖盘
1460,13:25:48,11.1,--,6,6660,卖盘
1461,13:25:45,11.1,--,15,16650,买盘
1462,13:25:42,11.1,--,23,25530,卖盘
1463,13:25:39,11.1,--,167,185370,卖盘
1464,13:25:36,11.1,-0.01,2,2220,卖盘
1465,13:25:33,11.11,--,9,9999,买盘
1466,13:25:30,11.11,--,41,45551,买盘
1467,13:25:27,11.11,--,186,206646,买盘
1468,13:25:24,11.11,0.01,5,5555,买盘
1469,13:25:21,11.1,--,1,1110,卖盘
1470,13:25:18,11.1,--,3,3330,卖盘
1471,13:25:15,11.1,--,15,16650,卖盘
1472,13:25:12,11.1,--,36,39960,卖盘
1473,13:25:09,11.1,0.01,155,172050,买盘
1474,13:25:06,11.09,-0.01,15,16635,卖盘
1475,13:25:03,11.1,0.01,73,81030,买盘
1476,13:25:00,11.09,-0.01,6,6654,卖盘
1477,13:24:57,11.1,--,32,35520,买盘
1478,13:24:54,11.1,--,11,12210,买盘
1479,13:24:51,11.1,0.01,11,12210,买盘
1480,13:24:48,11.09,--,5,5545,卖盘
1481,13:24:45,11.09,-0.01,24,26616,卖盘
1482,13:24:42,11.1,--,56,62160,买盘
1483,13:24:39,11.1,0.01,5,5550,买盘
1484,13:24:36,11.09,--,2,2218,卖盘
1485,13:24:33,11.09,--,7,7763,卖盘
1486,13:24:30,11.09,-0.02,37,41033,卖盘
1487,13:24:27,11.11,0.01,187,207757,买盘
1488,13:24:24,11.1,0.01,6,6660,买盘
1489,13:24:18,11.09,--,4,4436,卖盘
1490,13:24:15,11.09,--,16,17744,卖盘
1491,13:24:12,11.09,-0.01,80,88720,卖盘
1492,13:24:09,11.1,--,402,446220,买盘
1493,13:24:06,11.1,0.01,11,12210,买盘
1494,13:24:03,11.09,-0.01,1,1109,卖盘
1495,13:24:00,11.1,0.01,2,2220,买盘
1496,13:23:57,11.09,--,4,4436,卖盘
1497,13:23:54,11.09,--,20,22180,卖盘
1498,13:23:45,11.09,-0.01,3,3327,卖盘
1499,13:23:42,11.1,0.01,8,8880,买盘
1500,13:23:39,11.09,-0.01,15,16635,卖盘
1501,13:23:36,11.1,0.02,36,39960,买盘
1502,13:23:33,11.08,--,1,1108,卖盘
1503,13:23:30,11.08,-0.01,3,3324,卖盘
1504,13:23:27,11.09,--,16,17744,卖盘
1505,13:23:24,11.09,0.01,55,60995,买盘
1506,13:23:18,11.08,--,2,2216,卖盘
1507,13:23:15,11.08,-0.01,8,8864,卖盘
1508,13:23:12,11.09,--,23,25507,卖盘
1509,13:23:09,11.09,-0.01,7,7763,卖盘
1510,13:23:06,11.1,--,33,36630,买盘
1511,13:23:03,11.1,0.01,152,168720,买盘
1512,13:23:00,11.09,--,2,2218,卖盘
1513,13:22:57,11.09,-0.01,9,9981,卖盘
1514,13:22:54,11.1,0.01,43,47730,买盘
1515,13:22:51,11.09,--,12,13308,卖盘
1516,13:22:48,11.09,--,42,46578,买盘
1517,13:22:45,11.09,0.01,4,4436,买盘
1518,13:22:42,11.08,-0.01,1,1108,卖盘
1519,13:22:39,11.09,--,9,9981,买盘
1520,13:22:36,11.09,-0.01,30,33270,卖盘
1521,13:22:33,11.1,--,180,199800,买盘
1522,13:22:30,11.1,0.01,19,21090,买盘
1523,13:22:27,11.09,--,2,2218,卖盘
1524,13:22:24,11.09,--,10,11090,卖盘
1525,13:22:21,11.09,--,50,55450,卖盘
1526,13:22:15,11.09,--,3,3327,买盘
1527,13:22:12,11.09,0.01,5,5545,卖盘
1528,13:22:09,11.08,--,35,38780,卖盘
1529,13:22:06,11.08,-0.02,4,4432,卖盘
1530,13:22:03,11.1,0.02,19,21090,买盘
1531,13:22:00,11.08,--,1,1108,卖盘
1532,13:21:57,11.08,-0.01,3,3324,卖盘
1533,13:21:54,11.09,--,17,18853,买盘
1534,13:21:51,11.09,--,24,26616,买盘
1535,13:21:48,11.09,-0.01,26,28834,卖盘
1536,13:21:45,11.1,--,78,86580,买盘
1537,13:21:42,11.1,--,40,44400,买盘
1538,13:21:39,11.1,0.01,55,61050,买盘
1539,13:21:36,11.09,--,4,4436,卖盘
1540,13:21:33,11.09,--,20,22180,卖盘
1541,13:21:30,11.09,--,12,13308,卖盘
1542,13:21:27,11.09,--,11,12199,卖盘
1543,13:21:24,11.09,--,5,5545,卖盘
1544,13:21:21,11.09,--,27,29943,卖盘
1545,13:21:18,11.09,--,35,38815,卖盘
1546,13:21:15,11.09,0.01,96,106464,买盘
1547,13:21:09,11.08,-0.01,2,2216,卖盘
1548,13:21:06,11.09,0.01,11,12199,买盘
1549,13:21:03,11.08,--,1,1108,卖盘
1550,13:21:00,11.08,-0.01,2,2216,卖盘
1551,13:20:57,11.09,--,10,11090,买盘
1552,13:20:54,11.09,--,35,38815,买盘
1553,13:20:51,11.09,0.01,105,116445,买盘
1554,13:20:45,11.08,--,2,2216,卖盘
1555,13:20:42,11.08,-0.01,11,12188,卖盘
1556,13:20:39,11.09,--,55,60995,买盘
1557,13:20:36,11.09,--,24,26616,买盘
1558,13:20:33,11.09,0.01,7,7763,买盘
1559,13:20:30,11.08,--,2,2216,卖盘
1560,13:20:27,11.08,-0.01,9,9972,卖盘
1561,13:20:24,11.09,0.01,30,33270,买盘
1562,13:20:21,11.08,-0.01,1,1108,卖盘
1563,13:20:18,11.09,0.01,7,7763,买盘
1564,13:20:15,11.08,--,2,2216,卖盘
1565,13:20:12,11.08,--,10,11080,卖盘
1566,13:20:06,11.08,--,1,1108,卖盘
1567,13:20:03,11.08,--,1,1108,卖盘
1568,13:20:00,11.08,--,3,3324,卖盘
1569,13:19:57,11.08,--,18,19944,卖盘
1570,13:19:54,11.08,0.01,90,100706,买盘
1571,13:19:51,11.07,-0.01,19,21033,卖盘
1572,13:19:48,11.08,--,94,104152,买盘
1573,13:19:45,11.08,--,24,26592,买盘
1574,13:19:42,11.08,--,20,22160,买盘
1575,13:19:33,11.08,0.01,1,1108,买盘
1576,13:19:30,11.07,-0.01,2,2214,卖盘
1577,13:19:27,11.08,--,10,11080,买盘
1578,13:19:24,11.08,0.01,43,47644,买盘
1579,13:19:21,11.07,-0.01,1,1107,卖盘
1580,13:19:18,11.08,0.01,2,2216,买盘
1581,13:19:15,11.07,--,5,5535,卖盘
1582,13:19:12,11.07,--,1,1107,卖盘
1583,13:19:09,11.07,-0.01,6,6642,卖盘
1584,13:19:06,11.08,--,31,34348,买盘
1585,13:19:03,11.08,0.01,27,29916,买盘
1586,13:19:00,11.07,--,2,2214,卖盘
1587,13:18:57,11.07,-0.01,11,12177,卖盘
1588,13:18:54,11.08,--,55,60940,买盘
1589,13:18:51,11.08,--,87,96396,买盘
1590,13:18:45,11.08,--,3,3324,买盘
1591,13:18:42,11.08,0.01,2,2216,买盘
1592,13:18:33,11.07,-0.01,2,2214,卖盘
1593,13:18:30,11.08,--,8,8864,买盘
1594,13:18:27,11.08,--,26,28808,买盘
1595,13:18:24,11.08,0.01,79,87532,买盘
1596,13:18:21,11.07,-0.01,5,5535,卖盘
1597,13:18:18,11.08,0.01,26,28808,买盘
1598,13:18:15,11.07,-0.01,3,3321,卖盘
1599,13:18:12,11.08,0.01,14,15512,买盘
1600,13:18:09,11.07,--,20,22140,卖盘
1601,13:18:06,11.07,-0.01,100,110700,卖盘
1602,13:18:03,11.08,--,107,118556,买盘
1603,13:18:00,11.08,--,95,105260,买盘
1604,13:17:57,11.08,0.01,89,98612,买盘
1605,13:17:54,11.07,-0.01,1,1107,卖盘
1606,13:17:51,11.08,0.01,5,5540,买盘
1607,13:17:45,11.07,-0.01,2,2214,卖盘
1608,13:17:42,11.08,--,11,12188,买盘
1609,13:17:39,11.08,0.01,28,31024,买盘
1610,13:17:27,11.07,-0.01,2,2214,卖盘
1611,13:17:24,11.08,0.01,10,11080,买盘
1612,13:17:21,11.07,--,1,1107,卖盘
1613,13:17:18,11.07,-0.01,5,5535,卖盘
1614,13:17:15,11.08,0.01,24,26592,买盘
1615,13:17:12,11.07,--,6,6642,卖盘
1616,13:17:09,11.07,-0.01,26,28782,卖盘
1617,13:17:06,11.08,--,19,21052,买盘
1618,13:17:03,11.08,0.01,90,99720,买盘
1619,13:17:00,11.07,-0.01,3,3321,卖盘
1620,13:16:57,11.08,--,14,15512,买盘
1621,13:16:48,11.08,0.01,3,3324,买盘
1622,13:16:42,11.07,--,3,3321,卖盘
1623,13:16:36,11.07,-0.01,18,19926,卖盘
1624,13:16:33,11.08,0.01,105,116340,买盘
1625,13:16:30,11.07,--,6,6642,卖盘
1626,13:16:27,11.07,--,16,17712,卖盘
1627,13:16:15,11.07,-0.01,12,13284,卖盘
1628,13:16:12,11.08,0.01,29,32132,买盘
1629,13:16:09,11.07,--,8,8856,买盘
1630,13:16:06,11.07,--,162,179334,买盘
1631,13:16:03,11.07,--,6,6642,买盘
1632,13:15:57,11.07,--,1,1107,买盘
1633,13:15:54,11.07,--,94,104058,买盘
1634,13:15:51,11.07,--,1,1107,买盘
1635,13:15:48,11.07,--,5,5535,买盘
1636,13:15:45,11.07,--,9,9963,买盘
1637,13:15:42,11.07,--,43,47601,买盘
1638,13:15:33,11.07,0.01,14,15498,买盘
1639,13:15:24,11.06,-0.01,66,72996,卖盘
1640,13:15:21,11.07,--,50,55350,买盘
1641,13:15:15,11.07,0.01,15,16605,买盘
1642,13:15:06,11.06,-0.01,3,3318,卖盘
1643,13:15:03,11.07,--,5,5535,买盘
1644,13:14:57,11.07,--,12,13284,买盘
1645,13:14:54,11.07,--,18,19926,买盘
1646,13:14:51,11.07,--,6,6642,买盘
1647,13:14:48,11.07,--,125,138375,卖盘
1648,13:14:36,11.07,--,12,13284,卖盘
1649,13:14:33,11.07,--,3,3321,卖盘
1650,13:14:30,11.07,-0.01,15,16605,卖盘
1651,13:14:27,11.08,0.01,74,81992,买盘
1652,13:14:12,11.07,--,2,2214,卖盘
1653,13:14:09,11.07,0.01,10,11070,买盘
1654,13:14:03,11.06,--,1,1106,卖盘
1655,13:14:00,11.06,-0.01,4,4424,卖盘
1656,13:13:57,11.07,--,7,7749,买盘
1657,13:13:54,11.07,0.01,7,7749,买盘
1658,13:13:51,11.06,--,12,13272,卖盘
1659,13:13:48,11.06,--,27,29862,卖盘
1660,13:13:45,11.06,-0.01,2,2212,卖盘
1661,13:13:42,11.07,0.01,10,11070,买盘
1662,13:13:36,11.06,-0.01,1,1106,卖盘
1663,13:13:33,11.07,--,5,5535,买盘
1664,13:13:30,11.07,0.01,4,4428,买盘
1665,13:13:27,11.06,--,6,6636,卖盘
1666,13:13:24,11.06,-0.01,28,30968,卖盘
1667,13:13:21,11.07,--,41,45387,买盘
1668,13:13:18,11.07,0.01,1,1107,买盘
1669,13:13:15,11.06,-0.01,1,1106,卖盘
1670,13:13:12,11.07,--,4,4428,买盘
1671,13:13:09,11.07,0.01,16,17712,买盘
1672,13:13:06,11.06,--,1,1106,卖盘
1673,13:12:57,11.06,--,3,3318,卖盘
1674,13:12:54,11.06,--,1,1106,卖盘
1675,13:12:51,11.06,--,1,1106,卖盘
1676,13:12:48,11.06,--,5,5530,卖盘
1677,13:12:45,11.06,--,28,30968,卖盘
1678,13:12:42,11.06,--,140,154840,卖盘
1679,13:12:39,11.06,-0.01,2,2212,卖盘
1680,13:12:36,11.07,0.01,10,11070,买盘
1681,13:12:33,11.06,--,12,13272,买盘
1682,13:12:30,11.06,--,4,4424,卖盘
1683,13:12:18,11.06,-0.01,2,2212,卖盘
1684,13:12:15,11.07,--,11,12177,买盘
1685,13:12:12,11.07,--,4,4428,买盘
1686,13:12:09,11.07,0.01,2,2214,买盘
1687,13:12:06,11.06,--,3,3318,卖盘
1688,13:12:03,11.06,-0.01,14,15484,卖盘
1689,13:12:00,11.07,0.01,4,4428,买盘
1690,13:11:57,11.06,--,1,1106,卖盘
1691,13:11:54,11.06,0.01,6,6636,买盘
1692,13:11:51,11.05,--,1,1105,卖盘
1693,13:11:48,11.05,-0.01,5,5525,卖盘
1694,13:11:45,11.06,-0.01,23,25438,卖盘
1695,13:11:42,11.07,0.01,130,143910,买盘
1696,13:11:33,11.06,--,1,1106,卖盘
1697,13:11:30,11.06,--,5,5530,卖盘
1698,13:11:27,11.06,-0.01,15,16590,卖盘
1699,13:11:24,11.07,0.01,72,79704,买盘
1700,13:11:18,11.06,--,3,3318,卖盘
1701,13:11:15,11.06,-0.01,14,15484,卖盘
1702,13:11:12,11.07,--,72,79704,买盘
1703,13:11:09,11.07,0.01,2,2214,买盘
1704,13:11:06,11.06,--,1,1106,卖盘
1705,13:11:03,11.06,--,5,5530,卖盘
1706,13:11:00,11.06,--,2,2212,卖盘
1707,13:10:57,11.06,-0.01,6,6636,卖盘
1708,13:10:54,11.07,0.01,30,33210,买盘
1709,13:10:48,11.06,--,3,3318,卖盘
1710,13:10:45,11.06,--,1,1106,卖盘
1711,13:10:42,11.06,--,1,1106,卖盘
1712,13:10:39,11.06,--,6,6636,卖盘
1713,13:10:36,11.06,-0.01,31,34286,卖盘
1714,13:10:33,11.07,--,154,170478,卖盘
1715,13:10:24,11.07,-0.01,2,2214,卖盘
1716,13:10:21,11.08,0.01,10,11080,买盘
1717,13:10:09,11.07,--,1,1107,卖盘
1718,13:10:06,11.07,--,4,4428,卖盘
1719,13:10:03,11.07,--,19,21033,卖盘
1720,13:10:00,11.07,0.02,95,105165,买盘
1721,13:09:57,11.05,-0.01,1,1105,卖盘
1722,13:09:54,11.06,--,2,2212,买盘
1723,13:09:51,11.06,-0.01,1,1106,卖盘
1724,13:09:48,11.07,0.01,39,43173,买盘
1725,13:09:45,11.06,--,3,3318,卖盘
1726,13:09:42,11.06,--,1,1106,卖盘
1727,13:09:39,11.06,-0.01,3,3318,卖盘
1728,13:09:36,11.07,--,14,15498,买盘
1729,13:09:33,11.07,0.01,61,67527,买盘
1730,13:09:30,11.06,-0.01,7,7742,卖盘
1731,13:09:27,11.07,0.01,32,35424,买盘
1732,13:09:24,11.06,--,108,119448,卖盘
1733,13:09:21,11.06,--,36,39816,卖盘
1734,13:09:12,11.06,-0.01,1,1106,卖盘
1735,13:09:09,11.07,0.01,7,7749,买盘
1736,13:09:06,11.06,--,7,7742,卖盘
1737,13:09:03,11.06,-0.01,36,39816,卖盘
1738,13:09:00,11.07,--,125,138375,卖盘
1739,13:08:57,11.07,--,10,11070,卖盘
1740,13:08:54,11.07,--,3,3321,卖盘
1741,13:08:51,11.07,--,7,7749,买盘
1742,13:08:48,11.07,0.01,10,11070,买盘
1743,13:08:42,11.06,--,1,1106,卖盘
1744,13:08:39,11.06,--,4,4424,卖盘
1745,13:08:36,11.06,--,4,4424,卖盘
1746,13:08:33,11.06,--,23,25438,卖盘
1747,13:08:30,11.06,--,84,92904,买盘
1748,13:08:27,11.06,--,27,29862,买盘
1749,13:08:24,11.06,0.01,62,68572,买盘
1750,13:08:21,11.05,--,46,50830,卖盘
1751,13:08:18,11.05,--,5,5525,卖盘
1752,13:08:15,11.05,-0.01,23,25415,卖盘
1753,13:08:12,11.06,--,69,76314,买盘
1754,13:08:09,11.06,--,336,371616,卖盘
1755,13:08:03,11.06,--,1,1106,卖盘
1756,13:08:00,11.06,--,7,7742,卖盘
1757,13:07:57,11.06,--,35,38710,卖盘
1758,13:07:51,11.06,-0.01,1,1106,卖盘
1759,13:07:48,11.07,--,5,5535,卖盘
1760,13:07:45,11.07,--,4,4428,卖盘
1761,13:07:42,11.07,--,21,23247,卖盘
1762,13:07:39,11.07,--,54,59778,买盘
1763,13:07:36,11.07,0.01,20,22140,买盘
1764,13:07:30,11.06,--,1,1106,卖盘
1765,13:07:27,11.06,-0.01,3,3318,卖盘
1766,13:07:24,11.07,0.01,13,14391,买盘
1767,13:07:21,11.06,-0.01,39,43134,卖盘
1768,13:07:18,11.07,0.01,11,12177,买盘
1769,13:07:12,11.06,--,2,2212,卖盘
1770,13:07:09,11.06,-0.01,10,11060,卖盘
1771,13:07:06,11.07,--,49,54243,卖盘
1772,13:07:03,11.07,--,2,2214,卖盘
1773,13:07:00,11.07,--,8,8856,卖盘
1774,13:06:57,11.07,--,41,45387,卖盘
1775,13:06:54,11.07,--,14,15498,卖盘
1776,13:06:51,11.07,--,10,11070,卖盘
1777,13:06:48,11.07,--,23,25461,卖盘
1778,13:06:45,11.07,--,2,2214,卖盘
1779,13:06:42,11.07,--,13,14391,卖盘
1780,13:06:39,11.07,-0.01,11,12177,卖盘
1781,13:06:36,11.08,0.01,23,25484,买盘
1782,13:06:33,11.07,--,45,49815,卖盘
1783,13:06:30,11.07,--,32,35424,卖盘
1784,13:06:27,11.07,0.01,163,180441,买盘
1785,13:06:24,11.06,-0.01,31,34286,卖盘
1786,13:06:21,11.07,--,153,169371,买盘
1787,13:06:18,11.07,--,14,15498,买盘
1788,13:06:15,11.07,0.02,67,74169,买盘
1789,13:06:06,11.05,--,1,1105,卖盘
1790,13:06:03,11.05,-0.02,2,2210,卖盘
1791,13:06:00,11.07,0.02,9,9963,买盘
1792,13:05:57,11.05,--,3,3315,卖盘
1793,13:05:54,11.05,-0.02,12,13260,卖盘
1794,13:05:51,11.07,0.01,62,68634,买盘
1795,13:05:48,11.06,0.01,12,13272,中性盘
1796,13:05:45,11.05,-0.02,38,41990,卖盘
1797,13:05:42,11.07,0.01,12,13284,买盘
1798,13:05:39,11.06,--,10,11060,卖盘
1799,13:05:36,11.06,--,6,6636,卖盘
1800,13:05:33,11.06,-0.01,28,30968,卖盘
1801,13:05:30,11.07,0.01,7,7749,买盘
1802,13:05:27,11.06,--,33,36498,卖盘
1803,13:05:24,11.06,--,100,110600,卖盘
1804,13:05:15,11.06,--,1,1106,卖盘
1805,13:05:12,11.06,--,1,1106,卖盘
1806,13:05:09,11.06,--,7,7742,卖盘
1807,13:05:06,11.06,--,34,37604,买盘
1808,13:05:03,11.06,0.01,12,13272,买盘
1809,13:05:00,11.05,-0.01,3,3315,卖盘
1810,13:04:57,11.06,--,14,15484,买盘
1811,13:04:54,11.06,--,31,34286,买盘
1812,13:04:51,11.06,--,23,25438,卖盘
1813,13:04:48,11.06,-0.01,1,1106,卖盘
1814,13:04:45,11.07,0.01,7,7749,买盘
1815,13:04:42,11.06,--,8,8848,卖盘
1816,13:04:36,11.06,--,2,2212,卖盘
1817,13:04:33,11.06,--,8,8848,卖盘
1818,13:04:30,11.06,--,40,44240,卖盘
1819,13:04:27,11.06,-0.01,26,28756,卖盘
1820,13:04:24,11.07,--,8,8856,买盘
1821,13:04:21,11.07,0.01,3,3321,买盘
1822,13:04:12,11.06,--,2,2212,卖盘
1823,13:04:09,11.06,--,8,8848,卖盘
1824,13:04:06,11.06,--,42,46452,买盘
1825,13:04:03,11.06,--,52,57512,买盘
1826,13:04:00,11.06,--,9,9954,买盘
1827,13:03:57,11.06,--,21,23226,卖盘
1828,13:03:54,11.06,--,34,37604,买盘
1829,13:03:51,11.06,--,10,11060,买盘
1830,13:03:39,11.06,0.01,2,2212,买盘
1831,13:03:36,11.05,--,6,6630,卖盘
1832,13:03:33,11.05,-0.01,21,23205,卖盘
1833,13:03:30,11.06,0.01,33,36498,买盘
1834,13:03:09,11.05,-0.01,2,2210,卖盘
1835,13:03:06,11.06,--,6,6636,买盘
1836,13:03:03,11.06,0.01,21,23226,买盘
1837,13:03:00,11.05,-0.01,7,7735,卖盘
1838,13:02:57,11.06,0.01,35,38710,买盘
1839,13:02:42,11.05,--,1,1105,卖盘
1840,13:02:39,11.05,--,4,4420,卖盘
1841,13:02:36,11.05,-0.01,21,23205,卖盘
1842,13:02:33,11.06,--,101,111706,卖盘
1843,13:02:30,11.06,--,5,5530,卖盘
1844,13:02:27,11.06,--,28,30968,卖盘
1845,13:02:24,11.06,--,137,151522,卖盘
1846,13:02:21,11.06,--,7,7742,卖盘
1847,13:02:18,11.06,--,33,36498,买盘
1848,13:02:15,11.06,--,90,99540,买盘
1849,13:02:09,11.06,0.01,2,2212,买盘
1850,13:02:00,11.05,--,1,1105,卖盘
1851,13:01:57,11.05,--,1,1105,卖盘
1852,13:01:54,11.05,-0.01,5,5525,卖盘
1853,13:01:51,11.06,--,22,24332,买盘
1854,13:01:48,11.06,--,1,1393,卖盘
1855,13:01:45,11.06,--,110,121660,卖盘
1856,13:01:42,11.06,-0.01,2,2212,卖盘
1857,13:01:39,11.07,--,10,11070,买盘
1858,13:01:33,11.07,--,2,2214,买盘
1859,13:01:30,11.07,--,3,3321,买盘
1860,13:01:27,11.07,--,11,12177,买盘
1861,13:01:24,11.07,--,5,5535,买盘
1862,13:01:21,11.07,--,21,23247,买盘
1863,13:01:18,11.07,0.01,5,5535,买盘
1864,13:01:15,11.06,-0.01,1,1106,卖盘
1865,13:01:12,11.07,0.01,4,4428,买盘
1866,13:00:51,11.06,--,2,2212,卖盘
1867,13:00:48,11.06,0.01,5,6348,买盘
1868,13:00:45,11.05,-0.01,5,5525,卖盘
1869,13:00:42,11.06,0.01,14,15484,买盘
1870,13:00:39,11.05,-0.01,1,1105,卖盘
1871,13:00:36,11.06,--,3,3318,买盘
1872,13:00:33,11.06,--,3,3318,买盘
1873,13:00:30,11.06,0.01,1,1106,买盘
1874,13:00:24,11.05,--,1,1105,卖盘
1875,13:00:21,11.05,--,3,3315,卖盘
1876,13:00:18,11.05,-0.01,19,20995,卖盘
1877,13:00:15,11.06,0.02,91,100646,买盘
1878,13:00:12,11.04,--,37,40848,卖盘
1879,13:00:09,11.04,--,62,68448,卖盘
1880,13:00:03,11.04,--,1864,2057855,买盘
1881,13:00:00,11.04,--,0,0,买盘
1882,11:30:00,11.04,--,0,0,买盘
1883,11:29:57,11.04,0.01,2,2208,买盘
1884,11:29:54,11.03,-0.01,32,35296,卖盘
1885,11:29:42,11.04,--,10,11040,买盘
1886,11:29:33,11.04,0.01,112,123647,买盘
1887,11:29:27,11.03,--,1,1103,卖盘
1888,11:29:18,11.03,--,15,16545,卖盘
1889,11:29:15,11.03,--,4,4412,卖盘
1890,11:29:03,11.03,--,66,72798,卖盘
1891,11:28:48,11.03,-0.01,6,6618,卖盘
1892,11:28:45,11.04,0.01,25,27599,买盘
1893,11:28:33,11.03,--,1,1103,买盘
1894,11:28:18,11.03,--,70,77210,买盘
1895,11:28:15,11.03,--,66,72798,买盘
1896,11:28:09,11.03,--,75,82725,买盘
1897,11:27:57,11.03,--,5,5515,买盘
1898,11:27:54,11.03,--,20,22060,买盘
1899,11:27:42,11.03,0.01,1,1103,买盘
1900,11:27:39,11.02,--,1,1102,卖盘
1901,11:27:36,11.02,-0.01,2,2204,卖盘
1902,11:27:33,11.03,--,11,12133,买盘
1903,11:27:30,11.03,--,5,5515,买盘
1904,11:27:27,11.03,--,11,12133,卖盘
1905,11:27:24,11.03,--,15,16545,卖盘
1906,11:27:21,11.03,-0.01,1,1103,卖盘
1907,11:27:18,11.04,0.01,3,3311,买盘
1908,11:27:12,11.03,--,1,1103,卖盘
1909,11:27:09,11.03,--,5,5515,卖盘
1910,11:27:06,11.03,-0.01,25,27575,卖盘
1911,11:27:03,11.04,0.01,125,138000,买盘
1912,11:27:00,11.03,0.01,25,27575,买盘
1913,11:26:57,11.02,-0.01,12,13224,卖盘
1914,11:26:54,11.03,--,56,61768,买盘
1915,11:26:51,11.03,0.01,4,4412,买盘
1916,11:26:48,11.02,-0.01,13,14326,卖盘
1917,11:26:45,11.03,0.01,67,73901,买盘
1918,11:26:42,11.02,-0.01,2,2204,卖盘
1919,11:26:39,11.03,0.01,10,11030,买盘
1920,11:26:33,11.02,-0.01,1,1102,卖盘
1921,11:26:30,11.03,0.01,3,3309,买盘
1922,11:26:27,11.02,-0.01,3,3306,卖盘
1923,11:26:24,11.03,0.01,13,14339,买盘
1924,11:26:21,11.02,-0.01,11,12122,卖盘
1925,11:26:18,11.03,--,57,62870,买盘
1926,11:26:15,11.03,--,32,35296,买盘
1927,11:26:12,11.03,-0.01,11,12133,卖盘
1928,11:26:09,11.04,0.01,11,12143,买盘
1929,11:26:06,11.03,--,7,7721,卖盘
1930,11:26:03,11.03,0.01,39,43017,买盘
1931,11:26:00,11.02,-0.01,5,5510,卖盘
1932,11:25:57,11.03,0.01,22,24266,买盘
1933,11:25:51,11.02,-0.01,1,1102,卖盘
1934,11:25:48,11.03,--,4,4412,买盘
1935,11:25:45,11.03,0.01,15,16545,买盘
1936,11:25:42,11.02,-0.01,25,27550,卖盘
1937,11:25:39,11.03,0.01,102,112506,买盘
1938,11:25:36,11.02,--,10,11020,卖盘
1939,11:25:33,11.02,--,48,52896,卖盘
1940,11:25:30,11.02,--,6,6612,卖盘
1941,11:25:27,11.02,-0.01,28,30856,卖盘
1942,11:25:24,11.03,--,140,154420,买盘
1943,11:25:21,11.03,0.01,23,25369,买盘
1944,11:25:18,11.02,--,14,15428,卖盘
1945,11:25:15,11.02,--,19,20938,卖盘
1946,11:25:09,11.02,-0.01,2,2204,卖盘
1947,11:25:06,11.03,0.01,11,12133,买盘
1948,11:25:03,11.02,--,1,1102,卖盘
1949,11:25:00,11.02,-0.01,6,6612,卖盘
1950,11:24:57,11.03,--,30,33090,卖盘
1951,11:24:54,11.03,--,10,11030,卖盘
1952,11:24:39,11.03,-0.01,1,1103,卖盘
1953,11:24:36,11.04,0.01,4,4416,买盘
1954,11:24:33,11.03,0.01,1,1103,卖盘
1955,11:24:30,11.02,-0.02,4,4408,卖盘
1956,11:24:27,11.04,0.02,21,23184,买盘
1957,11:24:24,11.02,-0.02,6,6612,卖盘
1958,11:24:21,11.04,0.01,27,29807,买盘
1959,11:24:18,11.03,--,11,12133,买盘
1960,11:24:15,11.03,0.01,8,8824,买盘
1961,11:24:12,11.02,--,9,9918,卖盘
1962,11:24:09,11.02,-0.01,5,5510,卖盘
1963,11:24:06,11.03,--,22,24266,卖盘
1964,11:24:03,11.03,--,3,3309,卖盘
1965,11:24:00,11.03,--,15,16545,卖盘
1966,11:23:57,11.03,--,1,1103,卖盘
1967,11:23:54,11.03,-0.01,4,4412,卖盘
1968,11:23:51,11.04,0.01,20,22080,买盘
1969,11:23:48,11.03,-0.01,1,1103,卖盘
1970,11:23:45,11.04,--,2,2208,买盘
1971,11:23:42,11.04,--,7,7727,买盘
1972,11:23:39,11.04,--,25,27599,买盘
1973,11:23:36,11.04,--,22,24287,买盘
1974,11:23:30,11.04,0.01,1,1104,买盘
1975,11:23:27,11.03,--,2,2206,卖盘
1976,11:23:24,11.03,-0.01,10,11030,卖盘
1977,11:23:21,11.04,0.01,50,55199,买盘
1978,11:23:15,11.03,--,1,1103,卖盘
1979,11:23:12,11.03,--,3,3309,卖盘
1980,11:23:09,11.03,-0.01,1,1103,卖盘
1981,11:23:06,11.04,0.01,4,4416,买盘
1982,11:23:03,11.03,-0.01,4,4412,卖盘
1983,11:23:00,11.04,0.01,23,25391,买盘
1984,11:22:57,11.03,--,38,41914,卖盘
1985,11:22:54,11.03,--,1,1103,卖盘
1986,11:22:51,11.03,--,2,2206,卖盘
1987,11:22:48,11.03,0.01,10,11030,买盘
1988,11:22:39,11.02,--,3,3306,卖盘
1989,11:22:36,11.02,--,14,15428,卖盘
1990,11:22:33,11.02,-0.02,21,23142,卖盘
1991,11:22:30,11.04,0.01,21,23184,买盘
1992,11:22:27,11.03,0.01,1,1103,买盘
1993,11:22:21,11.02,--,3,3306,卖盘
1994,11:22:18,11.02,--,13,14326,卖盘
1995,11:22:15,11.02,--,2,2204,卖盘
1996,11:22:12,11.02,-0.01,9,9918,卖盘
1997,11:22:09,11.03,--,44,48532,卖盘
1998,11:22:06,11.03,--,269,296707,卖盘
1999,11:22:00,11.03,-0.01,4,4412,卖盘
2000,11:21:57,11.04,0.01,20,22080,买盘
2001,11:21:27,11.03,-0.01,53,58459,卖盘
2002,11:21:18,11.04,0.01,9,9936,买盘
2003,11:21:12,11.03,-0.01,3,3309,卖盘
2004,11:21:09,11.04,--,11,12143,买盘
2005,11:21:06,11.04,--,24,26495,买盘
2006,11:21:03,11.04,--,18,19872,买盘
2007,11:20:57,11.04,--,2,2208,买盘
2008,11:20:54,11.04,0.01,5,5520,买盘
2009,11:20:51,11.03,0.01,3,3309,卖盘
2010,11:20:48,11.02,--,14,15428,卖盘
2011,11:20:45,11.02,--,70,77140,卖盘
2012,11:20:42,11.02,--,351,386802,卖盘
2013,11:20:33,11.02,-0.01,2,2204,卖盘
2014,11:20:30,11.03,0.01,9,9927,买盘
2015,11:20:27,11.02,-0.01,3,3306,卖盘
2016,11:20:24,11.03,0.01,9,9927,买盘
2017,11:20:21,11.02,-0.01,24,26448,卖盘
2018,11:20:18,11.03,0.01,114,125741,买盘
2019,11:20:15,11.02,--,221,243542,卖盘
2020,11:20:12,11.02,--,3,3306,卖盘
2021,11:20:09,11.02,-0.01,15,16530,卖盘
2022,11:20:06,11.03,0.01,63,69489,买盘
2023,11:20:03,11.02,--,2,2204,卖盘
2024,11:20:00,11.02,-0.01,10,11020,卖盘
2025,11:19:57,11.03,--,44,48532,买盘
2026,11:19:54,11.03,--,1,1103,买盘
2027,11:19:51,11.03,--,2,2206,买盘
2028,11:19:39,11.03,--,7,7721,买盘
2029,11:19:33,11.03,--,10,11030,买盘
2030,11:19:30,11.03,--,8,8824,买盘
2031,11:19:27,11.03,--,27,29781,买盘
2032,11:19:24,11.03,--,22,24266,买盘
2033,11:19:21,11.03,0.01,7,7721,买盘
2034,11:19:18,11.02,--,1,1102,卖盘
2035,11:19:15,11.02,-0.01,6,6612,卖盘
2036,11:19:12,11.03,--,30,33090,买盘
2037,11:19:09,11.03,0.01,34,37502,买盘
2038,11:19:06,11.02,-0.01,7,7714,卖盘
2039,11:19:03,11.03,--,38,41914,卖盘
2040,11:19:00,11.03,--,364,401492,买盘
2041,11:18:57,11.03,0.01,20,22060,买盘
2042,11:18:54,11.02,-0.01,81,89262,卖盘
2043,11:18:51,11.03,0.01,405,446715,买盘
2044,11:18:48,11.02,-0.01,523,576346,卖盘
2045,11:18:45,11.03,0.01,17,18751,买盘
2046,11:18:42,11.02,-0.01,4,4408,卖盘
2047,11:18:39,11.03,0.01,21,23163,买盘
2048,11:18:36,11.02,-0.01,58,63916,卖盘
2049,11:18:33,11.03,--,190,209570,卖盘
2050,11:18:30,11.03,-0.01,1,1103,卖盘
2051,11:18:27,11.04,0.01,4,4416,买盘
2052,11:18:21,11.03,--,1,1103,卖盘
2053,11:18:18,11.03,-0.01,7,7721,卖盘
2054,11:18:15,11.04,--,35,38640,买盘
2055,11:18:12,11.04,--,21,23184,买盘
2056,11:18:09,11.04,0.01,55,60719,买盘
2057,11:18:03,11.03,-0.01,2,2206,卖盘
2058,11:18:00,11.04,0.01,10,11040,买盘
2059,11:17:51,11.03,--,1,1103,卖盘
2060,11:17:48,11.03,--,5,5515,卖盘
2061,11:17:45,11.03,--,23,25369,卖盘
2062,11:17:42,11.03,0.01,15,16545,中性盘
2063,11:17:36,11.02,-0.02,1,1102,卖盘
2064,11:17:33,11.04,--,6,6623,买盘
2065,11:17:30,11.04,0.01,5,5520,买盘
2066,11:17:27,11.03,--,15,16545,买盘
2067,11:17:24,11.03,--,47,51841,卖盘
2068,11:17:21,11.03,--,267,294501,卖盘
2069,11:17:03,11.03,--,2,2206,卖盘
2070,11:17:00,11.03,--,9,9927,卖盘
2071,11:16:57,11.03,-0.01,46,50738,卖盘
2072,11:16:54,11.04,--,7,7727,买盘
2073,11:16:51,11.04,0.01,30,33120,买盘
2074,11:16:39,11.03,--,1,1103,卖盘
2075,11:16:36,11.03,--,5,5515,卖盘
2076,11:16:33,11.03,-0.01,9,9927,卖盘
2077,11:16:30,11.04,0.01,44,48575,买盘
2078,11:16:27,11.03,--,27,29781,买盘
2079,11:16:24,11.03,--,9,9927,买盘
2080,11:16:21,11.03,0.01,9,9927,买盘
2081,11:16:18,11.02,-0.01,19,20938,卖盘
2082,11:16:15,11.03,-0.01,93,102579,卖盘
2083,11:16:12,11.04,--,8,8832,买盘
2084,11:16:09,11.04,--,33,36432,买盘
2085,11:16:06,11.04,--,152,167808,买盘
2086,11:16:03,11.04,0.01,60,66240,买盘
2087,11:15:54,11.03,--,1,1103,卖盘
2088,11:15:51,11.03,--,8,8824,卖盘
2089,11:15:48,11.03,--,38,41914,卖盘
2090,11:15:36,11.03,--,2,2206,卖盘
2091,11:15:33,11.03,-0.01,9,9927,卖盘
2092,11:15:30,11.04,--,7,7727,买盘
2093,11:15:27,11.04,0.01,13,14351,买盘
2094,11:15:24,11.03,--,39,43017,卖盘
2095,11:15:21,11.03,--,37,40811,卖盘
2096,11:15:18,11.03,--,3,3309,卖盘
2097,11:15:15,11.03,-0.01,16,17648,卖盘
2098,11:15:12,11.04,0.01,20,22080,买盘
2099,11:14:51,11.03,--,1,1103,卖盘
2100,11:14:48,11.03,-0.01,2,2206,卖盘
2101,11:14:45,11.04,0.01,11,12143,买盘
2102,11:14:42,11.03,--,13,14339,买盘
2103,11:14:39,11.03,--,62,68386,买盘
2104,11:14:36,11.03,--,36,39708,卖盘
2105,11:14:33,11.03,-0.01,272,300016,卖盘
2106,11:14:30,11.04,--,5,5520,买盘
2107,11:14:27,11.04,0.01,1,1104,买盘
2108,11:14:24,11.03,--,1,1103,卖盘
2109,11:14:21,11.03,-0.01,4,4412,卖盘
2110,11:14:18,11.04,0.01,20,22080,买盘
2111,11:14:15,11.03,-0.01,2,2206,卖盘
2112,11:14:12,11.04,0.01,9,9936,买盘
2113,11:14:09,11.03,--,35,38605,卖盘
2114,11:14:00,11.03,--,1,1103,卖盘
2115,11:13:57,11.03,-0.01,4,4412,卖盘
2116,11:13:54,11.04,0.01,18,19872,买盘
2117,11:13:48,11.03,--,3,3309,卖盘
2118,11:13:45,11.03,--,12,13236,卖盘
2119,11:13:42,11.03,-0.01,60,66180,卖盘
2120,11:13:39,11.04,--,122,134688,买盘
2121,11:13:36,11.04,0.01,502,554208,买盘
2122,11:13:33,11.03,-0.01,4,4412,卖盘
2123,11:13:30,11.04,0.01,20,22080,买盘
2124,11:13:27,11.03,--,1,1103,卖盘
2125,11:13:24,11.03,--,1,1103,卖盘
2126,11:13:21,11.03,--,2,2206,卖盘
2127,11:13:18,11.03,--,10,11030,卖盘
2128,11:13:15,11.03,--,52,57356,卖盘
2129,11:13:12,11.03,-0.01,7,7721,卖盘
2130,11:13:09,11.04,--,38,41952,买盘
2131,11:13:06,11.04,--,21,23184,买盘
2132,11:13:03,11.04,0.01,6,6623,买盘
2133,11:13:00,11.03,-0.01,23,25369,卖盘
2134,11:12:57,11.04,--,115,126959,买盘
2135,11:12:54,11.04,0.01,18,19872,买盘
2136,11:12:51,11.03,--,7,7721,卖盘
2137,11:12:48,11.03,-0.01,35,38605,卖盘
2138,11:12:39,11.04,0.01,20,22080,买盘
2139,11:12:24,11.03,--,77,84986,买盘
2140,11:12:18,11.03,0.01,3,3309,买盘
2141,11:12:12,11.02,-0.01,3,3306,卖盘
2142,11:12:09,11.03,--,5,5515,买盘
2143,11:12:06,11.03,0.01,96,105888,买盘
2144,11:12:03,11.02,-0.01,60,66120,卖盘
2145,11:11:57,11.03,0.01,1,1103,买盘
2146,11:11:54,11.02,-0.01,30,33060,卖盘
2147,11:11:51,11.03,0.01,20,22060,买盘
2148,11:11:48,11.02,--,164,180728,买盘
2149,11:11:45,11.02,--,87,95874,买盘
2150,11:11:39,11.02,--,30,33060,买盘
2151,11:11:27,11.02,--,20,22040,买盘
2152,11:11:24,11.02,--,10,11020,买盘
2153,11:11:18,11.02,0.01,43,47386,买盘
2154,11:11:15,11.01,-0.01,212,233412,卖盘
2155,11:11:12,11.02,--,5,5510,买盘
2156,11:11:06,11.02,--,15,16530,买盘
2157,11:11:03,11.02,--,4,4408,买盘
2158,11:11:00,11.02,--,20,22040,买盘
2159,11:10:54,11.02,0.01,10,11020,买盘
2160,11:10:51,11.01,-0.01,2,2202,卖盘
2161,11:10:42,11.02,--,21,23142,买盘
2162,11:10:39,11.02,-0.01,10,11020,中性盘
2163,11:10:30,11.03,0.02,2,2206,买盘
2164,11:10:21,11.01,--,41,45141,卖盘
2165,11:10:18,11.01,-0.01,36,39636,卖盘
2166,11:10:12,11.02,--,21,23142,卖盘
2167,11:10:09,11.02,0.01,105,115710,买盘
2168,11:10:06,11.01,-0.01,1,1101,卖盘
2169,11:10:03,11.02,--,9,9918,买盘
2170,11:10:00,11.02,0.01,12,13224,买盘
2171,11:09:57,11.01,-0.01,11,12111,卖盘
2172,11:09:54,11.02,--,55,60610,买盘
2173,11:09:51,11.02,-0.01,77,84854,卖盘
2174,11:09:48,11.03,0.01,7,7721,买盘
2175,11:09:45,11.02,--,22,24244,卖盘
2176,11:09:30,11.02,-0.01,1,1102,卖盘
2177,11:09:27,11.03,0.01,5,5515,买盘
2178,11:09:24,11.02,-0.01,13,14326,卖盘
2179,11:09:21,11.03,0.01,20,22060,买盘
2180,11:09:18,11.02,--,2,2204,卖盘
2181,11:09:15,11.02,--,7,7714,卖盘
2182,11:09:12,11.02,--,37,40774,买盘
2183,11:09:09,11.02,--,122,134444,买盘
2184,11:09:06,11.02,--,39,42978,买盘
2185,11:09:03,11.02,--,97,106894,买盘
2186,11:09:00,11.02,--,193,212686,卖盘
2187,11:08:57,11.02,--,33,36366,卖盘
2188,11:08:54,11.02,--,13,14326,卖盘
2189,11:08:48,11.02,--,1,1102,卖盘
2190,11:08:45,11.02,--,6,6612,卖盘
2191,11:08:42,11.02,--,32,35264,卖盘
2192,11:08:39,11.02,--,160,176320,卖盘
2193,11:08:36,11.02,-0.01,39,42978,卖盘
2194,11:08:33,11.03,--,7,7721,买盘
2195,11:08:30,11.03,--,10,11030,买盘
2196,11:08:27,11.03,--,26,28678,买盘
2197,11:08:24,11.03,0.01,32,35296,买盘
2198,11:08:21,11.02,--,9,9918,卖盘
2199,11:08:18,11.02,-0.01,46,50692,卖盘
2200,11:08:15,11.03,0.01,231,254792,买盘
2201,11:08:12,11.02,--,9,9918,卖盘
2202,11:08:09,11.02,--,8,8816,卖盘
2203,11:08:06,11.02,--,43,47386,卖盘
2204,11:08:03,11.02,--,35,38570,卖盘
2205,11:08:00,11.02,--,35,38570,卖盘
2206,11:07:54,11.02,-0.01,28,30856,卖盘
2207,11:07:48,11.03,0.01,13,14339,买盘
2208,11:07:45,11.02,-0.01,25,27550,卖盘
2209,11:07:42,11.03,0.01,22,24266,买盘
2210,11:07:36,11.02,--,35,38570,卖盘
2211,11:07:33,11.02,--,85,93670,卖盘
2212,11:07:30,11.02,-0.01,39,42978,卖盘
2213,11:07:27,11.03,0.01,1,1103,买盘
2214,11:07:18,11.02,-0.01,2,2204,卖盘
2215,11:07:15,11.03,--,6,6618,买盘
2216,11:07:09,11.03,--,20,22060,买盘
2217,11:07:03,11.03,--,56,61768,买盘
2218,11:06:57,11.03,--,13,14339,买盘
2219,11:06:54,11.03,--,20,22060,买盘
2220,11:06:42,11.03,0.01,20,22060,买盘
2221,11:06:39,11.02,--,53,58406,中性盘
2222,11:06:24,11.02,--,46,50692,买盘
2223,11:06:21,11.02,--,14,15428,买盘
2224,11:06:18,11.02,--,17,18734,买盘
2225,11:06:15,11.02,--,39,42978,买盘
2226,11:06:12,11.02,--,6,6612,买盘
2227,11:06:06,11.02,--,16,17632,买盘
2228,11:06:03,11.02,--,21,23142,买盘
2229,11:06:00,11.02,--,10,11020,买盘
2230,11:05:57,11.02,--,94,103588,买盘
2231,11:05:51,11.02,--,26,28652,买盘
2232,11:05:45,11.02,--,10,11020,买盘
2233,11:05:42,11.02,--,4,4408,买盘
2234,11:05:39,11.02,--,36,39672,买盘
2235,11:05:36,11.02,--,200,220400,买盘
2236,11:05:30,11.02,--,17,18734,买盘
2237,11:05:27,11.02,--,26,28652,买盘
2238,11:05:24,11.02,0.01,73,80446,买盘
2239,11:05:18,11.01,-0.01,102,112302,卖盘
2240,11:05:15,11.02,0.01,15,16530,买盘
2241,11:05:12,11.01,-0.01,69,75969,卖盘
2242,11:05:09,11.02,0.01,244,268888,买盘
2243,11:05:06,11.01,-0.01,1116,1228716,卖盘
2244,11:05:03,11.02,0.01,32,35264,买盘
2245,11:05:00,11.01,-0.01,8,8808,卖盘
2246,11:04:57,11.02,--,39,42978,买盘
2247,11:04:54,11.02,0.01,61,67222,买盘
2248,11:04:51,11.01,--,7,7707,卖盘
2249,11:04:48,11.01,-0.01,33,36333,卖盘
2250,11:04:45,11.02,--,163,179626,卖盘
2251,11:04:39,11.02,0.01,3,3306,卖盘
2252,11:04:36,11.01,--,13,14313,卖盘
2253,11:04:33,11.01,-0.01,64,70464,卖盘
2254,11:04:30,11.02,--,47,51794,买盘
2255,11:04:27,11.02,--,225,247950,买盘
2256,11:04:24,11.02,-0.01,912,1005244,卖盘
2257,11:04:21,11.03,0.01,13,14339,买盘
2258,11:04:15,11.02,--,2,2204,卖盘
2259,11:04:12,11.02,--,6,6612,卖盘
2260,11:04:09,11.02,-0.01,34,37468,卖盘
2261,11:04:06,11.03,--,25,27575,买盘
2262,11:04:03,11.03,--,11,12133,买盘
2263,11:04:00,11.03,-0.01,43,47429,中性盘
2264,11:03:57,11.04,0.02,16,17664,买盘
2265,11:03:54,11.02,-0.01,7,7714,卖盘
2266,11:03:51,11.03,--,11,12133,卖盘
2267,11:03:48,11.03,--,123,135669,卖盘
2268,11:03:36,11.03,--,1,1103,卖盘
2269,11:03:33,11.03,-0.01,4,4412,卖盘
2270,11:03:30,11.04,0.01,22,24287,买盘
2271,11:03:27,11.03,--,11,12133,卖盘
2272,11:03:24,11.03,--,53,58459,卖盘
2273,11:03:21,11.03,--,14,15442,卖盘
2274,11:03:18,11.03,-0.01,49,54047,卖盘
2275,11:03:15,11.04,0.01,21,23184,买盘
2276,11:03:12,11.03,--,8,8824,卖盘
2277,11:03:09,11.03,--,39,43017,卖盘
2278,11:03:06,11.03,0.01,21,23163,买盘
2279,11:03:03,11.02,-0.01,3,3306,卖盘
2280,11:03:00,11.03,--,18,19854,买盘
2281,11:02:57,11.03,--,5,5515,买盘
2282,11:02:54,11.03,--,9,9927,买盘
2283,11:02:51,11.03,--,5,5515,买盘
2284,11:02:45,11.03,--,10,11030,买盘
2285,11:02:42,11.03,--,11,12133,买盘
2286,11:02:39,11.03,--,5,5515,买盘
2287,11:02:36,11.03,--,30,33090,买盘
2288,11:02:33,11.03,--,18,19854,卖盘
2289,11:02:27,11.03,-0.01,21,23163,卖盘
2290,11:02:24,11.04,0.01,30,33120,买盘
2291,11:02:21,11.03,--,176,194128,买盘
2292,11:02:18,11.03,--,11,12133,买盘
2293,11:02:15,11.03,0.01,41,45223,买盘
2294,11:02:12,11.02,--,8,8816,卖盘
2295,11:02:09,11.02,-0.01,16,17632,卖盘
2296,11:02:06,11.03,--,80,88240,买盘
2297,11:02:03,11.03,-0.01,311,343033,卖盘
2298,11:02:00,11.04,0.01,5,5520,买盘
2299,11:01:48,11.03,-0.01,4,4412,卖盘
2300,11:01:45,11.04,--,16,17664,买盘
2301,11:01:42,11.04,--,30,33120,买盘
2302,11:01:39,11.04,--,28,30911,买盘
2303,11:01:36,11.04,0.01,85,93840,买盘
2304,11:01:33,11.03,-0.01,14,15442,卖盘
2305,11:01:30,11.04,0.01,70,77280,买盘
2306,11:01:27,11.03,--,3,3309,卖盘
2307,11:01:24,11.03,-0.01,17,18751,卖盘
2308,11:01:21,11.04,0.01,35,38640,买盘
2309,11:01:18,11.03,-0.01,2,2206,卖盘
2310,11:01:15,11.04,0.01,10,11040,买盘
2311,11:01:12,11.03,--,10,11030,卖盘
2312,11:01:09,11.03,--,20,22060,卖盘
2313,11:01:06,11.03,--,44,48532,卖盘
2314,11:01:03,11.03,-0.01,38,41914,卖盘
2315,11:01:00,11.04,--,191,210863,买盘
2316,11:00:57,11.04,--,100,110399,买盘
2317,11:00:54,11.04,--,113,124751,买盘
2318,11:00:51,11.04,0.01,15,16560,买盘
2319,11:00:48,11.03,--,29,31986,卖盘
2320,11:00:45,11.03,-0.01,43,47429,卖盘
2321,11:00:42,11.04,0.01,163,179952,买盘
2322,11:00:39,11.03,-0.01,69,76107,卖盘
2323,11:00:36,11.04,--,61,67344,买盘
2324,11:00:33,11.04,0.01,100,110399,买盘
2325,11:00:21,11.03,--,2,2206,卖盘
2326,11:00:18,11.03,-0.01,11,12133,卖盘
2327,11:00:15,11.04,0.01,28,30911,买盘
2328,11:00:12,11.03,-0.01,1,1103,卖盘
2329,11:00:09,11.04,0.02,3,3311,买盘
2330,11:00:03,11.02,-0.02,4,4408,卖盘
2331,11:00:00,11.04,0.01,17,18768,买盘
2332,10:59:57,11.03,--,74,81622,买盘
2333,10:59:54,11.03,--,147,162141,买盘
2334,10:59:51,11.03,--,403,444509,卖盘
2335,10:59:48,11.03,-0.01,11,12133,卖盘
2336,10:59:45,11.04,--,58,64031,买盘
2337,10:59:42,11.04,0.01,7,7727,买盘
2338,10:59:36,11.03,-0.01,2,2206,卖盘
2339,10:59:33,11.04,0.01,11,12143,买盘
2340,10:59:30,11.03,--,1,1103,卖盘
2341,10:59:27,11.03,-0.01,6,6618,卖盘
2342,10:59:24,11.04,--,31,34224,买盘
2343,10:59:21,11.04,--,40,44160,买盘
2344,10:59:18,11.04,0.01,114,125855,中性盘
2345,10:59:09,11.03,-0.01,3,3309,卖盘
2346,10:59:06,11.04,-0.01,15,16560,卖盘
2347,10:59:03,11.05,0.01,29,32045,买盘
2348,10:59:00,11.04,--,3,3311,卖盘
2349,10:58:57,11.04,0.01,14,15455,买盘
2350,10:58:45,11.03,--,2,2206,卖盘
2351,10:58:42,11.03,-0.02,8,8824,卖盘
2352,10:58:39,11.05,--,41,45305,买盘
2353,10:58:36,11.05,0.02,8,8840,买盘
2354,10:58:33,11.03,--,28,30884,卖盘
2355,10:58:30,11.03,--,140,154420,卖盘
2356,10:58:24,11.03,--,1,1103,卖盘
2357,10:58:21,11.03,-0.02,4,4412,卖盘
2358,10:58:18,11.05,--,21,23205,买盘
2359,10:58:15,11.05,--,16,17680,买盘
2360,10:58:12,11.05,0.01,26,29017,买盘
2361,10:58:09,11.04,-0.01,65,71760,卖盘
2362,10:58:06,11.05,0.01,28,30940,买盘
2363,10:58:03,11.04,--,36,40560,买盘
2364,10:58:00,11.04,0.01,1,1104,买盘
2365,10:57:45,11.03,-0.01,1,1103,卖盘
2366,10:57:42,11.04,--,4,4703,卖盘
2367,10:57:39,11.04,0.01,101,112320,买盘
2368,10:57:36,11.03,-0.01,279,308023,卖盘
2369,10:57:33,11.04,0.01,14,15455,买盘
2370,10:57:30,11.03,-0.01,10,11030,卖盘
2371,10:57:27,11.04,--,52,57407,买盘
2372,10:57:24,11.04,0.01,11,12143,买盘
2373,10:57:21,11.03,-0.01,5,5515,卖盘
2374,10:57:18,11.04,0.01,23,25391,买盘
2375,10:57:15,11.03,-0.01,16,17648,卖盘
2376,10:57:12,11.04,0.02,77,85824,买盘
2377,10:57:06,11.02,--,2,2204,卖盘
2378,10:57:03,11.02,-0.01,8,8816,卖盘
2379,10:57:00,11.03,0.01,40,44120,买盘
2380,10:56:57,11.02,-0.01,51,56202,卖盘
2381,10:56:54,11.03,--,257,283757,卖盘
2382,10:56:51,11.03,--,1,1103,卖盘
2383,10:56:48,11.03,-0.01,7,7721,卖盘
2384,10:56:45,11.04,--,35,38640,买盘
2385,10:56:42,11.04,--,22,24287,买盘
2386,10:56:39,11.04,--,10,11040,买盘
2387,10:56:36,11.04,--,18,19872,买盘
2388,10:56:33,11.04,0.01,28,30911,买盘
2389,10:56:30,11.03,--,1,1103,卖盘
2390,10:56:27,11.03,--,4,4412,卖盘
2391,10:56:24,11.03,--,23,25369,卖盘
2392,10:56:21,11.03,--,8,9640,卖盘
2393,10:56:18,11.03,0.01,7,7721,卖盘
2394,10:56:15,11.02,--,32,36145,卖盘
2395,10:56:12,11.02,-0.01,63,69646,卖盘
2396,10:56:09,11.03,0.01,374,413404,买盘
2397,10:56:06,11.02,--,14,15428,卖盘
2398,10:56:03,11.02,-0.01,41,45182,卖盘
2399,10:56:00,11.03,0.01,201,221703,买盘
2400,10:55:57,11.02,--,5,5510,卖盘
2401,10:55:54,11.02,-0.01,26,28652,卖盘
2402,10:55:51,11.03,0.01,97,106991,买盘
2403,10:55:48,11.02,--,8,8816,卖盘
2404,10:55:45,11.02,-0.01,43,47386,卖盘
2405,10:55:42,11.03,--,10,11030,买盘
2406,10:55:39,11.03,--,22,24266,买盘
2407,10:55:36,11.03,0.01,20,22060,买盘
2408,10:55:27,11.02,--,3,3306,卖盘
2409,10:55:24,11.02,0.01,15,16530,买盘
2410,10:55:21,11.01,-0.01,6,6606,卖盘
2411,10:55:18,11.02,0.01,32,35264,买盘
2412,10:55:15,11.01,-0.01,2,2202,卖盘
2413,10:55:12,11.02,--,10,11020,买盘
2414,10:55:09,11.02,0.01,34,37468,买盘
2415,10:55:06,11.01,-0.01,16,17616,卖盘
2416,10:55:03,11.02,--,80,88160,买盘
2417,10:55:00,11.02,--,199,219298,卖盘
2418,10:54:57,11.02,--,1,1102,卖盘
2419,10:54:54,11.02,--,5,5510,卖盘
2420,10:54:51,11.02,--,20,22040,卖盘
2421,10:54:48,11.02,--,48,52896,买盘
2422,10:54:45,11.02,--,144,158688,买盘
2423,10:54:42,11.02,--,4,4408,买盘
2424,10:54:39,11.02,0.01,6,6612,买盘
2425,10:54:36,11.01,--,14,15414,卖盘
2426,10:54:33,11.01,-0.01,21,23121,卖盘
2427,10:54:30,11.02,0.01,12,13224,买盘
2428,10:54:27,11.01,-0.01,36,39636,卖盘
2429,10:54:24,11.02,0.01,180,198360,买盘
2430,10:54:21,11.01,--,108,118908,卖盘
2431,10:54:12,11.01,--,2,2202,卖盘
2432,10:54:09,11.01,-0.01,6,6606,卖盘
2433,10:54:06,11.02,--,34,37468,买盘
2434,10:54:03,11.02,--,46,50692,买盘
2435,10:54:00,11.02,--,125,137750,买盘
2436,10:53:57,11.02,0.01,58,63916,买盘
2437,10:53:54,11.01,--,121,133221,卖盘
2438,10:53:51,11.01,--,105,115605,卖盘
2439,10:53:48,11.01,--,377,415077,卖盘
2440,10:53:45,11.01,-0.01,9,9909,卖盘
2441,10:53:42,11.02,0.01,44,48488,买盘
2442,10:53:39,11.01,-0.01,13,14313,卖盘
2443,10:53:36,11.02,--,41,45182,买盘
2444,10:53:33,11.02,--,53,58406,买盘
2445,10:53:27,11.02,0.01,3,3306,买盘
2446,10:53:24,11.01,-0.01,5,5505,卖盘
2447,10:53:21,11.02,--,25,27550,买盘
2448,10:53:18,11.02,0.01,29,31958,买盘
2449,10:53:15,11.01,--,7,7707,卖盘
2450,10:53:12,11.01,--,38,42718,买盘
2451,10:53:09,11.01,--,45,49545,买盘
2452,10:53:06,11.01,--,23,25323,买盘
2453,10:53:03,11.01,--,17,18717,买盘
2454,10:53:00,11.01,--,46,50866,卖盘
2455,10:52:57,11.01,--,24,26424,卖盘
2456,10:52:54,11.01,--,116,127716,卖盘
2457,10:52:51,11.01,--,1,1101,卖盘
2458,10:52:48,11.01,--,4,4404,卖盘
2459,10:52:45,11.01,--,22,24222,卖盘
2460,10:52:42,11.01,--,110,121990,买盘
2461,10:52:39,11.01,--,76,83676,买盘
2462,10:52:36,11.01,--,17,18717,买盘
2463,10:52:33,11.01,0.01,40,44040,买盘
2464,10:52:30,11.0,-0.01,52,57200,卖盘
2465,10:52:27,11.01,0.01,17,18717,买盘
2466,10:52:24,11.0,--,78,85800,卖盘
2467,10:52:21,11.0,--,21,23100,卖盘
2468,10:52:18,11.0,-0.01,105,115500,卖盘
2469,10:52:15,11.01,--,120,132120,买盘
2470,10:52:12,11.01,--,85,93585,买盘
2471,10:52:09,11.01,0.01,149,164049,买盘
2472,10:52:06,11.0,--,144,158400,卖盘
2473,10:52:03,11.0,-0.01,23,25300,卖盘
2474,10:52:00,11.01,0.01,115,126615,买盘
2475,10:51:57,11.0,-0.01,8,8800,卖盘
2476,10:51:54,11.01,--,41,45141,买盘
2477,10:51:51,11.01,--,20,22020,买盘
2478,10:51:48,11.01,0.01,52,57252,买盘
2479,10:51:45,11.0,-0.01,13,14300,卖盘
2480,10:51:42,11.01,--,10,11010,买盘
2481,10:51:39,11.01,--,29,31929,买盘
2482,10:51:36,11.01,--,24,26424,买盘
2483,10:51:33,11.01,0.01,113,124413,买盘
2484,10:51:30,11.0,--,53,58300,卖盘
2485,10:51:27,11.0,-0.01,26,28600,卖盘
2486,10:51:24,11.01,--,61,67161,买盘
2487,10:51:21,11.01,--,131,144231,买盘
2488,10:51:18,11.01,--,335,368835,买盘
2489,10:51:15,11.01,--,33,36333,卖盘
2490,10:51:12,11.01,--,12,13212,卖盘
2491,10:51:09,11.01,0.01,10,11010,卖盘
2492,10:51:06,11.0,-0.02,49,53900,卖盘
2493,10:51:03,11.02,0.01,245,269990,买盘
2494,10:51:00,11.01,--,92,101292,卖盘
2495,10:50:57,11.01,-0.01,1004,1105404,卖盘
2496,10:50:54,11.02,--,21,23142,买盘
2497,10:50:51,11.02,0.01,11,12122,买盘
2498,10:50:48,11.01,-0.01,3,3303,卖盘
2499,10:50:45,11.02,0.01,15,16530,买盘
2500,10:50:42,11.01,--,50,55050,卖盘
2501,10:50:39,11.01,--,3,3303,卖盘
2502,10:50:36,11.01,-0.01,5,5505,卖盘
2503,10:50:33,11.02,0.01,22,24244,买盘
2504,10:50:30,11.01,-0.01,11,12111,卖盘
2505,10:50:27,11.02,--,55,60610,买盘
2506,10:50:24,11.02,--,260,286520,买盘
2507,10:50:15,11.02,0.01,2,2204,买盘
2508,10:50:12,11.01,--,1,1101,卖盘
2509,10:50:09,11.01,--,6,6606,卖盘
2510,10:50:06,11.01,--,29,31929,卖盘
2511,10:50:03,11.01,--,65,71565,买盘
2512,10:50:00,11.01,--,73,80373,买盘
2513,10:49:57,11.01,--,103,113403,买盘
2514,10:49:54,11.01,--,114,125514,买盘
2515,10:49:51,11.01,--,23,25323,买盘
2516,10:49:48,11.01,--,64,70464,买盘
2517,10:49:45,11.01,--,306,336906,买盘
2518,10:49:42,11.01,--,27,29727,买盘
2519,10:49:39,11.01,--,37,40737,买盘
2520,10:49:36,11.01,0.01,16,17616,买盘
2521,10:49:33,11.0,-0.01,54,59400,卖盘
2522,10:49:30,11.01,--,222,244422,买盘
2523,10:49:27,11.01,--,71,78171,买盘
2524,10:49:24,11.01,0.01,312,343512,买盘
2525,10:49:21,11.0,--,1058,1163800,卖盘
2526,10:49:18,11.0,-0.01,42,46200,卖盘
2527,10:49:15,11.01,0.01,9,9909,买盘
2528,10:49:12,11.0,-0.01,3,3300,卖盘
2529,10:49:09,11.01,0.01,12,13212,买盘
2530,10:49:06,11.0,-0.01,14,15400,卖盘
2531,10:49:03,11.01,-0.01,72,79272,中性盘
2532,10:49:00,11.02,0.02,91,100282,中性盘
2533,10:48:57,11.0,--,402,442200,卖盘
2534,10:48:54,11.0,-0.03,2013,2214300,卖盘
2535,10:48:51,11.03,--,64,70592,买盘
2536,10:48:48,11.03,0.01,176,194128,买盘
2537,10:48:45,11.02,--,1,1102,卖盘
2538,10:48:42,11.02,--,2,2534,卖盘
2539,10:48:39,11.02,--,9,9918,卖盘
2540,10:48:36,11.02,--,48,52896,卖盘
2541,10:48:33,11.02,--,237,261174,卖盘
2542,10:48:27,11.02,-0.01,4,4408,卖盘
2543,10:48:24,11.03,0.01,16,17648,买盘
2544,10:48:21,11.02,-0.01,2,2204,卖盘
2545,10:48:18,11.03,0.01,9,9927,买盘
2546,10:48:15,11.02,-0.01,15,16530,卖盘
2547,10:48:09,11.03,0.01,3,3309,买盘
2548,10:48:06,11.02,--,3,3306,卖盘
2549,10:48:03,11.02,-0.01,16,17632,卖盘
2550,10:48:00,11.03,--,81,89343,买盘
2551,10:47:57,11.03,--,5,5515,买盘
2552,10:47:54,11.03,0.01,14,15442,买盘
2553,10:47:51,11.02,-0.01,13,14326,卖盘
2554,10:47:48,11.03,0.01,58,63973,买盘
2555,10:47:45,11.02,--,14,15428,卖盘
2556,10:47:42,11.02,--,69,76038,买盘
2557,10:47:39,11.02,--,272,299744,卖盘
2558,10:47:36,11.02,0.01,172,189544,买盘
2559,10:47:33,11.01,--,4,4404,卖盘
2560,10:47:30,11.01,--,2,2202,卖盘
2561,10:47:27,11.01,-0.01,10,11010,卖盘
2562,10:47:24,11.02,--,44,48488,买盘
2563,10:47:21,11.02,--,194,213788,买盘
2564,10:47:18,11.02,--,853,940006,卖盘
2565,10:47:15,11.02,-0.01,2,2204,卖盘
2566,10:47:12,11.03,--,11,12133,买盘
2567,10:47:09,11.03,0.01,50,55150,买盘
2568,10:47:06,11.02,--,150,165300,买盘
2569,10:47:03,11.02,--,25,27550,买盘
2570,10:47:00,11.02,--,10,11020,买盘
2571,10:46:57,11.02,--,7,7714,买盘
2572,10:46:54,11.02,--,8,8816,买盘
2573,10:46:51,11.02,0.01,28,30856,买盘
2574,10:46:48,11.01,--,38,41838,卖盘
2575,10:46:45,11.01,-0.01,1,1101,卖盘
2576,10:46:42,11.02,0.01,2,2204,买盘
2577,10:46:33,11.01,-0.01,2,2202,卖盘
2578,10:46:30,11.02,0.01,11,12122,买盘
2579,10:46:27,11.01,--,6,6606,卖盘
2580,10:46:24,11.01,--,21,23121,卖盘
2581,10:46:21,11.01,-0.01,5,5505,卖盘
2582,10:46:18,11.02,0.01,28,30856,买盘
2583,10:46:15,11.01,-0.01,11,12111,卖盘
2584,10:46:12,11.02,--,54,59508,买盘
2585,10:46:09,11.02,0.01,17,18734,买盘
2586,10:46:06,11.01,-0.01,19,20919,卖盘
2587,10:46:03,11.02,--,70,77140,买盘
2588,10:46:00,11.02,--,280,308560,买盘
2589,10:45:57,11.02,-0.01,1391,1532882,卖盘
2590,10:45:54,11.03,0.01,16,17648,买盘
2591,10:45:51,11.02,-0.01,1,1102,卖盘
2592,10:45:48,11.03,0.01,5,5515,买盘
2593,10:45:45,11.02,-0.01,7,7714,卖盘
2594,10:45:42,11.03,--,34,37502,买盘
2595,10:45:39,11.03,--,79,87137,中性盘
2596,10:45:36,11.03,-0.01,244,269132,卖盘
2597,10:45:33,11.04,0.01,10,11040,买盘
2598,10:45:30,11.03,-0.01,24,26472,卖盘
2599,10:45:27,11.04,--,120,132480,买盘
2600,10:45:24,11.04,0.01,4,4416,买盘
2601,10:45:15,11.03,--,20,22060,卖盘
2602,10:45:12,11.03,-0.01,2,2206,卖盘
2603,10:45:06,11.04,--,10,11040,买盘
2604,10:45:00,11.04,--,270,298080,卖盘
2605,10:44:51,11.04,--,1,1104,卖盘
2606,10:44:48,11.04,--,81,89424,买盘
2607,10:44:45,11.04,0.01,3,3311,买盘
2608,10:44:42,11.03,-0.01,2,2206,卖盘
2609,10:44:39,11.04,--,4,4416,买盘
2610,10:44:33,11.04,0.01,20,22080,买盘
2611,10:44:30,11.03,0.02,267,294501,买盘
2612,10:44:24,11.01,-0.02,500,550500,卖盘
2613,10:44:21,11.03,--,1,1103,买盘
2614,10:44:15,11.03,--,405,446715,买盘
2615,10:44:12,11.03,--,10,11030,买盘
2616,10:44:09,11.03,--,14,15442,买盘
2617,10:44:06,11.03,--,13,14339,买盘
2618,10:44:03,11.03,--,50,55150,买盘
2619,10:44:00,11.03,-0.02,90,99270,卖盘
2620,10:43:57,11.05,--,80,88400,买盘
2621,10:43:54,11.05,--,4,4420,买盘
2622,10:43:51,11.05,0.02,4,4420,买盘
2623,10:43:48,11.03,-0.01,200,220600,卖盘
2624,10:43:42,11.04,0.01,5,5520,中性盘
2625,10:43:36,11.03,-0.01,300,330900,卖盘
2626,10:43:33,11.04,--,89,98255,买盘
2627,10:43:30,11.04,--,1,1104,买盘
2628,10:43:27,11.04,0.01,66,72864,买盘
2629,10:43:24,11.03,-0.01,512,564736,卖盘
2630,10:43:21,11.04,--,8,8832,买盘
2631,10:43:18,11.04,0.01,4,4416,买盘
2632,10:43:15,11.03,-0.01,1,1103,卖盘
2633,10:43:12,11.04,0.01,5,5520,买盘
2634,10:43:06,11.03,-0.01,2,2206,卖盘
2635,10:43:03,11.04,--,6,6623,买盘
2636,10:43:00,11.04,0.01,16,17664,买盘
2637,10:42:57,11.03,-0.01,31,34193,卖盘
2638,10:42:54,11.04,0.01,96,105983,买盘
2639,10:42:51,11.03,-0.01,29,31986,卖盘
2640,10:42:48,11.04,0.01,22,24287,买盘
2641,10:42:45,11.03,-0.01,6,6618,卖盘
2642,10:42:42,11.04,--,31,34224,买盘
2643,10:42:39,11.04,0.01,32,35328,买盘
2644,10:42:36,11.03,--,8,8824,卖盘
2645,10:42:33,11.03,--,10,11030,卖盘
2646,10:42:30,11.03,--,3,3309,卖盘
2647,10:42:27,11.03,--,12,13236,卖盘
2648,10:42:24,11.03,-0.01,9,9927,卖盘
2649,10:42:21,11.04,--,1,1104,买盘
2650,10:42:18,11.04,0.01,3,3311,买盘
2651,10:42:15,11.03,-0.01,2,2206,卖盘
2652,10:42:12,11.04,0.01,11,12143,买盘
2653,10:42:09,11.03,-0.01,3,3309,卖盘
2654,10:42:06,11.04,0.01,18,19872,买盘
2655,10:42:03,11.03,-0.01,3,3309,卖盘
2656,10:42:00,11.04,--,16,17664,买盘
2657,10:41:57,11.04,0.01,29,32015,买盘
2658,10:41:54,11.03,--,45,49635,卖盘
2659,10:41:51,11.03,0.01,179,197437,买盘
2660,10:41:48,11.02,-0.01,1,1102,卖盘
2661,10:41:45,11.03,0.01,7,7721,买盘
2662,10:41:42,11.02,--,2,2204,卖盘
2663,10:41:39,11.02,-0.01,14,15428,卖盘
2664,10:41:36,11.03,0.01,1,1103,买盘
2665,10:41:33,11.02,-0.01,3,3306,卖盘
2666,10:41:30,11.03,0.01,12,13236,买盘
2667,10:41:27,11.02,--,38,41876,买盘
2668,10:41:24,11.02,--,98,107996,买盘
2669,10:41:21,11.02,--,326,359252,买盘
2670,10:41:18,11.02,--,30,33060,买盘
2671,10:41:15,11.02,--,125,137750,卖盘
2672,10:41:12,11.02,-0.01,4,4408,卖盘
2673,10:41:09,11.03,0.01,22,24266,买盘
2674,10:41:06,11.02,--,39,42978,卖盘
2675,10:41:03,11.02,--,5,5510,卖盘
2676,10:40:54,11.02,--,1,1102,卖盘
2677,10:40:51,11.02,--,2,2204,卖盘
2678,10:40:48,11.02,--,11,12122,买盘
2679,10:40:45,11.02,--,37,40774,买盘
2680,10:40:42,11.02,--,104,114608,买盘
2681,10:40:39,11.02,--,18,19836,买盘
2682,10:40:36,11.02,--,77,84854,买盘
2683,10:40:33,11.02,--,33,36366,买盘
2684,10:40:30,11.02,-0.01,77,84854,卖盘
2685,10:40:27,11.03,0.01,25,27575,买盘
2686,10:40:24,11.02,-0.01,2,2204,卖盘
2687,10:40:21,11.03,--,10,11030,买盘
2688,10:40:18,11.03,0.02,45,49635,买盘
2689,10:40:15,11.01,-0.01,13,15006,卖盘
2690,10:40:12,11.02,--,58,63916,买盘
2691,10:40:09,11.02,--,125,137750,买盘
2692,10:40:06,11.02,0.01,74,81548,买盘
2693,10:40:03,11.01,--,7,7707,卖盘
2694,10:40:00,11.01,-0.01,12,13212,卖盘
2695,10:39:57,11.02,--,61,67222,买盘
2696,10:39:54,11.02,--,52,57304,买盘
2697,10:39:51,11.02,--,62,68324,买盘
2698,10:39:48,11.02,--,145,159790,买盘
2699,10:39:45,11.02,--,26,28652,买盘
2700,10:39:42,11.02,--,48,52896,买盘
2701,10:39:39,11.02,--,224,246848,买盘
2702,10:39:36,11.02,0.01,78,85956,买盘
2703,10:39:33,11.01,-0.01,100,110100,卖盘
2704,10:39:30,11.02,--,18,19836,买盘
2705,10:39:27,11.02,--,44,48488,买盘
2706,10:39:24,11.02,--,59,65018,买盘
2707,10:39:21,11.02,0.01,70,77140,买盘
2708,10:39:18,11.01,-0.01,6,6606,卖盘
2709,10:39:15,11.02,0.01,29,31958,买盘
2710,10:39:12,11.01,-0.01,6,6606,卖盘
2711,10:39:09,11.02,--,32,35264,买盘
2712,10:39:06,11.02,--,133,146566,买盘
2713,10:39:03,11.02,0.01,201,221502,买盘
2714,10:39:00,11.01,-0.01,4,4404,卖盘
2715,10:38:57,11.02,--,23,25346,买盘
2716,10:38:51,11.02,0.01,5,5510,买盘
2717,10:38:48,11.01,--,21,23121,卖盘
2718,10:38:45,11.01,-0.01,27,29727,卖盘
2719,10:38:42,11.02,--,33,36366,买盘
2720,10:38:39,11.02,0.01,65,71630,买盘
2721,10:38:36,11.01,-0.01,9,9909,卖盘
2722,10:38:33,11.02,--,43,47386,买盘
2723,10:38:30,11.02,0.01,40,44080,买盘
2724,10:38:24,11.01,-0.01,2,2202,卖盘
2725,10:38:21,11.02,--,10,11020,买盘
2726,10:38:18,11.02,--,10,11020,买盘
2727,10:38:15,11.02,--,40,44080,买盘
2728,10:38:12,11.02,-0.01,193,213093,卖盘
2729,10:38:09,11.03,0.01,140,154420,买盘
2730,10:38:06,11.02,-0.01,298,328396,卖盘
2731,10:38:03,11.03,--,62,68386,买盘
2732,10:38:00,11.03,--,306,337518,买盘
2733,10:37:57,11.03,0.01,32,35296,买盘
2734,10:37:54,11.02,--,12,13224,卖盘
2735,10:37:51,11.02,-0.01,10,11020,卖盘
2736,10:37:48,11.03,0.01,52,57356,买盘
2737,10:37:45,11.02,--,10,11020,卖盘
2738,10:37:42,11.02,--,11,12122,卖盘
2739,10:37:39,11.02,--,26,29346,买盘
2740,10:37:36,11.02,--,24,26448,买盘
2741,10:37:33,11.02,--,274,301948,买盘
2742,10:37:27,11.02,--,5,5510,买盘
2743,10:37:15,11.02,--,82,90364,买盘
2744,10:37:12,11.02,--,72,79344,买盘
2745,10:37:06,11.02,--,19,20938,买盘
2746,10:37:03,11.02,-0.01,149,164198,卖盘
2747,10:36:57,11.03,0.01,19,20957,买盘
2748,10:36:54,11.02,-0.01,12,13224,卖盘
2749,10:36:48,11.03,0.02,60,66180,买盘
2750,10:36:45,11.01,-0.01,1548,1704524,卖盘
2751,10:36:42,11.02,--,21,23142,买盘
2752,10:36:39,11.02,--,20,22040,买盘
2753,10:36:36,11.02,--,85,93670,买盘
2754,10:36:33,11.02,-0.01,232,255664,卖盘
2755,10:36:24,11.03,--,39,43017,买盘
2756,10:36:21,11.03,--,4,4412,买盘
2757,10:36:18,11.03,--,50,55150,买盘
2758,10:36:15,11.03,--,18,19854,买盘
2759,10:36:09,11.03,--,58,63973,买盘
2760,10:36:06,11.03,--,1,1103,买盘
2761,10:36:03,11.03,--,51,56253,买盘
2762,10:36:00,11.03,--,625,689375,买盘
2763,10:35:57,11.03,--,20,22060,买盘
2764,10:35:54,11.03,0.01,2,2206,买盘
2765,10:35:51,11.02,0.01,310,341620,买盘
2766,10:35:48,11.01,-0.01,72,79272,卖盘
2767,10:35:45,11.02,--,119,131138,买盘
2768,10:35:42,11.02,--,15,16530,买盘
2769,10:35:36,11.02,--,16,17632,买盘
2770,10:35:33,11.02,--,89,98078,买盘
2771,10:35:30,11.02,--,56,61712,买盘
2772,10:35:27,11.02,--,20,22040,买盘
2773,10:35:24,11.02,--,21,23142,买盘
2774,10:35:18,11.02,--,82,90364,买盘
2775,10:35:12,11.02,0.01,5,5510,买盘
2776,10:35:09,11.01,-0.01,15,16515,卖盘
2777,10:35:03,11.02,-0.01,28,30856,中性盘
2778,10:35:00,11.03,0.02,292,322076,买盘
2779,10:34:57,11.01,--,7,7707,卖盘
2780,10:34:54,11.01,--,7,7707,卖盘
2781,10:34:51,11.01,--,34,37434,卖盘
2782,10:34:48,11.01,-0.01,6,6606,卖盘
2783,10:34:45,11.02,--,26,28652,买盘
2784,10:34:42,11.02,0.01,16,17632,买盘
2785,10:34:39,11.01,--,20,22020,卖盘
2786,10:34:36,11.01,--,1,1101,卖盘
2787,10:34:33,11.01,--,2,2202,卖盘
2788,10:34:30,11.01,-0.01,12,13212,卖盘
2789,10:34:27,11.02,-0.01,61,67222,中性盘
2790,10:34:24,11.03,0.02,18,19854,买盘
2791,10:34:21,11.01,-0.01,45,49545,卖盘
2792,10:34:18,11.02,--,225,247950,买盘
2793,10:34:15,11.02,--,66,72732,买盘
2794,10:34:12,11.02,0.01,22,24244,中性盘
2795,10:34:09,11.01,--,12,13212,卖盘
2796,10:34:06,11.01,--,59,64959,卖盘
2797,10:34:03,11.01,-0.01,295,324795,卖盘
2798,10:34:00,11.02,--,345,380190,买盘
2799,10:33:57,11.02,0.01,51,56202,买盘
2800,10:33:54,11.01,--,216,237816,卖盘
2801,10:33:51,11.01,--,31,34131,卖盘
2802,10:33:48,11.01,-0.01,20,22020,中性盘
2803,10:33:45,11.02,0.01,140,154280,买盘
2804,10:33:42,11.01,-0.01,148,162948,卖盘
2805,10:33:39,11.02,--,7,7714,买盘
2806,10:33:36,11.02,--,10,11020,买盘
2807,10:33:33,11.02,--,10,11020,买盘
2808,10:33:30,11.02,--,12,13224,买盘
2809,10:33:27,11.02,--,17,18734,买盘
2810,10:33:24,11.02,0.02,2,2204,买盘
2811,10:33:15,11.0,-0.02,1564,1720400,卖盘
2812,10:33:12,11.02,--,28,30856,买盘
2813,10:33:09,11.02,--,63,69426,买盘
2814,10:33:06,11.02,--,56,61712,买盘
2815,10:33:03,11.02,--,53,58406,买盘
2816,10:33:00,11.02,--,5,5510,买盘
2817,10:32:57,11.02,-0.01,398,438596,卖盘
2818,10:32:54,11.03,--,2,2206,买盘
2819,10:32:45,11.03,--,5,5515,买盘
2820,10:32:39,11.03,--,3,3309,买盘
2821,10:32:33,11.03,--,5,5515,买盘
2822,10:32:30,11.03,0.01,27,29781,买盘
2823,10:32:27,11.02,-0.01,25,27550,卖盘
2824,10:32:24,11.03,0.01,5,5515,买盘
2825,10:32:21,11.02,--,12,13224,卖盘
2826,10:32:18,11.02,--,35,38570,卖盘
2827,10:32:15,11.02,--,178,196156,卖盘
2828,10:32:12,11.02,-0.01,220,242440,卖盘
2829,10:32:09,11.03,--,71,78313,买盘
2830,10:32:06,11.03,--,17,18751,买盘
2831,10:32:03,11.03,--,14,15442,买盘
2832,10:32:00,11.03,--,25,27575,卖盘
2833,10:31:57,11.03,--,341,376123,买盘
2834,10:31:54,11.03,0.01,205,226115,买盘
2835,10:31:48,11.02,-0.01,1,1102,卖盘
2836,10:31:45,11.03,--,7,7721,卖盘
2837,10:31:42,11.03,--,11,12133,卖盘
2838,10:31:39,11.03,--,59,65076,买盘
