,time,price,change,volume,amount,type
0,15:00:03,11.72,--,3623,4246156,买盘
1,14:57:00,11.72,0.02,45,52740,买盘
2,14:56:54,11.7,-0.02,39,45630,卖盘
3,14:56:51,11.72,0.02,326,382072,买盘
4,14:56:45,11.7,--,8,9360,卖盘
5,14:56:42,11.7,--,640,748800,卖盘
6,14:56:39,11.7,--,26,30419,卖盘
7,14:56:33,11.7,--,14,16379,卖盘
8,14:56:30,11.7,-0.01,305,356850,卖盘
9,14:56:18,11.71,0.01,68,80096,买盘
10,14:56:15,11.7,0.01,200,234000,买盘
11,14:56:12,11.69,--,8,9352,买盘
12,14:56:09,11.69,-0.01,8,9352,买盘
13,14:56:06,11.7,-0.01,100,117000,买盘
14,14:56:00,11.71,0.01,811,949681,买盘
15,14:55:57,11.7,0.02,90,105300,买盘
16,14:55:54,11.68,-0.01,33,38544,卖盘
17,14:55:51,11.69,--,14,16366,买盘
18,14:55:48,11.69,-0.02,73,85337,买盘
19,14:55:45,11.71,0.03,355,415705,买盘
20,14:55:42,11.68,--,35,40880,卖盘
21,14:55:39,11.68,--,172,201246,卖盘
22,14:55:36,11.68,--,338,394784,卖盘
23,14:55:33,11.68,--,29,33872,卖盘
24,14:55:30,11.68,-0.01,50,58400,卖盘
25,14:55:27,11.69,0.01,38,44422,买盘
26,14:55:24,11.68,--,35,40880,卖盘
27,14:55:21,11.68,--,3,3504,卖盘
28,14:55:18,11.68,--,23,26864,卖盘
29,14:55:15,11.68,0.03,98,114464,买盘
30,14:55:12,11.65,-0.03,3,3495,卖盘
31,14:55:06,11.68,0.02,84,98112,买盘
32,14:55:03,11.66,-0.01,279,325314,卖盘
33,14:55:00,11.67,-0.01,15,17505,卖盘
34,14:54:57,11.68,-0.01,40,46720,卖盘
35,14:54:54,11.69,--,13,15197,卖盘
36,14:54:51,11.69,0.01,518,605542,卖盘
37,14:54:48,11.68,--,78,91104,卖盘
38,14:54:45,11.68,--,18,21024,卖盘
39,14:54:42,11.68,--,10,11680,卖盘
40,14:54:39,11.68,--,510,595680,卖盘
41,14:54:36,11.68,-0.01,18,21024,卖盘
42,14:54:33,11.69,--,12,14028,买盘
43,14:54:27,11.69,0.01,13,15197,买盘
44,14:54:21,11.68,-0.01,6,7008,卖盘
45,14:54:18,11.69,-0.01,23,26887,中性盘
46,14:54:15,11.7,0.01,18,21060,买盘
47,14:54:12,11.69,--,79,92351,卖盘
48,14:54:09,11.69,0.01,5,5845,买盘
49,14:54:06,11.68,-0.01,27,32353,卖盘
50,14:54:03,11.69,--,536,626584,卖盘
51,14:54:00,11.69,--,7,8533,卖盘
52,14:53:57,11.69,--,19,22211,卖盘
53,14:53:48,11.69,-0.01,24,28056,卖盘
54,14:53:45,11.7,0.01,16,18720,买盘
55,14:53:39,11.69,-0.01,49,57281,卖盘
56,14:53:36,11.7,--,200,234000,买盘
57,14:53:30,11.7,0.01,30,35100,买盘
58,14:53:27,11.69,--,44,51436,买盘
59,14:53:21,11.69,--,2,2338,买盘
60,14:53:15,11.69,-0.01,7,8183,卖盘
61,14:53:12,11.7,0.02,41,47970,买盘
62,14:53:09,11.68,-0.01,14,16352,卖盘
63,14:53:03,11.69,-0.01,20,23380,卖盘
64,14:53:00,11.7,0.01,10,11700,买盘
65,14:52:57,11.69,-0.01,34,39746,卖盘
66,14:52:54,11.7,--,265,310050,卖盘
67,14:52:51,11.7,--,37,43290,卖盘
68,14:52:48,11.7,--,82,95940,卖盘
69,14:52:45,11.7,--,252,294840,卖盘
70,14:52:42,11.7,--,13,15209,卖盘
71,14:52:39,11.7,--,10,11700,卖盘
72,14:52:36,11.7,--,154,180180,卖盘
73,14:52:33,11.7,--,536,627120,卖盘
74,14:52:30,11.7,--,40,46800,卖盘
75,14:52:27,11.7,--,124,145080,卖盘
76,14:52:24,11.7,--,110,128699,买盘
77,14:52:21,11.7,--,7,8189,卖盘
78,14:52:18,11.7,0.01,292,341640,买盘
79,14:52:15,11.69,-0.01,11,12859,卖盘
80,14:52:12,11.7,--,14,16379,卖盘
81,14:52:09,11.7,--,140,163800,中性盘
82,14:52:06,11.7,--,61,71370,卖盘
83,14:52:03,11.7,--,24,28080,卖盘
84,14:52:00,11.7,--,11,12870,卖盘
85,14:51:57,11.7,0.02,78,92406,买盘
86,14:51:54,11.68,-0.02,1,1168,卖盘
87,14:51:51,11.7,--,53,62033,卖盘
88,14:51:48,11.7,0.02,465,545196,买盘
89,14:51:45,11.68,-0.02,9,10512,卖盘
90,14:51:42,11.7,0.02,250,292500,买盘
91,14:51:39,11.68,--,33,38544,卖盘
92,14:51:36,11.68,-0.02,1,1168,卖盘
93,14:51:30,11.7,0.02,445,520649,买盘
94,14:51:27,11.68,-0.01,15,17520,卖盘
95,14:51:24,11.69,0.01,81,94689,买盘
96,14:51:21,11.68,--,3,3504,卖盘
97,14:51:18,11.68,-0.01,109,127312,卖盘
98,14:51:15,11.69,0.01,622,727118,买盘
99,14:51:12,11.68,0.02,77,89936,买盘
100,14:51:09,11.66,-0.01,45,52470,卖盘
101,14:51:06,11.67,-0.01,9,10503,卖盘
102,14:51:03,11.68,0.01,36,42048,买盘
103,14:50:57,11.67,--,2,2334,卖盘
104,14:50:54,11.67,0.01,15,17505,买盘
105,14:50:51,11.66,0.01,5,5830,卖盘
106,14:50:48,11.65,-0.01,62,72230,卖盘
107,14:50:45,11.66,--,52,60632,卖盘
108,14:50:42,11.66,--,3,3498,卖盘
109,14:50:39,11.66,-0.01,204,237864,卖盘
110,14:50:36,11.67,--,50,58350,卖盘
111,14:50:33,11.67,--,26,30342,卖盘
112,14:50:30,11.67,--,5,5835,卖盘
113,14:50:27,11.67,--,11,12837,卖盘
114,14:50:24,11.67,--,42,49014,卖盘
115,14:50:21,11.67,0.01,148,172716,买盘
116,14:50:18,11.66,--,96,111936,卖盘
117,14:50:15,11.66,-0.01,27,31482,卖盘
118,14:50:12,11.67,0.01,27,31509,中性盘
119,14:50:03,11.66,-0.02,45,52470,卖盘
120,14:49:57,11.68,-0.01,95,110960,卖盘
121,14:49:54,11.69,0.03,585,683865,买盘
122,14:49:51,11.66,--,7,8162,卖盘
123,14:49:48,11.66,-0.01,62,72292,卖盘
124,14:49:45,11.67,0.01,105,122535,买盘
125,14:49:42,11.66,--,20,23320,卖盘
126,14:49:39,11.66,-0.01,40,46640,卖盘
127,14:49:36,11.67,--,121,141207,买盘
128,14:49:33,11.67,0.01,597,696699,买盘
129,14:49:30,11.66,--,59,68794,卖盘
130,14:49:27,11.66,-0.01,62,72292,卖盘
131,14:49:24,11.67,--,107,124869,买盘
132,14:49:21,11.67,--,3,3501,买盘
133,14:49:18,11.67,0.01,9,10503,买盘
134,14:49:15,11.66,--,9,10494,卖盘
135,14:49:12,11.66,--,20,23320,卖盘
136,14:49:09,11.66,--,105,122430,卖盘
137,14:49:06,11.66,--,531,619146,卖盘
138,14:48:57,11.66,-0.01,32,37312,卖盘
139,14:48:54,11.67,--,74,86358,买盘
140,14:48:48,11.67,--,7,8169,买盘
141,14:48:45,11.67,0.01,10,11670,买盘
142,14:48:39,11.66,--,1,1166,卖盘
143,14:48:36,11.66,--,14,16324,卖盘
144,14:48:33,11.66,-0.01,88,102608,卖盘
145,14:48:30,11.67,--,5,5835,卖盘
146,14:48:27,11.67,0.01,13,15171,买盘
147,14:48:24,11.66,0.01,12,13992,买盘
148,14:48:21,11.65,-0.01,8,9320,卖盘
149,14:48:18,11.66,--,78,90948,卖盘
150,14:48:15,11.66,--,20,23320,卖盘
151,14:48:12,11.66,-0.01,21,24486,卖盘
152,14:48:09,11.67,0.01,281,327927,买盘
153,14:48:06,11.66,--,24,27984,买盘
154,14:48:03,11.66,0.01,20,23320,买盘
155,14:48:00,11.65,--,5,5825,卖盘
156,14:47:57,11.65,-0.01,24,27960,卖盘
157,14:47:54,11.66,--,82,95612,卖盘
158,14:47:51,11.66,--,10,11893,买盘
159,14:47:48,11.66,0.01,10,11660,买盘
160,14:47:45,11.65,-0.01,1,1165,卖盘
161,14:47:42,11.66,0.01,6,6996,买盘
162,14:47:39,11.65,-0.01,3,3495,卖盘
163,14:47:36,11.66,0.01,5,5830,中性盘
164,14:47:33,11.65,-0.01,68,79220,卖盘
165,14:47:30,11.66,--,10,11660,卖盘
166,14:47:27,11.66,-0.01,14,16324,卖盘
167,14:47:24,11.67,0.02,48,56016,买盘
168,14:47:18,11.65,-0.02,23,26795,卖盘
169,14:47:12,11.67,0.01,22,25674,买盘
170,14:47:09,11.66,--,10,11660,买盘
171,14:47:06,11.66,0.01,42,48972,买盘
172,14:47:03,11.65,--,214,249310,卖盘
173,14:46:57,11.65,-0.01,95,110675,卖盘
174,14:46:54,11.66,--,36,41976,买盘
175,14:46:51,11.66,--,17,19822,买盘
176,14:46:48,11.66,0.01,19,22154,买盘
177,14:46:45,11.65,-0.01,53,61745,卖盘
178,14:46:42,11.66,--,23,26818,买盘
179,14:46:39,11.66,0.01,71,82786,买盘
180,14:46:36,11.65,-0.02,366,426390,卖盘
181,14:46:33,11.67,--,102,119034,买盘
182,14:46:30,11.67,0.01,48,56016,买盘
183,14:46:27,11.66,--,55,64130,卖盘
184,14:46:24,11.66,--,20,23320,卖盘
185,14:46:21,11.66,0.01,66,76956,买盘
186,14:46:18,11.65,-0.01,190,221350,卖盘
187,14:46:15,11.66,-0.01,10,11660,中性盘
188,14:46:12,11.67,0.01,74,86358,买盘
189,14:46:09,11.66,--,90,104940,买盘
190,14:46:06,11.66,--,9,10494,卖盘
191,14:46:03,11.66,--,10,11660,卖盘
192,14:46:00,11.66,0.01,10,11660,中性盘
193,14:45:57,11.65,-0.01,78,90870,卖盘
194,14:45:54,11.66,--,108,125928,卖盘
195,14:45:51,11.66,--,29,33814,卖盘
196,14:45:48,11.66,--,8,9328,卖盘
197,14:45:42,11.66,--,19,22154,卖盘
198,14:45:39,11.66,--,21,24486,卖盘
199,14:45:30,11.66,--,10,11660,卖盘
200,14:45:27,11.66,--,39,45474,卖盘
201,14:45:24,11.66,--,174,202884,卖盘
202,14:45:21,11.66,-0.01,8,9328,卖盘
203,14:45:18,11.67,0.01,23,26841,买盘
204,14:45:15,11.66,-0.01,32,37312,卖盘
205,14:45:12,11.67,0.01,114,133038,买盘
206,14:45:09,11.66,--,19,22154,卖盘
207,14:45:06,11.66,--,79,92114,卖盘
208,14:45:00,11.66,--,5,5830,卖盘
209,14:44:57,11.66,--,45,52470,卖盘
210,14:44:54,11.66,--,133,155078,卖盘
211,14:44:51,11.66,-0.01,317,369622,卖盘
212,14:44:48,11.67,0.01,75,87525,买盘
213,14:44:42,11.66,--,4,4664,卖盘
214,14:44:39,11.66,--,1,1166,卖盘
215,14:44:36,11.66,--,14,16324,卖盘
216,14:44:27,11.66,-0.01,15,17490,卖盘
217,14:44:24,11.67,0.01,74,86358,买盘
218,14:44:21,11.66,-0.01,87,101442,卖盘
219,14:44:18,11.67,--,409,477303,卖盘
220,14:44:09,11.67,--,3,3501,卖盘
221,14:44:06,11.67,--,26,30342,卖盘
222,14:44:03,11.67,--,95,110865,卖盘
223,14:43:57,11.67,-0.01,28,32676,卖盘
224,14:43:54,11.68,0.01,74,86432,买盘
225,14:43:51,11.67,-0.01,18,21006,卖盘
226,14:43:48,11.68,--,108,126144,买盘
227,14:43:45,11.68,0.01,48,56064,买盘
228,14:43:39,11.67,-0.01,5,5835,卖盘
229,14:43:36,11.68,0.01,7,8176,买盘
230,14:43:30,11.67,0.01,27,31509,买盘
231,14:43:27,11.66,--,2,2332,卖盘
232,14:43:24,11.66,-0.02,85,99110,卖盘
233,14:43:21,11.68,0.02,10,11680,买盘
234,14:43:18,11.66,--,18,20988,卖盘
235,14:43:15,11.66,--,11,12826,卖盘
236,14:43:12,11.66,--,64,74624,卖盘
237,14:43:09,11.66,-0.02,24,27984,卖盘
238,14:43:06,11.68,0.02,307,358576,买盘
239,14:43:00,11.66,--,8,9328,卖盘
240,14:42:57,11.66,--,10,11660,卖盘
241,14:42:54,11.66,-0.02,30,34980,卖盘
242,14:42:51,11.68,0.02,15,17520,买盘
243,14:42:42,11.66,-0.01,10,11660,卖盘
244,14:42:39,11.67,--,48,56016,买盘
245,14:42:36,11.67,--,11,12837,卖盘
246,14:42:33,11.67,--,11,12837,买盘
247,14:42:30,11.67,--,28,32676,卖盘
248,14:42:27,11.67,--,15,17505,卖盘
249,14:42:24,11.67,--,85,99195,卖盘
250,14:42:21,11.67,--,34,39678,卖盘
251,14:42:15,11.67,--,5,5835,卖盘
252,14:42:12,11.67,--,17,19839,卖盘
253,14:42:06,11.67,--,15,17505,卖盘
254,14:42:00,11.67,--,15,17505,卖盘
255,14:41:57,11.67,--,80,93360,卖盘
256,14:41:51,11.67,--,7,8169,卖盘
257,14:41:48,11.67,--,20,23340,卖盘
258,14:41:45,11.67,-0.01,13,15171,卖盘
259,14:41:42,11.68,0.01,5,5840,买盘
260,14:41:36,11.67,--,9,10503,卖盘
261,14:41:33,11.67,--,48,56016,卖盘
262,14:41:30,11.67,--,3,3501,卖盘
263,14:41:27,11.67,--,5,5835,卖盘
264,14:41:24,11.67,--,20,23340,卖盘
265,14:41:21,11.67,-0.01,16,18672,卖盘
266,14:41:18,11.68,0.01,14,16352,买盘
267,14:41:15,11.67,--,15,17505,卖盘
268,14:41:12,11.67,-0.01,10,11670,卖盘
269,14:41:09,11.68,0.01,98,114464,买盘
270,14:41:06,11.67,--,233,271911,卖盘
271,14:41:03,11.67,--,6,7002,卖盘
272,14:40:57,11.67,--,6,7002,卖盘
273,14:40:54,11.67,--,64,74688,卖盘
274,14:40:51,11.67,--,169,197223,卖盘
275,14:40:48,11.67,-0.01,8,9336,卖盘
276,14:40:45,11.68,--,27,31536,买盘
277,14:40:42,11.68,0.01,11,12848,买盘
278,14:40:39,11.67,--,1,1167,卖盘
279,14:40:36,11.67,-0.01,97,113199,卖盘
280,14:40:33,11.68,-0.01,657,767376,卖盘
281,14:40:30,11.69,0.01,621,725949,买盘
282,14:40:27,11.68,-0.01,44,51392,卖盘
283,14:40:24,11.69,0.01,22,25718,买盘
284,14:40:21,11.68,--,11,12848,卖盘
285,14:40:18,11.68,--,31,36208,卖盘
286,14:40:15,11.68,--,82,95776,卖盘
287,14:40:12,11.68,--,10,11680,卖盘
288,14:40:09,11.68,-0.01,5,5840,卖盘
289,14:40:06,11.69,0.01,19,22211,买盘
290,14:40:03,11.68,--,12,14016,卖盘
291,14:40:00,11.68,-0.01,44,51392,卖盘
292,14:39:57,11.69,--,23,26910,卖盘
293,14:39:54,11.69,-0.01,79,92351,卖盘
294,14:39:51,11.7,--,7,8189,卖盘
295,14:39:48,11.7,--,55,64349,卖盘
296,14:39:45,11.7,0.01,278,326406,买盘
297,14:39:39,11.69,0.01,18,21042,买盘
298,14:39:36,11.68,-0.01,48,56064,卖盘
299,14:39:33,11.69,--,57,66633,买盘
300,14:39:30,11.69,0.01,12,14028,买盘
301,14:39:27,11.68,--,15,17520,卖盘
302,14:39:21,11.68,--,19,22192,卖盘
303,14:39:18,11.68,--,11,12848,卖盘
304,14:39:15,11.68,-0.01,60,70080,卖盘
305,14:39:12,11.69,--,90,105210,买盘
306,14:39:06,11.69,0.01,8,9352,买盘
307,14:39:03,11.68,--,19,22192,卖盘
308,14:39:00,11.68,--,44,51392,卖盘
309,14:38:57,11.68,--,22,25696,卖盘
310,14:38:54,11.68,--,95,110960,卖盘
311,14:38:51,11.68,--,5,5840,卖盘
312,14:38:48,11.68,--,15,17520,卖盘
313,14:38:45,11.68,-0.01,5,5840,卖盘
314,14:38:42,11.69,0.01,10,11690,买盘
315,14:38:39,11.68,-0.01,7,8176,卖盘
316,14:38:36,11.69,0.01,49,57281,买盘
317,14:38:33,11.68,-0.01,27,31536,卖盘
318,14:38:30,11.69,0.01,7,8183,中性盘
319,14:38:27,11.68,-0.01,42,49056,卖盘
320,14:38:21,11.69,-0.01,5,5845,卖盘
321,14:38:18,11.7,0.01,3,3510,买盘
322,14:38:15,11.69,--,6,7014,卖盘
323,14:38:12,11.69,0.01,3,3507,中性盘
324,14:38:09,11.68,-0.02,4,4672,卖盘
325,14:38:06,11.7,-0.01,11,12870,中性盘
326,14:38:03,11.71,0.02,36,42156,买盘
327,14:37:54,11.69,-0.01,52,60788,卖盘
328,14:37:51,11.7,--,304,355680,卖盘
329,14:37:45,11.7,--,5,5850,卖盘
330,14:37:42,11.7,-0.01,30,35100,卖盘
331,14:37:39,11.71,--,16,18736,卖盘
332,14:37:36,11.71,--,37,43327,卖盘
333,14:37:30,11.71,-0.01,19,22249,卖盘
334,14:37:27,11.72,0.01,40,46880,买盘
335,14:37:24,11.71,--,14,16394,卖盘
336,14:37:21,11.71,--,7,8197,卖盘
337,14:37:18,11.71,--,21,24591,卖盘
338,14:37:15,11.71,0.01,12,14052,中性盘
339,14:37:12,11.7,--,72,84240,卖盘
340,14:37:09,11.7,--,16,18720,卖盘
341,14:37:06,11.7,--,414,484379,卖盘
342,14:37:00,11.7,-0.01,25,29250,卖盘
343,14:36:57,11.71,--,14,16394,买盘
344,14:36:54,11.71,--,11,12881,买盘
345,14:36:51,11.71,--,38,44498,买盘
346,14:36:48,11.71,0.01,133,155743,买盘
347,14:36:45,11.7,--,22,25740,卖盘
348,14:36:42,11.7,--,108,126359,卖盘
349,14:36:33,11.7,--,7,8189,卖盘
350,14:36:30,11.7,--,30,35100,卖盘
351,14:36:27,11.7,--,4,4680,卖盘
352,14:36:24,11.7,-0.01,5,5850,卖盘
353,14:36:21,11.71,0.01,13,15223,买盘
354,14:36:18,11.7,--,10,11700,卖盘
355,14:36:15,11.7,--,8,9360,卖盘
356,14:36:12,11.7,--,5,5850,卖盘
357,14:36:09,11.7,-0.01,94,109980,卖盘
358,14:36:06,11.71,--,346,405166,买盘
359,14:36:03,11.71,--,24,28104,买盘
360,14:36:00,11.71,0.01,62,72602,买盘
361,14:35:57,11.7,-0.01,52,60839,卖盘
362,14:35:54,11.71,0.01,18,21078,买盘
363,14:35:51,11.7,-0.01,24,28080,卖盘
364,14:35:48,11.71,0.01,129,151059,买盘
365,14:35:42,11.7,--,10,11700,卖盘
366,14:35:39,11.7,-0.01,69,80730,卖盘
367,14:35:36,11.71,0.01,29,33959,买盘
368,14:35:33,11.7,--,10,11700,卖盘
369,14:35:27,11.7,--,11,12870,卖盘
370,14:35:21,11.7,--,5,5850,卖盘
371,14:35:18,11.7,--,10,11700,卖盘
372,14:35:12,11.7,--,10,11700,卖盘
373,14:35:09,11.7,-0.01,13,15209,卖盘
374,14:35:06,11.71,0.01,36,42156,买盘
375,14:35:03,11.7,-0.01,5,5850,卖盘
376,14:35:00,11.71,0.01,17,19907,买盘
377,14:34:51,11.7,-0.01,26,30419,卖盘
378,14:34:48,11.71,--,124,145204,买盘
379,14:34:45,11.71,0.01,22,25762,买盘
380,14:34:42,11.7,-0.01,7,8189,卖盘
381,14:34:39,11.71,0.01,16,18736,买盘
382,14:34:36,11.7,--,5,5850,卖盘
383,14:34:27,11.7,--,15,17550,卖盘
384,14:34:15,11.7,--,132,154440,卖盘
385,14:34:12,11.7,0.02,710,830934,买盘
386,14:34:09,11.68,--,44,51392,卖盘
387,14:34:06,11.68,-0.01,11,12848,卖盘
388,14:34:03,11.69,-0.01,3,3507,中性盘
389,14:34:00,11.7,0.02,16,18720,买盘
390,14:33:57,11.68,-0.01,17,19856,卖盘
391,14:33:54,11.69,-0.01,4,4676,中性盘
392,14:33:48,11.7,--,134,156780,买盘
393,14:33:45,11.7,0.01,101,118170,买盘
394,14:33:42,11.69,0.01,9,10521,中性盘
395,14:33:33,11.68,-0.01,64,74752,卖盘
396,14:33:30,11.69,--,7,8183,卖盘
397,14:33:27,11.69,--,25,29225,卖盘
398,14:33:24,11.69,--,6,7014,卖盘
399,14:33:21,11.69,0.01,33,38577,买盘
400,14:33:18,11.68,-0.02,10,11680,卖盘
401,14:33:15,11.7,0.02,195,228150,买盘
402,14:33:12,11.68,-0.01,160,186880,卖盘
403,14:33:09,11.69,0.01,1,1169,买盘
404,14:33:06,11.68,-0.01,11,12848,卖盘
405,14:33:03,11.69,0.01,50,58450,买盘
406,14:33:00,11.68,--,25,29200,卖盘
407,14:32:54,11.68,--,21,24528,卖盘
408,14:32:51,11.68,-0.01,23,26864,卖盘
409,14:32:48,11.69,0.01,138,161322,买盘
410,14:32:45,11.68,--,80,93440,卖盘
411,14:32:42,11.68,--,7,8176,卖盘
412,14:32:39,11.68,-0.01,18,21024,卖盘
413,14:32:36,11.69,0.01,5,5845,买盘
414,14:32:30,11.68,--,21,24528,卖盘
415,14:32:27,11.68,--,3,3504,卖盘
416,14:32:24,11.68,--,1,1168,卖盘
417,14:32:21,11.68,-0.01,32,37376,卖盘
418,14:32:18,11.69,--,21,24549,买盘
419,14:32:15,11.69,--,2,2338,中性盘
420,14:32:12,11.69,--,34,39746,买盘
421,14:32:09,11.69,-0.01,22,25718,卖盘
422,14:32:06,11.7,0.02,130,152100,买盘
423,14:32:03,11.68,-0.02,7,8176,卖盘
424,14:32:00,11.7,0.01,27,31589,买盘
425,14:31:54,11.69,0.01,16,18704,卖盘
426,14:31:51,11.68,-0.02,196,228928,卖盘
427,14:31:48,11.7,0.02,34,39780,买盘
428,14:31:45,11.68,--,9,10512,卖盘
429,14:31:36,11.68,--,13,15184,卖盘
430,14:31:33,11.68,--,59,68912,卖盘
431,14:31:24,11.68,--,1,1168,卖盘
432,14:31:12,11.68,--,1,1168,卖盘
433,14:31:09,11.68,--,5,5840,买盘
434,14:31:03,11.68,0.01,1,1168,买盘
435,14:31:00,11.67,-0.01,5,5835,卖盘
436,14:30:57,11.68,0.01,25,29200,买盘
437,14:30:54,11.67,--,1,1167,卖盘
438,14:30:51,11.67,-0.03,20,23340,卖盘
439,14:30:48,11.7,0.03,124,145080,买盘
440,14:30:45,11.67,-0.01,68,80371,卖盘
441,14:30:42,11.68,--,12,14016,卖盘
442,14:30:39,11.68,--,47,54896,卖盘
443,14:30:36,11.68,-0.01,3,3504,中性盘
444,14:30:30,11.69,0.01,17,19873,买盘
445,14:30:27,11.68,--,7,8176,卖盘
446,14:30:24,11.68,--,42,49056,卖盘
447,14:30:21,11.68,-0.01,63,73584,卖盘
448,14:30:12,11.69,--,15,17535,卖盘
449,14:30:09,11.69,--,405,473445,卖盘
450,14:30:06,11.69,--,10,11690,卖盘
451,14:30:03,11.69,--,8,9352,卖盘
452,14:29:54,11.69,--,1,1169,卖盘
453,14:29:48,11.69,0.01,6,7014,买盘
454,14:29:45,11.68,-0.01,3,3504,卖盘
455,14:29:36,11.69,0.01,30,35070,中性盘
456,14:29:33,11.68,-0.01,110,128480,卖盘
457,14:29:30,11.69,--,179,209251,卖盘
458,14:29:27,11.69,--,6,7014,卖盘
459,14:29:24,11.69,--,11,12859,卖盘
460,14:29:21,11.69,--,19,22211,卖盘
461,14:29:09,11.69,--,1,1169,卖盘
462,14:29:03,11.69,--,38,44422,卖盘
463,14:29:00,11.69,--,209,244321,买盘
464,14:28:57,11.69,--,87,101703,买盘
465,14:28:54,11.69,0.01,230,268870,买盘
466,14:28:51,11.68,-0.01,12,14016,卖盘
467,14:28:48,11.69,0.02,40,46760,买盘
468,14:28:45,11.67,--,12,14004,卖盘
469,14:28:42,11.67,-0.01,50,58350,卖盘
470,14:28:39,11.68,0.01,1,1168,中性盘
471,14:28:33,11.67,--,12,14004,卖盘
472,14:28:12,11.67,-0.01,4,4668,卖盘
473,14:28:09,11.68,--,14,16352,卖盘
474,14:28:06,11.68,--,24,28032,卖盘
475,14:28:00,11.68,--,7,8176,卖盘
476,14:27:54,11.68,--,8,9344,卖盘
477,14:27:51,11.68,--,21,24528,卖盘
478,14:27:48,11.68,--,92,107456,买盘
479,14:27:45,11.68,0.01,5,5840,买盘
480,14:27:42,11.67,--,10,11670,卖盘
481,14:27:39,11.67,--,57,66519,卖盘
482,14:27:36,11.67,-0.01,6,7002,卖盘
483,14:27:33,11.68,--,37,43216,卖盘
484,14:27:30,11.68,--,18,21024,卖盘
485,14:27:27,11.68,0.01,146,170528,买盘
486,14:27:24,11.67,--,259,302253,卖盘
487,14:27:21,11.67,-0.01,4,4668,卖盘
488,14:27:18,11.68,--,2,2336,买盘
489,14:27:15,11.68,0.01,3,3504,买盘
490,14:27:12,11.67,-0.01,13,15171,卖盘
491,14:27:09,11.68,--,76,88768,卖盘
492,14:27:06,11.68,--,7,8176,卖盘
493,14:27:03,11.68,--,3,3504,卖盘
494,14:26:57,11.68,--,31,36208,卖盘
495,14:26:54,11.68,--,50,58400,卖盘
496,14:26:51,11.68,0.01,10,11680,卖盘
497,14:26:48,11.67,--,54,63018,卖盘
498,14:26:45,11.67,--,44,51348,卖盘
499,14:26:42,11.67,--,9,10503,卖盘
500,14:26:39,11.67,--,13,15171,买盘
501,14:26:36,11.67,--,3,3501,卖盘
502,14:26:33,11.67,0.01,47,54849,买盘
503,14:26:24,11.66,--,5,5830,卖盘
504,14:26:21,11.66,--,1,1166,卖盘
505,14:26:15,11.66,0.01,291,339306,买盘
506,14:26:12,11.65,-0.01,35,40775,卖盘
507,14:26:09,11.66,0.01,21,24486,买盘
508,14:26:06,11.65,--,3,3495,卖盘
509,14:26:03,11.65,--,5,5825,卖盘
510,14:26:00,11.65,-0.01,24,27960,卖盘
511,14:25:57,11.66,--,19,22154,买盘
512,14:25:54,11.66,--,85,99110,卖盘
513,14:25:51,11.66,--,24,27984,卖盘
514,14:25:48,11.66,--,134,156244,卖盘
515,14:25:45,11.66,--,6,6996,卖盘
516,14:25:42,11.66,--,37,43142,卖盘
517,14:25:39,11.66,-0.01,23,26818,卖盘
518,14:25:36,11.67,0.01,31,36177,买盘
519,14:25:33,11.66,--,66,76956,卖盘
520,14:25:27,11.66,--,1,1166,卖盘
521,14:25:24,11.66,--,10,11660,卖盘
522,14:25:21,11.66,-0.01,57,66462,卖盘
523,14:25:18,11.67,0.01,29,33843,买盘
524,14:25:15,11.66,-0.01,47,54802,卖盘
525,14:25:12,11.67,0.01,199,232233,买盘
526,14:25:09,11.66,--,3,3498,卖盘
527,14:25:06,11.66,-0.01,25,29150,卖盘
528,14:25:03,11.67,0.01,36,42012,买盘
529,14:24:54,11.66,--,1,1166,卖盘
530,14:24:51,11.66,-0.01,31,36146,卖盘
531,14:24:48,11.67,--,143,166881,买盘
532,14:24:45,11.67,--,37,43179,卖盘
533,14:24:36,11.67,-0.01,59,68853,卖盘
534,14:24:33,11.68,0.01,11,12848,买盘
535,14:24:24,11.67,--,60,70020,卖盘
536,14:24:21,11.67,-0.01,330,385110,卖盘
537,14:24:18,11.68,--,18,21024,买盘
538,14:24:15,11.68,0.01,10,11680,买盘
539,14:24:12,11.67,--,3,3501,卖盘
540,14:24:03,11.67,--,13,15171,卖盘
541,14:24:00,11.67,--,12,14004,卖盘
542,14:23:57,11.67,--,12,14004,卖盘
543,14:23:51,11.67,-0.01,43,50181,卖盘
544,14:23:48,11.68,0.01,226,263968,买盘
545,14:23:45,11.67,--,1,1167,卖盘
546,14:23:36,11.67,-0.01,1,1167,卖盘
547,14:23:33,11.68,0.01,20,23360,买盘
548,14:23:30,11.67,-0.01,59,68853,卖盘
549,14:23:27,11.68,--,4,4672,买盘
550,14:23:24,11.68,--,1,1168,卖盘
551,14:23:21,11.68,--,49,57232,中性盘
552,14:23:18,11.68,--,156,182208,买盘
553,14:23:15,11.68,0.01,38,44384,买盘
554,14:23:12,11.67,--,4,4668,卖盘
555,14:23:06,11.67,--,30,35010,卖盘
556,14:23:03,11.67,-0.01,159,185553,卖盘
557,14:23:00,11.68,--,15,17520,买盘
558,14:22:57,11.68,--,39,45552,卖盘
559,14:22:51,11.68,--,35,40880,卖盘
560,14:22:48,11.68,--,100,116800,买盘
561,14:22:45,11.68,--,29,33872,卖盘
562,14:22:36,11.68,--,6,7008,卖盘
563,14:22:33,11.68,0.01,14,16352,中性盘
564,14:22:18,11.67,-0.01,63,73521,卖盘
565,14:22:15,11.68,--,18,21024,买盘
566,14:22:09,11.68,--,10,11680,买盘
567,14:22:03,11.68,0.01,36,42048,买盘
568,14:22:00,11.67,--,118,137706,卖盘
569,14:21:57,11.67,--,18,21006,卖盘
570,14:21:54,11.67,--,100,116700,卖盘
571,14:21:51,11.67,-0.01,25,29175,卖盘
572,14:21:48,11.68,0.01,147,171696,买盘
573,14:21:45,11.67,--,20,23340,卖盘
574,14:21:42,11.67,--,46,53682,卖盘
575,14:21:39,11.67,--,200,233400,卖盘
576,14:21:33,11.67,-0.01,12,14004,卖盘
577,14:21:30,11.68,0.01,64,74752,买盘
578,14:21:18,11.67,-0.01,11,12837,卖盘
579,14:21:15,11.68,0.01,13,15184,买盘
580,14:21:12,11.67,--,6,7002,买盘
581,14:21:09,11.67,0.01,9,10503,中性盘
582,14:21:00,11.66,-0.03,80,93280,卖盘
583,14:20:57,11.69,0.02,240,280560,买盘
584,14:20:51,11.67,--,18,21006,卖盘
585,14:20:48,11.67,0.01,68,79356,买盘
586,14:20:39,11.66,-0.02,9,10494,卖盘
587,14:20:24,11.68,0.02,7,8176,买盘
588,14:20:18,11.66,--,3,3498,卖盘
589,14:20:15,11.66,--,4,4664,卖盘
590,14:20:12,11.66,-0.03,3,3498,卖盘
591,14:20:06,11.69,0.02,42,49098,买盘
592,14:20:03,11.67,--,2,2334,买盘
593,14:20:00,11.67,-0.01,8,9336,卖盘
594,14:19:54,11.68,--,5,5840,买盘
595,14:19:51,11.68,--,1,1168,卖盘
596,14:19:48,11.68,--,140,163520,买盘
597,14:19:45,11.68,--,79,92272,卖盘
598,14:19:42,11.68,--,15,17520,卖盘
599,14:19:36,11.68,--,14,16352,卖盘
600,14:19:33,11.68,--,39,45552,卖盘
601,14:19:30,11.68,--,12,14016,卖盘
602,14:19:27,11.68,--,60,70080,卖盘
603,14:19:24,11.68,-0.01,3,3504,卖盘
604,14:19:18,11.69,--,1,1169,买盘
605,14:19:15,11.69,0.01,1,1169,买盘
606,14:19:12,11.68,-0.01,33,38544,卖盘
607,14:19:09,11.69,--,182,212758,卖盘
608,14:19:03,11.69,--,2,2338,卖盘
609,14:18:54,11.69,--,3,3507,卖盘
610,14:18:51,11.69,-0.01,22,25718,卖盘
611,14:18:48,11.7,0.01,124,145080,买盘
612,14:18:45,11.69,-0.01,15,17535,卖盘
613,14:18:42,11.7,0.01,68,79560,买盘
614,14:18:39,11.69,--,15,17535,卖盘
615,14:18:33,11.69,--,2,2338,卖盘
616,14:18:24,11.69,--,6,7014,卖盘
617,14:18:21,11.69,--,9,10521,卖盘
618,14:18:18,11.69,-0.01,10,11690,卖盘
619,14:18:12,11.7,--,22,25740,买盘
620,14:18:09,11.7,0.02,50,58500,买盘
621,14:18:06,11.68,-0.01,18,21024,卖盘
622,14:18:03,11.69,-0.01,8,9352,卖盘
623,14:18:00,11.7,0.01,14,16379,买盘
624,14:17:57,11.69,--,9,10521,买盘
625,14:17:51,11.69,--,31,36239,卖盘
626,14:17:48,11.69,0.01,104,121576,买盘
627,14:17:45,11.68,-0.01,7,8176,卖盘
628,14:17:42,11.69,0.01,7,8183,买盘
629,14:17:39,11.68,--,15,17520,卖盘
630,14:17:36,11.68,--,13,15184,卖盘
631,14:17:33,11.68,--,36,42048,买盘
632,14:17:30,11.68,0.01,10,11680,买盘
633,14:17:27,11.67,--,10,11670,买盘
634,14:17:24,11.67,--,2,2334,卖盘
635,14:17:21,11.67,-0.01,75,87525,卖盘
636,14:17:18,11.68,-0.01,41,47888,卖盘
637,14:17:15,11.69,0.01,11,12859,买盘
638,14:17:06,11.68,--,9,10512,卖盘
639,14:16:57,11.68,-0.01,52,60736,卖盘
640,14:16:54,11.69,--,50,58450,卖盘
641,14:16:51,11.69,--,15,17535,卖盘
642,14:16:48,11.69,0.01,54,63126,买盘
643,14:16:39,11.68,-0.01,13,15184,卖盘
644,14:16:36,11.69,0.01,16,18704,买盘
645,14:16:33,11.68,-0.01,36,42048,卖盘
646,14:16:30,11.69,--,19,22211,买盘
647,14:16:27,11.69,--,3,3507,买盘
648,14:16:24,11.69,-0.01,23,26887,卖盘
649,14:16:21,11.7,--,313,367146,卖盘
650,14:16:18,11.7,--,186,217854,买盘
651,14:16:15,11.7,--,47,55926,卖盘
652,14:16:12,11.7,0.01,262,306774,买盘
653,14:16:09,11.69,0.01,12,14028,中性盘
654,14:16:06,11.68,-0.01,43,50224,卖盘
655,14:16:03,11.69,--,9,10521,买盘
656,14:16:00,11.69,-0.01,15,17535,卖盘
657,14:15:57,11.7,--,117,136890,买盘
658,14:15:54,11.7,--,27,31589,买盘
659,14:15:51,11.7,--,44,51480,买盘
660,14:15:48,11.7,--,180,210600,买盘
661,14:15:45,11.7,--,57,66690,买盘
662,14:15:39,11.7,--,19,22230,买盘
663,14:15:36,11.7,--,59,69030,买盘
664,14:15:33,11.7,0.01,21,24570,买盘
665,14:15:30,11.69,--,20,23380,买盘
666,14:15:27,11.69,--,106,123914,卖盘
667,14:15:24,11.69,-0.01,533,623077,卖盘
668,14:15:21,11.7,--,84,98280,买盘
669,14:15:18,11.7,0.01,179,209430,买盘
670,14:15:15,11.69,-0.01,6,7014,卖盘
671,14:15:12,11.7,0.02,29,33930,买盘
672,14:15:09,11.68,-0.01,20,23360,卖盘
673,14:15:06,11.69,--,116,135604,买盘
674,14:15:03,11.69,--,52,60788,买盘
675,14:15:00,11.69,0.01,125,146125,买盘
676,14:14:57,11.68,-0.01,68,79424,卖盘
677,14:14:54,11.69,0.01,50,58450,买盘
678,14:14:45,11.68,-0.01,3,3504,卖盘
679,14:14:42,11.69,0.01,8,9352,买盘
680,14:14:39,11.68,0.01,17,19856,买盘
681,14:14:36,11.67,--,11,12837,卖盘
682,14:14:33,11.67,-0.01,21,24507,卖盘
683,14:14:30,11.68,0.01,109,127312,中性盘
684,14:14:15,11.67,--,98,114366,卖盘
685,14:14:12,11.67,-0.02,7,8169,卖盘
686,14:14:09,11.69,0.02,525,613725,买盘
687,14:14:03,11.67,-0.01,36,42012,卖盘
688,14:14:00,11.68,0.01,130,151840,买盘
689,14:13:57,11.67,--,2,2334,卖盘
690,14:13:54,11.67,-0.01,9,10503,卖盘
691,14:13:51,11.68,0.01,49,57232,买盘
692,14:13:48,11.67,--,59,68853,卖盘
693,14:13:45,11.67,--,326,380442,卖盘
694,14:13:42,11.67,0.01,1884,2199094,买盘
695,14:13:39,11.66,0.01,10,11660,买盘
696,14:13:36,11.65,--,5,5825,卖盘
697,14:13:33,11.65,--,18,20970,卖盘
698,14:13:30,11.65,--,9,10485,卖盘
699,14:13:27,11.65,-0.01,7,8155,卖盘
700,14:13:24,11.66,--,10,11660,买盘
701,14:13:18,11.66,--,32,37312,买盘
702,14:13:15,11.66,0.01,50,58300,买盘
703,14:13:12,11.65,-0.01,8,9320,卖盘
704,14:13:09,11.66,--,44,51304,卖盘
705,14:13:03,11.66,-0.01,7,8162,卖盘
706,14:13:00,11.67,0.01,19,22173,买盘
707,14:12:54,11.66,-0.01,6,6996,中性盘
708,14:12:51,11.67,--,67,78189,买盘
709,14:12:48,11.67,--,10,11670,买盘
710,14:12:39,11.67,--,27,31509,买盘
711,14:12:36,11.67,0.01,110,128370,买盘
712,14:12:33,11.66,-0.01,33,38478,卖盘
713,14:12:30,11.67,0.01,150,175050,买盘
714,14:12:24,11.66,--,10,11660,卖盘
715,14:12:21,11.66,--,25,29150,卖盘
716,14:12:18,11.66,0.01,89,103774,买盘
717,14:12:15,11.65,-0.01,178,207370,卖盘
718,14:12:12,11.66,-0.01,5,5830,中性盘
719,14:12:09,11.67,0.01,696,812232,买盘
720,14:12:06,11.66,0.01,12,13992,买盘
721,14:12:03,11.65,--,36,41940,卖盘
722,14:12:00,11.65,--,178,207370,卖盘
723,14:11:48,11.65,--,6,6990,卖盘
724,14:11:33,11.65,--,10,11650,卖盘
725,14:11:24,11.65,-0.01,64,74560,卖盘
726,14:11:21,11.66,0.01,85,99110,买盘
727,14:11:18,11.65,--,11,12815,卖盘
728,14:11:15,11.65,-0.01,329,383285,卖盘
729,14:11:12,11.66,0.01,42,48972,买盘
730,14:11:09,11.65,--,3,3495,卖盘
731,14:11:03,11.65,--,6,6990,卖盘
732,14:11:00,11.65,--,10,11650,卖盘
733,14:10:51,11.65,-0.01,57,66405,卖盘
734,14:10:48,11.66,0.01,8,9328,中性盘
735,14:10:45,11.65,-0.01,57,66405,卖盘
736,14:10:42,11.66,0.01,80,93280,买盘
737,14:10:39,11.65,-0.01,46,53590,卖盘
738,14:10:33,11.66,0.01,20,23320,买盘
739,14:10:30,11.65,--,29,33785,卖盘
740,14:10:24,11.65,-0.01,7,8155,卖盘
741,14:10:21,11.66,-0.01,17,19822,中性盘
742,14:10:12,11.67,0.02,144,168048,买盘
743,14:10:09,11.65,-0.01,27,31455,卖盘
744,14:10:06,11.66,0.01,13,15158,买盘
745,14:10:00,11.65,--,7,8155,卖盘
746,14:09:57,11.65,--,3,3495,卖盘
747,14:09:54,11.65,-0.01,7,8155,卖盘
748,14:09:51,11.66,0.01,20,23320,买盘
749,14:09:48,11.65,-0.01,22,25630,卖盘
750,14:09:45,11.66,0.01,10,11660,买盘
751,14:09:42,11.65,-0.01,23,26795,卖盘
752,14:09:39,11.66,0.01,20,23320,买盘
753,14:09:30,11.65,--,5,5825,卖盘
754,14:09:18,11.65,--,7,8155,卖盘
755,14:09:12,11.65,--,117,136305,卖盘
756,14:09:09,11.65,--,629,732785,卖盘
757,14:09:06,11.65,--,16,18640,卖盘
758,14:09:03,11.65,--,7,8155,卖盘
759,14:09:00,11.65,--,12,13980,卖盘
760,14:08:54,11.65,--,5,5825,卖盘
761,14:08:51,11.65,--,26,30290,卖盘
762,14:08:48,11.65,--,57,66405,卖盘
763,14:08:45,11.65,--,42,48930,卖盘
764,14:08:42,11.65,--,221,257465,卖盘
765,14:08:39,11.65,--,27,31478,卖盘
766,14:08:36,11.65,--,15,17475,卖盘
767,14:08:33,11.65,--,76,88540,卖盘
768,14:08:30,11.65,--,421,490465,卖盘
769,14:08:27,11.65,-0.01,67,78055,卖盘
770,14:08:24,11.66,0.01,159,185394,买盘
771,14:08:21,11.65,-0.01,9,10485,卖盘
772,14:08:18,11.66,0.01,10,11660,买盘
773,14:08:09,11.65,--,144,167760,卖盘
774,14:08:06,11.65,--,770,897050,卖盘
775,14:08:03,11.65,--,3,3495,卖盘
776,14:08:00,11.65,--,12,13980,卖盘
777,14:07:57,11.65,--,83,96695,卖盘
778,14:07:54,11.65,--,134,156110,卖盘
779,14:07:51,11.65,--,121,140965,卖盘
780,14:07:48,11.65,-0.01,10,11650,卖盘
781,14:07:42,11.66,0.01,23,26818,买盘
782,14:07:39,11.65,-0.01,122,142130,卖盘
783,14:07:36,11.66,0.01,15,17490,买盘
784,14:07:33,11.65,--,25,29125,卖盘
785,14:07:30,11.65,--,50,58250,卖盘
786,14:07:27,11.65,-0.01,13,15145,卖盘
787,14:07:18,11.66,0.01,11,12826,买盘
788,14:07:12,11.65,-0.01,136,158440,卖盘
789,14:07:09,11.66,--,734,855844,买盘
790,14:07:06,11.66,0.01,17,19822,买盘
791,14:07:03,11.65,--,30,34950,卖盘
792,14:07:00,11.65,-0.01,118,137470,卖盘
793,14:06:57,11.66,--,5,5830,买盘
794,14:06:54,11.66,0.01,41,47806,买盘
795,14:06:51,11.65,-0.01,124,144460,卖盘
796,14:06:48,11.66,0.01,100,116600,买盘
797,14:06:45,11.65,-0.02,306,356490,卖盘
798,14:06:42,11.67,0.01,75,87525,买盘
799,14:06:39,11.66,--,206,240196,卖盘
800,14:06:36,11.66,0.01,20,23320,买盘
801,14:06:33,11.65,--,15,17475,卖盘
802,14:06:30,11.65,-0.01,36,41940,卖盘
803,14:06:27,11.66,0.01,188,219208,买盘
804,14:06:21,11.65,-0.01,3,3495,卖盘
805,14:06:12,11.66,0.01,1,1166,买盘
806,14:06:09,11.65,-0.01,7,8155,卖盘
807,14:06:06,11.66,-0.01,8,9328,中性盘
808,14:06:00,11.67,0.01,14,16338,买盘
809,14:05:54,11.66,--,7,8162,卖盘
810,14:05:51,11.66,--,15,17490,卖盘
811,14:05:48,11.66,0.01,12,13992,买盘
812,14:05:45,11.65,--,9,10485,卖盘
813,14:05:42,11.65,--,6,6990,卖盘
814,14:05:39,11.65,--,59,68735,卖盘
815,14:05:36,11.65,--,36,41940,卖盘
816,14:05:21,11.65,-0.02,7,8155,卖盘
817,14:05:09,11.67,0.01,464,541488,买盘
818,14:05:00,11.66,--,15,17490,买盘
819,14:04:57,11.66,0.01,7,8162,买盘
820,14:04:51,11.65,--,27,31455,卖盘
821,14:04:48,11.65,--,165,192225,卖盘
822,14:04:45,11.65,--,67,78055,卖盘
823,14:04:36,11.65,--,10,11650,卖盘
824,14:04:33,11.65,-0.01,1,1165,卖盘
825,14:04:27,11.66,--,7,8162,买盘
826,14:04:24,11.66,0.01,25,29150,买盘
827,14:04:15,11.65,--,14,16310,卖盘
828,14:04:12,11.65,--,36,41940,卖盘
829,14:04:09,11.65,--,5,5825,卖盘
830,14:04:06,11.65,-0.01,8,9320,卖盘
831,14:04:03,11.66,0.01,23,26818,买盘
832,14:03:54,11.65,--,25,29148,卖盘
833,14:03:51,11.65,--,31,36115,卖盘
834,14:03:45,11.65,-0.01,13,15145,卖盘
835,14:03:42,11.66,0.01,1,1166,买盘
836,14:03:39,11.65,--,6,6990,卖盘
837,14:03:36,11.65,--,25,29125,卖盘
838,14:03:30,11.65,--,1,1165,卖盘
839,14:03:27,11.65,--,49,57119,卖盘
840,14:03:24,11.65,--,227,264455,卖盘
841,14:03:21,11.65,-0.01,82,95530,卖盘
842,14:03:18,11.66,--,469,546854,买盘
843,14:03:15,11.66,--,48,55968,买盘
844,14:03:06,11.66,0.01,20,23320,买盘
845,14:03:03,11.65,--,10,11650,卖盘
846,14:03:00,11.65,--,50,58250,卖盘
847,14:02:54,11.65,--,7,8155,卖盘
848,14:02:51,11.65,--,15,17475,卖盘
849,14:02:48,11.65,--,116,135140,卖盘
850,14:02:45,11.65,--,188,219020,卖盘
851,14:02:42,11.65,--,59,68735,卖盘
852,14:02:39,11.65,--,12,13980,卖盘
853,14:02:36,11.65,--,53,61745,卖盘
854,14:02:24,11.65,-0.01,79,92035,卖盘
855,14:02:21,11.66,--,1,1166,中性盘
856,14:02:18,11.66,0.01,393,458238,买盘
857,14:02:15,11.65,-0.01,22,25630,卖盘
858,14:02:12,11.66,0.01,106,123596,买盘
859,14:02:06,11.65,--,15,17475,卖盘
860,14:02:03,11.65,-0.01,5,5825,卖盘
861,14:02:00,11.66,0.01,5,5830,买盘
862,14:01:48,11.65,--,15,17475,卖盘
863,14:01:45,11.65,--,7,8155,卖盘
864,14:01:33,11.65,--,54,62910,卖盘
865,14:01:30,11.65,--,300,349500,卖盘
866,14:01:27,11.65,--,45,52425,卖盘
867,14:01:24,11.65,-0.01,275,320375,卖盘
868,14:01:21,11.66,0.01,140,163240,买盘
869,14:01:18,11.65,--,7,8155,卖盘
870,14:01:15,11.65,--,15,17475,卖盘
871,14:01:12,11.65,-0.01,65,75725,卖盘
872,14:01:09,11.66,0.01,10,11660,买盘
873,14:01:06,11.65,--,27,31455,卖盘
874,14:01:03,11.65,--,102,118830,卖盘
875,14:01:00,11.65,-0.01,49,57085,卖盘
876,14:00:57,11.66,-0.01,52,60632,买盘
877,14:00:54,11.67,0.02,273,318591,买盘
878,14:00:51,11.65,--,1,1165,卖盘
879,14:00:42,11.65,-0.02,200,233000,卖盘
880,14:00:39,11.67,0.01,18,21006,买盘
881,14:00:36,11.66,--,60,69960,卖盘
882,14:00:33,11.66,--,10,11660,卖盘
883,14:00:30,11.66,--,2,2332,卖盘
884,14:00:27,11.66,--,6,6996,卖盘
885,14:00:24,11.66,--,39,45474,买盘
886,14:00:21,11.66,--,64,74624,买盘
887,14:00:18,11.66,0.01,10,11660,买盘
888,14:00:12,11.65,-0.01,7,8155,卖盘
889,14:00:09,11.66,0.01,15,17490,买盘
890,14:00:06,11.65,-0.01,17,19805,卖盘
891,14:00:03,11.66,0.01,11,12826,买盘
892,14:00:00,11.65,-0.02,23,26795,卖盘
893,13:59:54,11.67,0.01,17,19839,买盘
894,13:59:51,11.66,-0.01,9,10494,卖盘
895,13:59:48,11.67,0.02,90,105030,买盘
896,13:59:45,11.65,-0.01,7,8155,卖盘
897,13:59:42,11.66,--,3,3498,卖盘
898,13:59:39,11.66,--,185,215710,买盘
899,13:59:33,11.66,0.01,4,4664,买盘
900,13:59:27,11.65,-0.01,17,19805,卖盘
901,13:59:24,11.66,--,16,18656,卖盘
902,13:59:21,11.66,--,50,58300,买盘
903,13:59:18,11.66,--,4,4664,买盘
904,13:59:15,11.66,--,4,4664,卖盘
905,13:59:12,11.66,--,32,37312,卖盘
906,13:59:09,11.66,--,25,29150,卖盘
907,13:59:03,11.66,--,28,32648,卖盘
908,13:59:00,11.66,--,12,13992,卖盘
909,13:58:57,11.66,0.01,1,1166,买盘
910,13:58:54,11.65,-0.01,5,5825,卖盘
911,13:58:51,11.66,0.01,21,24486,买盘
912,13:58:48,11.65,--,101,117665,卖盘
913,13:58:45,11.65,--,91,106015,卖盘
914,13:58:42,11.65,--,504,587160,卖盘
915,13:58:36,11.65,--,20,23300,卖盘
916,13:58:33,11.65,--,109,126985,买盘
917,13:58:30,11.65,--,37,43105,买盘
918,13:58:27,11.65,--,22,25630,卖盘
919,13:58:24,11.65,-0.01,239,278435,卖盘
920,13:58:21,11.66,0.01,10,11660,买盘
921,13:58:18,11.65,--,7,8155,卖盘
922,13:58:15,11.65,--,10,11650,卖盘
923,13:58:12,11.65,--,42,48930,卖盘
924,13:57:57,11.65,--,3,3495,卖盘
925,13:57:51,11.65,--,31,36115,买盘
926,13:57:45,11.65,--,30,34950,卖盘
927,13:57:42,11.65,-0.01,200,233000,卖盘
928,13:57:39,11.66,0.01,5,5830,买盘
929,13:57:36,11.65,--,74,86210,卖盘
930,13:57:33,11.65,-0.01,115,133975,卖盘
931,13:57:30,11.66,--,69,80454,买盘
932,13:57:24,11.66,--,36,41976,买盘
933,13:57:21,11.66,--,43,50138,买盘
934,13:57:18,11.66,0.01,22,25652,买盘
935,13:57:15,11.65,-0.01,6,6990,卖盘
936,13:57:12,11.66,--,42,48972,买盘
937,13:57:09,11.66,--,60,69960,买盘
938,13:57:06,11.66,--,8,9328,买盘
939,13:57:03,11.66,0.01,15,17490,买盘
940,13:57:00,11.65,--,10,11650,卖盘
941,13:56:57,11.65,--,1,1165,卖盘
942,13:56:54,11.65,-0.01,18,20970,卖盘
943,13:56:51,11.66,0.01,110,128260,买盘
944,13:56:48,11.65,0.01,18,20970,卖盘
945,13:56:45,11.64,-0.01,6,6984,卖盘
946,13:56:42,11.65,-0.01,7,8155,中性盘
947,13:56:33,11.66,--,100,116600,买盘
948,13:56:24,11.66,0.01,88,102608,买盘
949,13:56:21,11.65,--,3,3495,买盘
950,13:56:18,11.65,--,20,23300,买盘
951,13:56:06,11.65,--,48,55920,买盘
952,13:56:03,11.65,0.02,64,74560,买盘
953,13:56:00,11.63,-0.02,10,11630,卖盘
954,13:55:57,11.65,0.02,6,6990,买盘
955,13:55:54,11.63,--,10,11630,卖盘
956,13:55:51,11.63,--,88,102344,卖盘
957,13:55:45,11.63,-0.02,52,60476,卖盘
958,13:55:42,11.65,--,11,12815,买盘
959,13:55:39,11.65,0.01,11,12815,买盘
960,13:55:36,11.64,-0.01,38,44232,卖盘
961,13:55:33,11.65,-0.01,97,113005,卖盘
962,13:55:30,11.66,0.01,34,39644,买盘
963,13:55:21,11.65,--,19,22135,卖盘
964,13:55:15,11.65,--,20,23300,卖盘
965,13:55:12,11.65,--,127,147978,买盘
966,13:55:09,11.65,0.01,110,128150,买盘
967,13:54:54,11.64,--,5,5820,卖盘
968,13:54:51,11.64,--,12,13968,中性盘
969,13:54:48,11.64,--,9,10476,买盘
970,13:54:45,11.64,0.01,2,2328,买盘
971,13:54:42,11.63,-0.01,11,12793,卖盘
972,13:54:39,11.64,--,52,60528,买盘
973,13:54:36,11.64,0.01,38,44232,买盘
974,13:54:30,11.63,-0.01,5,5815,卖盘
975,13:54:27,11.64,0.01,186,216504,买盘
976,13:54:24,11.63,-0.01,20,23260,卖盘
977,13:54:21,11.64,0.01,13,15132,买盘
978,13:54:18,11.63,-0.01,7,8141,卖盘
979,13:54:15,11.64,--,5,5820,买盘
980,13:54:12,11.64,--,10,11640,卖盘
981,13:54:09,11.64,--,12,13968,卖盘
982,13:54:03,11.64,-0.01,3,3492,卖盘
983,13:54:00,11.65,--,16,18640,买盘
984,13:53:57,11.65,--,44,51260,买盘
985,13:53:54,11.65,0.01,72,83880,买盘
986,13:53:51,11.64,-0.01,1,1164,中性盘
987,13:53:48,11.65,--,294,342510,买盘
988,13:53:45,11.65,--,120,139800,买盘
989,13:53:42,11.65,0.01,9,10485,买盘
990,13:53:39,11.64,-0.01,18,20952,卖盘
991,13:53:33,11.65,0.01,6,6990,买盘
992,13:53:30,11.64,--,2,2328,卖盘
993,13:53:24,11.64,-0.01,21,24444,卖盘
994,13:53:21,11.65,0.01,39,45435,买盘
995,13:53:18,11.64,--,10,11640,卖盘
996,13:53:12,11.64,--,2,2328,买盘
997,13:53:03,11.64,--,20,23280,卖盘
998,13:53:00,11.64,--,57,66348,卖盘
999,13:52:57,11.64,--,3,3492,卖盘
1000,13:52:48,11.64,--,7,8148,卖盘
1001,13:52:45,11.64,--,12,13968,卖盘
1002,13:52:39,11.64,--,20,23280,卖盘
1003,13:52:36,11.64,0.01,16,18624,买盘
1004,13:52:27,11.63,--,20,23260,卖盘
1005,13:52:24,11.63,-0.01,117,136071,卖盘
1006,13:52:21,11.64,0.01,492,572688,买盘
1007,13:52:18,11.63,--,20,23260,卖盘
1008,13:52:09,11.63,--,12,13956,卖盘
1009,13:52:06,11.63,-0.01,56,65128,卖盘
1010,13:52:03,11.64,0.01,33,38412,买盘
1011,13:52:00,11.63,--,118,137234,卖盘
1012,13:51:54,11.63,--,7,8141,卖盘
1013,13:51:51,11.63,-0.01,19,22097,卖盘
1014,13:51:48,11.64,--,47,55848,卖盘
1015,13:51:39,11.64,--,14,16296,卖盘
1016,13:51:36,11.64,--,66,76824,卖盘
1017,13:51:33,11.64,--,1,1164,卖盘
1018,13:51:30,11.64,-0.01,26,30264,卖盘
1019,13:51:27,11.65,0.01,152,177080,买盘
1020,13:51:24,11.64,-0.01,9,10476,卖盘
1021,13:51:21,11.65,--,5,5825,买盘
1022,13:51:06,11.65,0.01,36,41963,买盘
1023,13:51:03,11.64,0.01,140,162960,买盘
1024,13:51:00,11.63,-0.01,81,94203,卖盘
1025,13:50:57,11.64,--,442,514488,买盘
1026,13:50:54,11.64,--,18,20952,买盘
1027,13:50:51,11.64,--,38,45372,卖盘
1028,13:50:45,11.64,-0.01,4,4656,卖盘
1029,13:50:36,11.65,0.01,5,5825,买盘
1030,13:50:33,11.64,--,10,11640,卖盘
1031,13:50:30,11.64,0.01,41,47747,买盘
1032,13:50:27,11.63,-0.01,49,56987,卖盘
1033,13:50:24,11.64,0.01,213,247932,买盘
1034,13:50:15,11.63,--,35,40705,卖盘
1035,13:50:12,11.63,--,190,220970,买盘
1036,13:50:09,11.63,0.01,10,11630,买盘
1037,13:50:06,11.62,--,151,175462,卖盘
1038,13:50:03,11.62,-0.01,627,728574,卖盘
1039,13:50:00,11.63,--,19,22097,买盘
1040,13:49:57,11.63,0.01,20,23260,买盘
1041,13:49:45,11.62,-0.01,1,1162,卖盘
1042,13:49:36,11.63,0.01,33,38379,买盘
1043,13:49:33,11.62,-0.01,198,230075,中性盘
1044,13:49:27,11.63,0.01,741,861783,买盘
1045,13:49:24,11.62,0.01,17,19754,买盘
1046,13:49:21,11.61,-0.01,74,85914,卖盘
1047,13:49:18,11.62,0.01,121,140602,买盘
1048,13:49:12,11.61,-0.01,45,52245,卖盘
1049,13:49:09,11.62,--,208,241695,买盘
1050,13:49:03,11.62,0.01,1,1162,买盘
1051,13:48:54,11.61,--,1,1161,卖盘
1052,13:48:48,11.61,--,6,6966,卖盘
1053,13:48:45,11.61,-0.01,10,11610,卖盘
1054,13:48:39,11.62,0.01,14,16267,买盘
1055,13:48:36,11.61,--,2,2322,卖盘
1056,13:48:27,11.61,--,88,102168,买盘
1057,13:48:24,11.61,0.01,453,525933,买盘
1058,13:48:15,11.6,-0.01,4,4640,卖盘
1059,13:48:12,11.61,0.01,4,4644,买盘
1060,13:48:06,11.6,--,24,27840,卖盘
1061,13:48:03,11.6,--,76,88160,卖盘
1062,13:48:00,11.6,--,8,9280,卖盘
1063,13:47:57,11.6,-0.01,10,11600,卖盘
1064,13:47:54,11.61,--,23,26703,买盘
1065,13:47:51,11.61,0.01,10,11610,买盘
1066,13:47:48,11.6,--,11,12760,卖盘
1067,13:47:42,11.6,--,10,11600,卖盘
1068,13:47:39,11.6,--,54,62640,卖盘
1069,13:47:36,11.6,--,12,13920,卖盘
1070,13:47:33,11.6,--,66,76560,卖盘
1071,13:47:27,11.6,--,8,9280,卖盘
1072,13:47:24,11.6,-0.01,54,62640,卖盘
1073,13:47:21,11.61,--,40,46440,买盘
1074,13:47:18,11.61,0.01,30,34830,买盘
1075,13:47:15,11.6,--,55,63800,卖盘
1076,13:47:03,11.6,--,6,6960,卖盘
1077,13:47:00,11.6,-0.01,38,44080,卖盘
1078,13:46:54,11.61,-0.01,9,10449,卖盘
1079,13:46:51,11.62,0.01,49,56937,买盘
1080,13:46:45,11.61,0.01,1,1161,买盘
1081,13:46:42,11.6,--,11,12760,卖盘
1082,13:46:39,11.6,-0.01,90,104400,卖盘
1083,13:46:36,11.61,0.01,56,65016,买盘
1084,13:46:30,11.6,-0.01,3,3480,卖盘
1085,13:46:27,11.61,--,575,667575,中性盘
1086,13:46:12,11.61,0.01,15,17415,中性盘
1087,13:46:06,11.6,--,53,61480,卖盘
1088,13:46:03,11.6,--,84,97440,卖盘
1089,13:45:57,11.6,--,1,1160,卖盘
1090,13:45:51,11.6,--,512,593920,买盘
1091,13:45:48,11.6,--,6,6960,买盘
1092,13:45:45,11.6,0.01,131,151960,买盘
1093,13:45:42,11.59,-0.01,8,9272,卖盘
1094,13:45:39,11.6,--,61,70760,买盘
1095,13:45:36,11.6,--,14,16240,买盘
1096,13:45:33,11.6,--,9,10440,买盘
1097,13:45:27,11.6,--,18,20880,卖盘
1098,13:45:24,11.6,--,803,931480,卖盘
1099,13:45:21,11.6,-0.02,19,22040,卖盘
1100,13:45:15,11.62,0.02,3,3485,买盘
1101,13:45:12,11.6,-0.01,6,6960,卖盘
1102,13:45:09,11.61,0.01,127,147447,买盘
1103,13:45:06,11.6,--,554,642640,卖盘
1104,13:45:03,11.6,-0.01,69,80040,卖盘
1105,13:45:00,11.61,0.01,4,4644,买盘
1106,13:44:57,11.6,-0.01,3,3480,卖盘
1107,13:44:51,11.61,-0.01,7,8127,卖盘
1108,13:44:48,11.62,0.01,94,109227,买盘
1109,13:44:45,11.61,--,35,40635,买盘
1110,13:44:42,11.61,--,36,41796,买盘
1111,13:44:39,11.61,0.01,5,5805,买盘
1112,13:44:36,11.6,-0.02,100,116000,卖盘
1113,13:44:33,11.62,0.02,42,48804,买盘
1114,13:44:30,11.6,-0.02,118,136880,卖盘
1115,13:44:21,11.62,--,7,8133,买盘
1116,13:44:18,11.62,--,47,54613,买盘
1117,13:44:15,11.62,--,8,9296,买盘
1118,13:44:06,11.62,--,21,24402,买盘
1119,13:44:03,11.62,0.02,5,5810,买盘
1120,13:43:54,11.6,--,10,11600,卖盘
1121,13:43:51,11.6,--,26,30160,卖盘
1122,13:43:36,11.6,--,4,4640,卖盘
1123,13:43:33,11.6,--,53,61480,卖盘
1124,13:43:30,11.6,--,40,46400,卖盘
1125,13:43:24,11.6,--,60,69600,卖盘
1126,13:43:21,11.6,-0.01,3,3480,卖盘
1127,13:43:15,11.61,--,176,204336,中性盘
1128,13:43:12,11.61,0.01,161,186921,买盘
1129,13:43:09,11.6,--,32,37120,买盘
1130,13:43:06,11.6,--,59,68440,买盘
1131,13:43:00,11.6,--,10,11600,买盘
1132,13:42:57,11.6,0.01,80,92800,买盘
1133,13:42:45,11.59,0.01,33,38247,买盘
1134,13:42:42,11.58,-0.01,46,53268,卖盘
1135,13:42:36,11.59,--,235,272365,买盘
1136,13:42:33,11.59,0.01,47,54473,买盘
1137,13:42:30,11.58,--,207,239706,卖盘
1138,13:42:27,11.58,--,61,70638,卖盘
1139,13:42:24,11.58,-0.01,10,11580,卖盘
1140,13:42:21,11.59,-0.01,7,8113,中性盘
1141,13:42:09,11.6,0.01,91,105560,买盘
1142,13:42:03,11.59,--,570,660630,买盘
1143,13:42:00,11.59,-0.01,26,30134,中性盘
1144,13:41:57,11.6,0.02,101,117160,买盘
1145,13:41:54,11.58,--,200,231600,卖盘
1146,13:41:51,11.58,-0.02,60,69480,卖盘
1147,13:41:48,11.6,0.02,558,647280,买盘
1148,13:41:45,11.58,-0.02,52,60216,卖盘
1149,13:41:42,11.6,--,10,11600,买盘
1150,13:41:39,11.6,--,48,55680,买盘
1151,13:41:27,11.6,0.02,143,165880,买盘
1152,13:41:24,11.58,--,29,33582,卖盘
1153,13:41:21,11.58,-0.01,660,764280,卖盘
1154,13:41:18,11.59,--,74,85766,卖盘
1155,13:41:15,11.59,-0.01,63,73017,中性盘
1156,13:41:12,11.6,0.02,59,68440,买盘
1157,13:41:09,11.58,--,118,136644,卖盘
1158,13:41:06,11.58,-0.01,221,255918,卖盘
1159,13:41:03,11.59,0.01,11,12749,中性盘
1160,13:41:00,11.58,-0.02,657,760806,卖盘
1161,13:40:57,11.6,--,719,834040,买盘
1162,13:40:54,11.6,--,1279,1483640,买盘
1163,13:40:51,11.6,0.01,87,100920,买盘
1164,13:40:48,11.59,--,16,18544,卖盘
1165,13:40:45,11.59,--,31,35929,卖盘
1166,13:40:42,11.59,-0.01,30,34770,卖盘
1167,13:40:39,11.6,0.01,81,93960,买盘
1168,13:40:36,11.59,--,10,11590,卖盘
1169,13:40:33,11.59,--,111,128649,卖盘
1170,13:40:27,11.59,--,116,134444,卖盘
1171,13:40:21,11.59,--,14,16226,卖盘
1172,13:40:18,11.59,--,48,55632,卖盘
1173,13:40:15,11.59,--,19,22021,卖盘
1174,13:40:12,11.59,--,77,89243,卖盘
1175,13:40:09,11.59,--,93,107787,卖盘
1176,13:40:06,11.59,--,153,177327,卖盘
1177,13:40:03,11.59,-0.01,350,405650,卖盘
1178,13:40:00,11.6,0.01,114,132240,买盘
1179,13:39:57,11.59,-0.01,30,34770,卖盘
1180,13:39:54,11.6,--,84,97440,买盘
1181,13:39:51,11.6,0.01,14,16240,买盘
1182,13:39:48,11.59,--,98,113582,卖盘
1183,13:39:45,11.59,-0.01,190,220210,卖盘
1184,13:39:42,11.6,--,613,711080,卖盘
1185,13:39:39,11.6,--,178,206480,卖盘
1186,13:39:36,11.6,--,49,56840,卖盘
1187,13:39:33,11.6,-0.01,81,93960,卖盘
1188,13:39:30,11.61,0.01,148,171828,买盘
1189,13:39:24,11.6,-0.01,324,375840,卖盘
1190,13:39:21,11.61,0.01,727,844047,买盘
1191,13:39:18,11.6,--,220,255200,卖盘
1192,13:39:15,11.6,--,22,25520,卖盘
1193,13:39:12,11.6,--,85,98600,卖盘
1194,13:39:09,11.6,--,12,13920,卖盘
1195,13:39:06,11.6,--,87,100920,卖盘
1196,13:39:03,11.6,-0.01,116,134560,卖盘
1197,13:39:00,11.61,0.01,17,19737,买盘
1198,13:38:57,11.6,--,1,1160,卖盘
1199,13:38:45,11.6,--,31,35960,卖盘
1200,13:38:42,11.6,-0.01,79,91640,中性盘
1201,13:38:36,11.61,0.02,90,104490,买盘
1202,13:38:30,11.59,--,184,213256,卖盘
1203,13:38:27,11.59,--,36,41724,卖盘
1204,13:38:24,11.59,-0.01,547,633973,卖盘
1205,13:38:21,11.6,0.01,100,116000,买盘
1206,13:38:18,11.59,--,399,462441,卖盘
1207,13:38:15,11.59,-0.01,787,912133,卖盘
1208,13:38:12,11.6,0.01,225,261000,买盘
1209,13:38:09,11.59,--,47,54473,卖盘
1210,13:38:06,11.59,--,37,42883,卖盘
1211,13:38:03,11.59,-0.01,65,75335,卖盘
1212,13:38:00,11.6,--,97,112520,买盘
1213,13:37:57,11.6,--,30,34800,买盘
1214,13:37:51,11.6,--,11,12760,买盘
1215,13:37:45,11.6,0.01,8,9280,买盘
1216,13:37:42,11.59,--,10,11590,卖盘
1217,13:37:39,11.59,--,21,24339,卖盘
1218,13:37:36,11.59,-0.01,39,45201,卖盘
1219,13:37:33,11.6,--,4,4640,买盘
1220,13:37:30,11.6,0.01,78,90480,买盘
1221,13:37:27,11.59,0.01,24,27816,卖盘
1222,13:37:24,11.58,-0.02,32,37056,卖盘
1223,13:37:21,11.6,0.02,93,107880,买盘
1224,13:37:15,11.58,--,97,112326,卖盘
1225,13:37:09,11.58,-0.01,291,336978,卖盘
1226,13:37:03,11.59,--,53,61427,卖盘
1227,13:37:00,11.59,-0.01,144,166896,卖盘
1228,13:36:54,11.6,0.01,39,45240,买盘
1229,13:36:51,11.59,--,35,40565,卖盘
1230,13:36:48,11.59,--,3,3477,卖盘
1231,13:36:45,11.59,-0.01,104,120536,卖盘
1232,13:36:42,11.6,0.01,2,2320,买盘
1233,13:36:39,11.59,-0.01,293,339587,卖盘
1234,13:36:36,11.6,--,546,633360,卖盘
1235,13:36:33,11.6,-0.01,91,105560,卖盘
1236,13:36:30,11.61,--,68,78948,买盘
1237,13:36:27,11.61,0.01,125,145125,买盘
1238,13:36:18,11.6,-0.01,27,31320,卖盘
1239,13:36:15,11.61,0.01,41,47601,买盘
1240,13:36:12,11.6,--,15,17400,卖盘
1241,13:36:09,11.6,-0.01,4,4640,卖盘
1242,13:36:03,11.61,0.01,12,13932,买盘
1243,13:35:57,11.6,-0.01,29,33640,卖盘
1244,13:35:54,11.61,--,157,182277,买盘
1245,13:35:51,11.61,--,5,5805,卖盘
1246,13:35:48,11.61,-0.01,18,20898,卖盘
1247,13:35:45,11.62,--,79,91798,买盘
1248,13:35:42,11.62,0.02,32,37184,买盘
1249,13:35:39,11.6,0.01,94,109040,买盘
1250,13:35:36,11.59,-0.01,38,44042,卖盘
1251,13:35:33,11.6,-0.01,378,438480,卖盘
1252,13:35:30,11.61,0.01,80,92880,买盘
1253,13:35:27,11.6,--,6,6960,卖盘
1254,13:35:24,11.6,-0.01,27,31320,卖盘
1255,13:35:18,11.61,-0.01,10,11610,中性盘
1256,13:35:15,11.62,0.01,97,112713,买盘
1257,13:35:12,11.61,0.01,69,80109,中性盘
1258,13:35:09,11.6,-0.01,500,580000,卖盘
1259,13:35:03,11.61,-0.01,14,16254,卖盘
1260,13:34:57,11.62,-0.01,12,13943,卖盘
1261,13:34:54,11.63,--,91,105833,卖盘
1262,13:34:51,11.63,--,51,59313,买盘
1263,13:34:48,11.63,--,13,15119,买盘
1264,13:34:45,11.63,--,17,19771,买盘
1265,13:34:39,11.63,0.01,10,11630,买盘
1266,13:34:36,11.62,-0.02,18,20916,卖盘
1267,13:34:33,11.64,0.02,18,20952,买盘
1268,13:34:27,11.62,--,10,11620,买盘
1269,13:34:24,11.62,0.01,1,1162,买盘
1270,13:34:21,11.61,--,7,8127,卖盘
1271,13:34:18,11.61,--,38,44118,卖盘
1272,13:34:15,11.61,-0.03,10,11610,卖盘
1273,13:34:09,11.64,0.01,26,30264,买盘
1274,13:34:03,11.63,0.02,12,13956,中性盘
1275,13:34:00,11.61,-0.01,315,365715,卖盘
1276,13:33:57,11.62,--,6,6971,卖盘
1277,13:33:54,11.62,0.01,1,1162,卖盘
1278,13:33:51,11.61,-0.02,43,49923,卖盘
1279,13:33:48,11.63,0.02,344,400072,买盘
1280,13:33:45,11.61,-0.01,21,24381,卖盘
1281,13:33:42,11.62,--,62,72044,卖盘
1282,13:33:39,11.62,-0.01,5,5810,卖盘
1283,13:33:36,11.63,--,37,43031,买盘
1284,13:33:33,11.63,0.01,51,59313,买盘
1285,13:33:27,11.62,-0.01,7,8133,卖盘
1286,13:33:24,11.63,--,22,25586,买盘
1287,13:33:21,11.63,0.01,26,30238,买盘
1288,13:33:18,11.62,-0.02,3,3485,卖盘
1289,13:33:15,11.64,0.02,60,69840,买盘
1290,13:33:03,11.62,-0.01,6,6971,卖盘
1291,13:33:00,11.63,0.01,15,17445,买盘
1292,13:32:57,11.62,-0.01,12,13943,卖盘
1293,13:32:51,11.63,0.01,3,3489,买盘
1294,13:32:48,11.62,-0.01,29,33698,卖盘
1295,13:32:45,11.63,0.01,84,97692,买盘
1296,13:32:42,11.62,-0.01,51,59261,卖盘
1297,13:32:39,11.63,--,18,20934,买盘
1298,13:32:36,11.63,0.01,4,4652,买盘
1299,13:32:27,11.62,-0.01,5,5810,中性盘
1300,13:32:21,11.63,0.02,6,6978,买盘
1301,13:32:18,11.61,--,44,51084,卖盘
1302,13:32:15,11.61,--,90,104490,卖盘
1303,13:32:12,11.61,--,17,19737,卖盘
1304,13:32:09,11.61,--,85,98685,卖盘
1305,13:32:06,11.61,-0.02,13,15093,卖盘
1306,13:32:00,11.63,0.02,455,529165,买盘
1307,13:31:57,11.61,--,5,5805,卖盘
1308,13:31:54,11.61,--,26,30186,卖盘
1309,13:31:51,11.61,--,3,3483,卖盘
1310,13:31:48,11.61,--,6,6966,卖盘
1311,13:31:45,11.61,--,21,24381,卖盘
1312,13:31:42,11.61,--,9,10449,卖盘
1313,13:31:39,11.61,--,6,6966,卖盘
1314,13:31:36,11.61,--,50,58050,卖盘
1315,13:31:33,11.61,--,49,56889,买盘
1316,13:31:24,11.61,-0.01,22,25542,中性盘
1317,13:31:21,11.62,0.01,32,37184,买盘
1318,13:31:18,11.61,0.01,31,35991,买盘
1319,13:31:15,11.6,-0.01,7,8120,卖盘
1320,13:31:12,11.61,0.01,10,11610,买盘
1321,13:31:09,11.6,-0.01,10,11600,卖盘
1322,13:31:06,11.61,--,19,22059,买盘
1323,13:31:03,11.61,--,88,102168,卖盘
1324,13:30:57,11.61,0.01,5,5805,中性盘
1325,13:30:54,11.6,--,35,40600,卖盘
1326,13:30:51,11.6,-0.02,8,9280,卖盘
1327,13:30:48,11.62,0.02,82,95284,买盘
1328,13:30:42,11.6,-0.02,1,1160,卖盘
1329,13:30:39,11.62,0.02,22,25564,买盘
1330,13:30:36,11.6,-0.02,52,60320,卖盘
1331,13:30:33,11.62,0.01,18,20916,买盘
1332,13:30:30,11.61,0.01,26,30186,买盘
1333,13:30:27,11.6,-0.02,21,24360,卖盘
1334,13:30:24,11.62,0.02,125,146179,买盘
1335,13:30:21,11.6,-0.01,8,9280,卖盘
1336,13:30:15,11.61,--,1,1161,买盘
1337,13:30:09,11.61,0.01,7,8127,买盘
1338,13:30:06,11.6,-0.01,69,80040,卖盘
1339,13:30:03,11.61,--,223,258903,买盘
1340,13:30:00,11.61,0.01,11,12771,买盘
1341,13:29:57,11.6,--,29,33640,卖盘
1342,13:29:54,11.6,-0.01,69,80040,卖盘
1343,13:29:51,11.61,0.01,219,254259,买盘
1344,13:29:45,11.6,--,22,25520,买盘
1345,13:29:42,11.6,--,62,71920,买盘
1346,13:29:39,11.6,--,8,9280,买盘
1347,13:29:36,11.6,--,2,2320,买盘
1348,13:29:33,11.6,--,60,69600,卖盘
1349,13:29:30,11.6,--,66,76560,卖盘
1350,13:29:27,11.6,--,215,249400,卖盘
1351,13:29:24,11.6,--,87,100920,卖盘
1352,13:29:21,11.6,-0.01,202,234320,卖盘
1353,13:29:18,11.61,0.01,27,31347,买盘
1354,13:29:15,11.6,--,11,12760,卖盘
1355,13:29:12,11.6,--,29,33640,卖盘
1356,13:29:09,11.6,--,164,190240,买盘
1357,13:29:06,11.6,--,66,76560,买盘
1358,13:29:03,11.6,--,30,34800,买盘
1359,13:29:00,11.6,--,301,349160,买盘
1360,13:28:54,11.6,0.01,40,47049,买盘
1361,13:28:51,11.59,--,67,77653,买盘
1362,13:28:45,11.59,--,87,100833,买盘
1363,13:28:39,11.59,0.01,114,132126,买盘
1364,13:28:36,11.58,-0.01,333,385614,卖盘
1365,13:28:33,11.59,0.01,7,8113,买盘
1366,13:28:30,11.58,-0.01,28,32424,卖盘
1367,13:28:27,11.59,0.01,95,110105,买盘
1368,13:28:24,11.58,--,10,11580,卖盘
1369,13:28:21,11.58,-0.01,39,45162,卖盘
1370,13:28:18,11.59,--,12,13908,买盘
1371,13:28:15,11.59,--,10,11590,买盘
1372,13:28:12,11.59,0.01,24,27816,买盘
1373,13:28:09,11.58,-0.01,39,45162,卖盘
1374,13:28:06,11.59,0.01,3,3477,买盘
1375,13:28:03,11.58,-0.01,7,8106,卖盘
1376,13:28:00,11.59,--,10,11590,买盘
1377,13:27:57,11.59,0.01,99,114741,买盘
1378,13:27:54,11.58,--,26,30108,卖盘
1379,13:27:51,11.58,--,3,3474,卖盘
1380,13:27:48,11.58,--,177,204966,买盘
1381,13:27:45,11.58,0.01,38,44004,买盘
1382,13:27:42,11.57,--,10,11570,卖盘
1383,13:27:39,11.57,--,66,76362,卖盘
1384,13:27:36,11.57,--,18,20826,卖盘
1385,13:27:33,11.57,0.01,114,131898,买盘
1386,13:27:30,11.56,-0.01,8,9248,卖盘
1387,13:27:27,11.57,0.02,26,30082,买盘
1388,13:27:21,11.55,-0.01,232,267960,卖盘
1389,13:27:18,11.56,0.01,25,28900,买盘
1390,13:27:15,11.55,--,20,23100,卖盘
1391,13:27:12,11.55,--,428,494340,卖盘
1392,13:27:09,11.55,-0.01,234,270270,卖盘
1393,13:27:03,11.56,0.01,1,1156,中性盘
1394,13:26:57,11.55,--,200,231000,卖盘
1395,13:26:54,11.55,-0.01,1395,1611225,卖盘
1396,13:26:51,11.56,-0.02,12,13872,卖盘
1397,13:26:48,11.58,0.03,246,285840,买盘
1398,13:26:45,11.55,-0.01,3,3465,卖盘
1399,13:26:42,11.56,--,5,5780,买盘
1400,13:26:39,11.56,--,576,665856,买盘
1401,13:26:36,11.56,--,30,34680,买盘
1402,13:26:33,11.56,--,6,6936,买盘
1403,13:26:30,11.56,-0.03,1548,1789672,卖盘
1404,13:26:21,11.59,--,1,1159,买盘
1405,13:26:18,11.59,--,8,9272,买盘
1406,13:26:15,11.59,--,1835,2127738,买盘
1407,13:26:09,11.59,--,4,4636,买盘
1408,13:26:06,11.59,0.01,45,52155,中性盘
1409,13:26:03,11.58,-0.02,1,1158,卖盘
1410,13:26:00,11.6,0.02,5,5800,买盘
1411,13:25:57,11.58,-0.02,3059,3542322,卖盘
1412,13:25:48,11.6,0.01,33,38280,买盘
1413,13:25:42,11.59,--,40,46360,卖盘
1414,13:25:39,11.59,-0.01,8,9272,卖盘
1415,13:25:36,11.6,0.01,42,48720,买盘
1416,13:25:33,11.59,--,2,2318,卖盘
1417,13:25:30,11.59,-0.01,102,118218,卖盘
1418,13:25:27,11.6,0.01,5,5800,买盘
1419,13:25:24,11.59,--,67,77653,卖盘
1420,13:25:18,11.59,-0.01,150,173850,卖盘
1421,13:25:15,11.6,0.01,30,34800,买盘
1422,13:25:12,11.59,--,19,22021,卖盘
1423,13:25:03,11.59,--,31,35929,卖盘
1424,13:25:00,11.59,-0.01,5,5795,卖盘
1425,13:24:57,11.6,--,10,11600,买盘
1426,13:24:54,11.6,0.01,44,51040,买盘
1427,13:24:51,11.59,-0.01,9,10431,卖盘
1428,13:24:48,11.6,0.01,10,11600,买盘
1429,13:24:45,11.59,--,206,238754,卖盘
1430,13:24:42,11.59,--,27,31293,卖盘
1431,13:24:33,11.59,--,23,26657,卖盘
1432,13:24:30,11.59,-0.01,4,4636,卖盘
1433,13:24:27,11.6,0.01,20,23200,买盘
1434,13:24:24,11.59,--,9,10431,卖盘
1435,13:24:21,11.59,-0.01,3,3477,卖盘
1436,13:24:18,11.6,0.01,74,85840,买盘
1437,13:24:15,11.59,--,15,17385,卖盘
1438,13:24:12,11.59,-0.01,38,44042,卖盘
1439,13:24:09,11.6,--,3,3712,卖盘
1440,13:24:03,11.6,--,20,23200,卖盘
1441,13:24:00,11.6,-0.01,100,116000,卖盘
1442,13:23:57,11.61,0.01,79,91719,买盘
1443,13:23:54,11.6,-0.01,157,182120,卖盘
1444,13:23:51,11.61,0.01,14,16254,买盘
1445,13:23:45,11.6,--,7,8120,卖盘
1446,13:23:42,11.6,--,56,64960,卖盘
1447,13:23:39,11.6,--,92,106720,卖盘
1448,13:23:36,11.6,--,75,87000,卖盘
1449,13:23:33,11.6,--,456,529888,卖盘
1450,13:23:27,11.6,--,15,17400,卖盘
1451,13:23:24,11.6,-0.01,81,93960,卖盘
1452,13:23:21,11.61,0.01,471,546831,买盘
1453,13:23:18,11.6,--,141,163560,卖盘
1454,13:23:15,11.6,--,27,31320,卖盘
1455,13:23:12,11.6,--,33,38280,卖盘
1456,13:23:09,11.6,-0.01,208,241280,卖盘
1457,13:23:06,11.61,0.01,43,49923,买盘
1458,13:23:03,11.6,-0.01,236,273760,卖盘
1459,13:23:00,11.61,0.01,63,73143,买盘
1460,13:22:57,11.6,--,301,349160,卖盘
1461,13:22:54,11.6,-0.01,18,20880,卖盘
1462,13:22:51,11.61,--,15,17415,买盘
1463,13:22:48,11.61,0.01,10,11610,买盘
1464,13:22:45,11.6,--,16,18560,卖盘
1465,13:22:42,11.6,-0.01,10,11600,卖盘
1466,13:22:36,11.61,0.01,5,5805,买盘
1467,13:22:30,11.6,--,24,27840,卖盘
1468,13:22:27,11.6,-0.01,37,42920,卖盘
1469,13:22:24,11.61,-0.01,10,11610,中性盘
1470,13:22:21,11.62,0.01,14,16267,买盘
1471,13:22:18,11.61,--,13,15093,卖盘
1472,13:22:15,11.61,--,9,10449,卖盘
1473,13:22:12,11.61,--,10,11610,卖盘
1474,13:22:09,11.61,--,15,17415,卖盘
1475,13:22:06,11.61,--,13,15093,卖盘
1476,13:22:03,11.61,--,52,60372,买盘
1477,13:22:00,11.61,0.01,30,34830,买盘
1478,13:21:57,11.6,--,118,136880,卖盘
1479,13:21:54,11.6,--,16,18560,卖盘
1480,13:21:51,11.6,--,114,132240,卖盘
1481,13:21:48,11.6,--,59,68440,卖盘
1482,13:21:45,11.6,-0.01,49,56840,卖盘
1483,13:21:42,11.61,--,161,187849,卖盘
1484,13:21:39,11.61,--,326,378486,卖盘
1485,13:21:36,11.61,--,205,238005,卖盘
1486,13:21:33,11.61,-0.01,24,27864,卖盘
1487,13:21:30,11.62,--,116,134792,买盘
1488,13:21:27,11.62,0.01,15,17430,买盘
1489,13:21:24,11.61,-0.01,60,69660,卖盘
1490,13:21:21,11.62,0.01,2,2324,买盘
1491,13:21:18,11.61,-0.01,13,15093,卖盘
1492,13:21:15,11.62,--,14,16267,买盘
1493,13:21:12,11.62,0.01,20,23240,买盘
1494,13:21:09,11.61,-0.01,5,5805,卖盘
1495,13:21:06,11.62,0.01,24,27887,买盘
1496,13:21:03,11.61,--,9,10449,卖盘
1497,13:21:00,11.61,--,35,40635,卖盘
1498,13:20:57,11.61,--,6,6966,卖盘
1499,13:20:54,11.61,--,12,13932,卖盘
1500,13:20:51,11.61,--,36,41796,卖盘
1501,13:20:48,11.61,-0.01,7,8127,卖盘
1502,13:20:45,11.62,--,40,46480,买盘
1503,13:20:39,11.62,0.01,2,2324,买盘
1504,13:20:33,11.61,--,6,6966,卖盘
1505,13:20:30,11.61,-0.01,16,18576,卖盘
1506,13:20:27,11.62,0.01,5,5810,买盘
1507,13:20:21,11.61,-0.01,17,19737,卖盘
1508,13:20:18,11.62,--,101,117361,买盘
1509,13:20:15,11.62,0.01,4,4648,买盘
1510,13:20:12,11.61,--,5,5805,卖盘
1511,13:20:09,11.61,--,33,38313,卖盘
1512,13:20:06,11.61,--,23,26703,卖盘
1513,13:20:03,11.61,--,1,1161,卖盘
1514,13:20:00,11.61,--,7,8127,卖盘
1515,13:19:57,11.61,-0.01,49,56889,卖盘
1516,13:19:54,11.62,0.01,181,210322,买盘
1517,13:19:51,11.61,--,69,80109,卖盘
1518,13:19:48,11.61,--,7,8127,卖盘
1519,13:19:45,11.61,--,5,5805,卖盘
1520,13:19:42,11.61,--,2,2322,卖盘
1521,13:19:39,11.61,--,6,6966,卖盘
1522,13:19:36,11.61,-0.01,4,4644,卖盘
1523,13:19:30,11.62,0.01,5,5810,买盘
1524,13:19:24,11.61,-0.01,2,2322,卖盘
1525,13:19:21,11.62,0.01,3,3485,买盘
1526,13:19:12,11.61,-0.01,5,5805,卖盘
1527,13:19:09,11.62,--,32,37184,买盘
1528,13:19:06,11.62,-0.01,184,213808,卖盘
1529,13:19:03,11.63,--,10,11630,买盘
1530,13:19:00,11.63,0.01,11,12793,买盘
1531,13:18:57,11.62,--,7,8133,卖盘
1532,13:18:54,11.62,--,49,56937,卖盘
1533,13:18:51,11.62,--,51,59261,卖盘
1534,13:18:45,11.62,--,2,2324,卖盘
1535,13:18:42,11.62,-0.01,7,8133,卖盘
1536,13:18:39,11.63,0.01,49,56987,买盘
1537,13:18:36,11.62,--,1,1162,卖盘
1538,13:18:33,11.62,-0.01,7,8133,卖盘
1539,13:18:30,11.63,--,8,9304,买盘
1540,13:18:24,11.63,0.01,3,3489,买盘
1541,13:18:09,11.62,--,10,11620,卖盘
1542,13:18:03,11.62,0.01,16,18592,卖盘
1543,13:17:57,11.61,-0.01,100,116100,卖盘
1544,13:17:54,11.62,0.01,61,70882,买盘
1545,13:17:51,11.61,--,4,4644,卖盘
1546,13:17:45,11.61,-0.01,8,9288,卖盘
1547,13:17:39,11.62,0.01,5,5810,买盘
1548,13:17:30,11.61,-0.01,47,54567,卖盘
1549,13:17:18,11.62,--,11,12782,卖盘
1550,13:17:15,11.62,--,90,104580,卖盘
1551,13:17:06,11.62,--,7,8133,卖盘
1552,13:17:03,11.62,--,2,2324,卖盘
1553,13:17:00,11.62,-0.01,40,46480,卖盘
1554,13:16:57,11.63,--,10,11630,买盘
1555,13:16:54,11.63,--,3,3489,买盘
1556,13:16:51,11.63,0.01,26,30284,买盘
1557,13:16:48,11.62,--,31,36022,卖盘
1558,13:16:42,11.62,--,100,116199,卖盘
1559,13:16:33,11.62,--,1,1162,卖盘
1560,13:16:30,11.62,--,3,3485,卖盘
1561,13:16:24,11.62,--,54,62747,卖盘
1562,13:16:12,11.62,--,139,161518,卖盘
1563,13:16:06,11.62,--,7,8133,卖盘
1564,13:16:03,11.62,--,2,2324,卖盘
1565,13:16:00,11.62,-0.01,7,8133,卖盘
1566,13:15:54,11.63,--,264,307032,买盘
1567,13:15:51,11.63,0.01,14,16282,买盘
1568,13:15:48,11.62,--,5,5810,卖盘
1569,13:15:42,11.62,--,10,11620,卖盘
1570,13:15:39,11.62,--,0,929,卖盘
1571,13:15:33,11.62,-0.01,2,2324,卖盘
1572,13:15:30,11.63,0.01,31,36053,买盘
1573,13:15:24,11.62,--,15,17430,卖盘
1574,13:15:21,11.62,--,1,1162,卖盘
1575,13:15:18,11.62,-0.01,17,19754,卖盘
1576,13:15:15,11.63,0.01,35,40705,买盘
1577,13:15:03,11.62,--,40,46480,卖盘
1578,13:15:00,11.62,--,50,58099,卖盘
1579,13:14:54,11.62,--,1,1162,卖盘
1580,13:14:51,11.62,--,7,8133,卖盘
1581,13:14:45,11.62,--,4,4648,卖盘
1582,13:14:42,11.62,-0.01,10,11620,卖盘
1583,13:14:39,11.63,0.01,1,1163,买盘
1584,13:14:36,11.62,--,35,40670,卖盘
1585,13:14:33,11.62,--,1,1162,卖盘
1586,13:14:30,11.62,--,10,11620,卖盘
1587,13:14:27,11.62,--,129,149898,卖盘
1588,13:14:24,11.62,--,20,23240,卖盘
1589,13:14:15,11.62,-0.01,4,4648,卖盘
1590,13:14:12,11.63,0.01,9,10467,买盘
1591,13:14:09,11.62,-0.01,3,3485,卖盘
1592,13:14:06,11.63,0.01,25,29075,买盘
1593,13:14:03,11.62,-0.01,4,4648,卖盘
1594,13:13:54,11.63,0.01,40,46520,买盘
1595,13:13:51,11.62,--,58,67396,卖盘
1596,13:13:48,11.62,--,10,11620,卖盘
1597,13:13:45,11.62,--,30,34860,卖盘
1598,13:13:42,11.62,--,453,526386,买盘
1599,13:13:36,11.62,--,15,17430,买盘
1600,13:13:33,11.62,--,28,32535,买盘
1601,13:13:24,11.62,--,26,30211,卖盘
1602,13:13:18,11.62,0.01,6,6971,中性盘
1603,13:13:12,11.61,-0.01,264,306921,卖盘
1604,13:13:09,11.62,0.01,44,51128,买盘
1605,13:13:03,11.61,-0.01,7,8127,卖盘
1606,13:12:57,11.62,--,4,4648,买盘
1607,13:12:54,11.62,0.01,3,3485,买盘
1608,13:12:51,11.61,-0.01,1,1161,卖盘
1609,13:12:48,11.62,--,647,752557,卖盘
1610,13:12:45,11.62,-0.01,10,11620,卖盘
1611,13:12:36,11.63,--,340,395420,买盘
1612,13:12:33,11.63,0.01,17,19771,买盘
1613,13:12:27,11.62,--,25,29049,卖盘
1614,13:12:21,11.62,-0.01,1,1162,卖盘
1615,13:12:18,11.63,--,4,4652,买盘
1616,13:12:15,11.63,--,57,66291,买盘
1617,13:12:12,11.63,-0.01,39,45357,卖盘
1618,13:12:09,11.64,--,5,5820,买盘
1619,13:12:03,11.64,0.02,5,5820,买盘
1620,13:11:57,11.62,--,57,66234,卖盘
1621,13:11:54,11.62,-0.02,52,60423,卖盘
1622,13:11:42,11.64,0.01,12,13968,买盘
1623,13:11:39,11.63,-0.01,15,17445,卖盘
1624,13:11:30,11.64,0.01,18,20952,买盘
1625,13:11:27,11.63,--,10,11630,卖盘
1626,13:11:21,11.63,-0.01,24,27912,卖盘
1627,13:11:18,11.64,0.01,12,13968,买盘
1628,13:11:15,11.63,--,5,5815,卖盘
1629,13:11:09,11.63,-0.01,14,16282,卖盘
1630,13:11:06,11.64,0.01,63,73332,买盘
1631,13:11:03,11.63,--,30,34890,买盘
1632,13:11:00,11.63,0.01,43,50009,买盘
1633,13:10:57,11.62,-0.01,4,4648,卖盘
1634,13:10:54,11.63,0.01,306,355878,买盘
1635,13:10:48,11.62,-0.01,5,5810,卖盘
1636,13:10:45,11.63,--,7,8141,买盘
1637,13:10:42,11.63,--,106,123278,卖盘
1638,13:10:39,11.63,0.01,27,31401,买盘
1639,13:10:27,11.62,-0.01,17,19754,卖盘
1640,13:10:24,11.63,--,34,39542,卖盘
1641,13:10:21,11.63,--,1,1163,卖盘
1642,13:10:18,11.63,--,19,22097,卖盘
1643,13:10:15,11.63,--,8,9304,卖盘
1644,13:10:12,11.63,--,8,9304,卖盘
1645,13:10:09,11.63,--,20,23260,卖盘
1646,13:10:06,11.63,--,55,63965,买盘
1647,13:10:03,11.63,--,17,19771,买盘
1648,13:10:00,11.63,0.01,4,4652,买盘
1649,13:09:51,11.62,--,57,66234,卖盘
1650,13:09:39,11.62,--,7,8133,卖盘
1651,13:09:36,11.62,-0.01,273,317226,卖盘
1652,13:09:33,11.63,-0.01,1,1163,卖盘
1653,13:09:30,11.64,--,78,90792,买盘
1654,13:09:27,11.64,0.01,4,4656,买盘
1655,13:09:15,11.63,-0.01,42,48846,卖盘
1656,13:09:12,11.64,0.01,59,68676,买盘
1657,13:09:03,11.63,-0.01,1,1163,卖盘
1658,13:08:51,11.64,0.01,10,11640,买盘
1659,13:08:48,11.63,--,6,6978,卖盘
1660,13:08:45,11.63,--,1,1163,卖盘
1661,13:08:36,11.63,--,2,2326,卖盘
1662,13:08:33,11.63,-0.01,1,1163,卖盘
1663,13:08:24,11.64,0.01,18,20952,买盘
1664,13:08:15,11.63,-0.01,5,5815,卖盘
1665,13:08:12,11.64,--,7,8148,买盘
1666,13:08:09,11.64,0.01,2,2328,买盘
1667,13:08:03,11.63,--,16,18608,卖盘
1668,13:08:00,11.63,0.01,19,22097,买盘
1669,13:07:51,11.62,--,63,73206,卖盘
1670,13:07:48,11.62,--,21,24402,卖盘
1671,13:07:45,11.62,--,51,59261,卖盘
1672,13:07:33,11.62,-0.01,8,9296,卖盘
1673,13:07:30,11.63,--,7,8141,买盘
1674,13:07:21,11.63,0.01,3,3489,中性盘
1675,13:07:15,11.62,-0.01,1,1162,卖盘
1676,13:07:09,11.63,--,5,5815,买盘
1677,13:07:03,11.63,--,14,16282,买盘
1678,13:07:00,11.63,--,70,81410,买盘
1679,13:06:57,11.63,--,48,56568,卖盘
1680,13:06:45,11.63,--,128,148864,卖盘
1681,13:06:42,11.63,-0.01,6,6978,卖盘
1682,13:06:36,11.64,0.01,21,24444,买盘
1683,13:06:33,11.63,-0.01,1,1163,卖盘
1684,13:06:21,11.64,--,2,2328,买盘
1685,13:06:15,11.64,0.01,42,48888,买盘
1686,13:06:12,11.63,-0.01,155,180265,卖盘
1687,13:06:09,11.64,--,3,3492,买盘
1688,13:06:06,11.64,0.01,36,41904,买盘
1689,13:06:03,11.63,-0.01,139,161657,卖盘
1690,13:05:57,11.64,0.01,20,23280,买盘
1691,13:05:51,11.63,--,66,76758,卖盘
1692,13:05:48,11.63,-0.01,150,174450,卖盘
1693,13:05:45,11.64,--,1,1164,买盘
1694,13:05:39,11.64,0.01,7,8148,买盘
1695,13:05:33,11.63,-0.01,8,9304,卖盘
1696,13:05:27,11.64,--,1,1164,买盘
1697,13:05:24,11.64,0.01,4,4656,买盘
1698,13:05:18,11.63,--,13,15119,卖盘
1699,13:05:15,11.63,--,1,1163,卖盘
1700,13:05:12,11.63,--,19,22097,卖盘
1701,13:05:09,11.63,-0.01,20,23260,卖盘
1702,13:05:06,11.64,0.01,12,13968,买盘
1703,13:05:03,11.63,--,30,34890,卖盘
1704,13:04:57,11.63,-0.01,21,24423,卖盘
1705,13:04:48,11.64,0.01,5,5820,买盘
1706,13:04:45,11.63,--,37,43031,卖盘
1707,13:04:42,11.63,--,39,45357,卖盘
1708,13:04:33,11.63,-0.01,1,1163,卖盘
1709,13:04:27,11.64,--,5,5820,买盘
1710,13:04:21,11.64,0.01,55,64020,买盘
1711,13:04:18,11.63,--,20,23260,卖盘
1712,13:04:09,11.63,-0.01,31,36053,卖盘
1713,13:04:03,11.64,0.01,23,26772,买盘
1714,13:04:00,11.63,-0.01,59,68617,卖盘
1715,13:03:57,11.64,--,10,11640,买盘
1716,13:03:54,11.64,--,2,2328,买盘
1717,13:03:51,11.64,--,11,12804,买盘
1718,13:03:42,11.64,--,127,147828,买盘
1719,13:03:39,11.64,-0.01,234,273516,卖盘
1720,13:03:36,11.65,--,1,1165,买盘
1721,13:03:33,11.65,--,4,4660,买盘
1722,13:03:30,11.65,0.01,30,34950,买盘
1723,13:03:27,11.64,-0.01,73,84972,卖盘
1724,13:03:12,11.65,0.01,4,4660,买盘
1725,13:03:09,11.64,-0.01,21,24444,卖盘
1726,13:03:06,11.65,--,2,2330,买盘
1727,13:03:03,11.65,--,11,12815,买盘
1728,13:03:00,11.65,--,14,16310,买盘
1729,13:02:57,11.65,0.01,1,1165,买盘
1730,13:02:54,11.64,--,57,66348,卖盘
1731,13:02:51,11.64,0.01,661,769427,买盘
1732,13:02:48,11.63,--,39,45357,卖盘
1733,13:02:45,11.63,--,2,2326,卖盘
1734,13:02:42,11.63,-0.01,6,6978,卖盘
1735,13:02:24,11.64,0.01,4,4656,买盘
1736,13:02:21,11.63,-0.01,28,32564,卖盘
1737,13:02:18,11.64,--,35,40740,买盘
1738,13:02:15,11.64,--,17,19788,买盘
1739,13:02:12,11.64,--,84,97776,买盘
1740,13:02:09,11.64,--,167,194388,买盘
1741,13:02:06,11.64,0.01,9,10476,买盘
1742,13:02:03,11.63,-0.01,45,52335,卖盘
1743,13:02:00,11.64,0.01,12,13968,买盘
1744,13:01:57,11.63,--,60,69780,卖盘
1745,13:01:54,11.63,-0.01,7,8141,卖盘
1746,13:01:45,11.64,0.01,1,1164,买盘
1747,13:01:42,11.63,-0.01,2,2326,卖盘
1748,13:01:15,11.64,--,3,3492,买盘
1749,13:01:12,11.64,--,466,542424,买盘
1750,13:01:09,11.64,-0.01,1976,2301204,卖盘
1751,13:01:06,11.65,--,1,1165,买盘
1752,13:01:03,11.65,--,6,6990,买盘
1753,13:01:00,11.65,--,10,11650,买盘
1754,13:00:57,11.65,--,50,58250,买盘
1755,13:00:48,11.65,--,2,2330,买盘
1756,13:00:45,11.65,--,10,11650,买盘
1757,13:00:36,11.65,--,7,8155,买盘
1758,13:00:33,11.65,0.01,22,25630,买盘
1759,13:00:30,11.64,--,10,11640,卖盘
1760,13:00:27,11.64,-0.01,50,58200,卖盘
1761,13:00:24,11.65,0.01,36,41940,买盘
1762,13:00:21,11.64,-0.01,160,186240,卖盘
1763,13:00:12,11.65,--,1,1165,买盘
1764,13:00:09,11.65,0.01,24,27960,买盘
1765,13:00:06,11.64,--,141,164124,卖盘
1766,13:00:03,11.64,--,465,541283,卖盘
1767,13:00:00,11.64,--,0,0,卖盘
1768,11:30:00,11.64,--,0,0,卖盘
1769,11:29:57,11.64,--,14,16296,买盘
1770,11:29:54,11.64,--,63,73332,买盘
1771,11:29:51,11.64,--,8,9312,卖盘
1772,11:29:48,11.64,--,9,10476,卖盘
1773,11:29:42,11.64,--,5,5820,买盘
1774,11:29:39,11.64,--,7,8148,买盘
1775,11:29:36,11.64,--,38,44232,买盘
1776,11:29:30,11.64,--,53,61692,买盘
1777,11:29:27,11.64,0.01,40,46560,卖盘
1778,11:29:24,11.63,-0.02,36,41868,卖盘
1779,11:29:21,11.65,--,5,5825,买盘
1780,11:29:18,11.65,0.01,28,32620,买盘
1781,11:29:15,11.64,-0.01,8,9312,卖盘
1782,11:29:06,11.65,--,9,10485,买盘
1783,11:29:03,11.65,--,51,59415,买盘
1784,11:28:57,11.65,0.01,27,31455,买盘
1785,11:28:54,11.64,--,141,164124,卖盘
1786,11:28:51,11.64,-0.01,26,30264,卖盘
1787,11:28:48,11.65,--,10,11650,买盘
1788,11:28:45,11.65,--,4,4660,买盘
1789,11:28:42,11.65,0.01,22,25630,买盘
1790,11:28:39,11.64,-0.01,7,8148,卖盘
1791,11:28:36,11.65,0.01,4,4660,买盘
1792,11:28:33,11.64,-0.01,22,25608,卖盘
1793,11:28:30,11.65,0.01,16,18640,买盘
1794,11:28:27,11.64,-0.01,85,98940,卖盘
1795,11:28:21,11.65,0.01,5,5825,买盘
1796,11:28:18,11.64,-0.01,23,26772,卖盘
1797,11:28:15,11.65,0.01,2,2330,买盘
1798,11:28:12,11.64,-0.01,12,13968,卖盘
1799,11:28:03,11.65,--,6,6990,买盘
1800,11:28:00,11.65,0.01,22,25630,买盘
1801,11:27:57,11.64,-0.01,10,11640,卖盘
1802,11:27:54,11.65,0.01,6,6990,买盘
1803,11:27:51,11.64,-0.01,29,33756,卖盘
1804,11:27:48,11.65,--,14,16310,买盘
1805,11:27:45,11.65,0.01,150,174750,买盘
1806,11:27:36,11.64,-0.01,1,1164,卖盘
1807,11:27:33,11.65,--,29,33785,买盘
1808,11:27:30,11.65,0.01,30,34950,买盘
1809,11:27:21,11.64,-0.01,1,1164,卖盘
1810,11:27:09,11.65,--,2,2330,买盘
1811,11:27:06,11.65,0.01,217,252805,买盘
1812,11:27:03,11.64,-0.01,551,641364,卖盘
1813,11:27:00,11.65,0.01,17,19805,买盘
1814,11:26:57,11.64,--,50,58200,卖盘
1815,11:26:51,11.64,-0.01,7,8148,卖盘
1816,11:26:48,11.65,--,30,34950,买盘
1817,11:26:45,11.65,0.01,7,8155,买盘
1818,11:26:42,11.64,-0.01,11,12804,卖盘
1819,11:26:39,11.65,0.01,8,9320,买盘
1820,11:26:36,11.64,--,45,52380,卖盘
1821,11:26:33,11.64,-0.01,17,19788,卖盘
1822,11:26:27,11.65,--,2,2330,买盘
1823,11:26:24,11.65,0.01,10,11650,买盘
1824,11:26:21,11.64,-0.01,3,3492,卖盘
1825,11:26:18,11.65,0.01,10,11650,买盘
1826,11:26:12,11.64,-0.01,1,1164,卖盘
1827,11:26:06,11.65,0.02,2,2330,买盘
1828,11:26:03,11.63,-0.02,10,11630,卖盘
1829,11:26:00,11.65,--,10,11650,买盘
1830,11:25:51,11.65,--,10,11650,买盘
1831,11:25:48,11.65,0.01,52,60580,买盘
1832,11:25:45,11.64,-0.01,8,9312,卖盘
1833,11:25:42,11.65,0.01,10,11650,买盘
1834,11:25:39,11.64,--,20,23280,卖盘
1835,11:25:36,11.64,-0.01,66,76824,卖盘
1836,11:25:33,11.65,--,31,36115,买盘
1837,11:25:30,11.65,--,70,81550,买盘
1838,11:25:27,11.65,--,190,221350,买盘
1839,11:25:24,11.65,0.01,18,20970,买盘
1840,11:25:21,11.64,-0.01,1,1164,卖盘
1841,11:25:12,11.65,--,2,2330,买盘
1842,11:25:09,11.65,0.01,11,12815,买盘
1843,11:25:06,11.64,-0.01,2,2328,卖盘
1844,11:25:03,11.65,0.01,12,13980,买盘
1845,11:25:00,11.64,-0.01,60,69840,卖盘
1846,11:24:57,11.65,--,5,5825,买盘
1847,11:24:54,11.65,0.01,28,32620,买盘
1848,11:24:51,11.64,--,15,17460,卖盘
1849,11:24:48,11.64,-0.01,21,24444,卖盘
1850,11:24:45,11.65,--,2,2330,买盘
1851,11:24:42,11.65,--,16,18640,买盘
1852,11:24:39,11.65,0.01,16,18640,买盘
1853,11:24:36,11.64,-0.01,8,9312,卖盘
1854,11:24:33,11.65,0.01,5,5825,买盘
1855,11:24:30,11.64,-0.01,34,39576,卖盘
1856,11:24:27,11.65,0.01,20,23300,买盘
1857,11:24:24,11.64,--,16,18624,卖盘
1858,11:24:21,11.64,-0.01,1,1164,卖盘
1859,11:24:18,11.65,--,10,11650,买盘
1860,11:24:09,11.65,0.01,10,11650,买盘
1861,11:24:06,11.64,--,3,3492,卖盘
1862,11:24:03,11.64,--,2,2328,卖盘
1863,11:24:00,11.64,0.01,105,122220,买盘
1864,11:23:57,11.63,-0.01,13,15119,卖盘
1865,11:23:54,11.64,--,14,16296,买盘
1866,11:23:51,11.64,--,8,9312,买盘
1867,11:23:48,11.64,--,40,46560,买盘
1868,11:23:45,11.64,0.01,1,1164,买盘
1869,11:23:42,11.63,-0.01,6,6978,卖盘
1870,11:23:39,11.64,0.01,225,261900,买盘
1871,11:23:36,11.63,0.01,1216,1414626,买盘
1872,11:23:33,11.62,-0.01,1,1162,卖盘
1873,11:23:30,11.63,--,1,1163,买盘
1874,11:23:24,11.63,0.01,10,11630,买盘
1875,11:23:21,11.62,-0.01,48,55775,卖盘
1876,11:23:09,11.63,0.01,5,5815,买盘
1877,11:23:06,11.62,-0.01,28,32535,卖盘
1878,11:23:03,11.63,0.01,36,41868,买盘
1879,11:23:00,11.62,--,67,77854,卖盘
1880,11:22:51,11.62,-0.01,7,8133,卖盘
1881,11:22:48,11.63,--,29,33727,买盘
1882,11:22:45,11.63,--,8,9304,买盘
1883,11:22:42,11.63,0.01,1,1163,买盘
1884,11:22:39,11.62,--,7,8133,卖盘
1885,11:22:36,11.62,--,36,41832,卖盘
1886,11:22:33,11.62,-0.01,20,23240,卖盘
1887,11:22:27,11.63,--,1,1163,买盘
1888,11:22:24,11.63,0.01,5,5815,买盘
1889,11:22:21,11.62,-0.01,13,15105,卖盘
1890,11:22:18,11.63,--,1,1163,买盘
1891,11:22:15,11.63,0.01,5,5815,买盘
1892,11:22:06,11.62,-0.01,4,4648,卖盘
1893,11:22:03,11.63,--,37,43031,买盘
1894,11:22:00,11.63,0.01,142,165146,买盘
1895,11:21:57,11.62,--,119,138278,卖盘
1896,11:21:54,11.62,--,7,8133,卖盘
1897,11:21:51,11.62,--,7,8133,卖盘
1898,11:21:48,11.62,-0.01,31,36022,卖盘
1899,11:21:45,11.63,--,16,18608,买盘
1900,11:21:42,11.63,--,49,56987,买盘
1901,11:21:39,11.63,0.01,122,141886,买盘
1902,11:21:36,11.62,--,12,13943,卖盘
1903,11:21:33,11.62,-0.01,14,16267,卖盘
1904,11:21:30,11.63,0.01,1,1163,买盘
1905,11:21:27,11.62,--,2,2324,卖盘
1906,11:21:21,11.62,--,5,5810,卖盘
1907,11:21:18,11.62,-0.01,20,23240,卖盘
1908,11:21:15,11.63,0.01,8,9304,买盘
1909,11:21:12,11.62,-0.01,38,44156,卖盘
1910,11:21:09,11.63,0.01,1,1163,买盘
1911,11:21:06,11.62,-0.01,7,8552,卖盘
1912,11:21:03,11.63,0.01,17,19771,买盘
1913,11:21:00,11.62,-0.01,72,83664,卖盘
1914,11:20:54,11.63,--,1,1163,买盘
1915,11:20:51,11.63,0.01,8,9304,买盘
1916,11:20:48,11.62,-0.01,35,40670,卖盘
1917,11:20:45,11.63,0.01,111,129093,买盘
1918,11:20:42,11.62,-0.01,21,24402,卖盘
1919,11:20:39,11.63,0.01,2,2326,买盘
1920,11:20:36,11.62,-0.01,12,13943,卖盘
1921,11:20:33,11.63,--,2,2326,买盘
1922,11:20:30,11.63,--,13,15119,买盘
1923,11:20:27,11.63,--,65,75595,买盘
1924,11:20:24,11.63,0.01,16,18608,买盘
1925,11:20:21,11.62,-0.01,113,131306,卖盘
1926,11:20:18,11.63,--,185,215155,买盘
1927,11:20:15,11.63,--,45,52335,买盘
1928,11:20:12,11.63,--,11,12793,买盘
1929,11:20:09,11.63,0.01,66,76758,买盘
1930,11:20:06,11.62,-0.01,78,90636,卖盘
1931,11:20:03,11.63,--,6,6978,买盘
1932,11:20:00,11.63,--,1,1163,买盘
1933,11:19:57,11.63,--,3,3489,买盘
1934,11:19:54,11.63,0.01,5,5815,买盘
1935,11:19:51,11.62,-0.01,32,37184,卖盘
1936,11:19:48,11.63,--,28,32564,买盘
1937,11:19:45,11.63,0.01,8,9304,买盘
1938,11:19:42,11.62,-0.01,41,47642,卖盘
1939,11:19:39,11.63,0.01,1,1163,买盘
1940,11:19:36,11.62,-0.01,2,2324,卖盘
1941,11:19:33,11.63,--,3,3489,买盘
1942,11:19:30,11.63,--,13,15119,买盘
1943,11:19:27,11.63,--,23,26749,买盘
1944,11:19:24,11.63,0.01,9,10467,买盘
1945,11:19:21,11.62,-0.01,12,13943,卖盘
1946,11:19:18,11.63,--,10,11630,买盘
1947,11:19:15,11.63,--,19,22097,买盘
1948,11:19:12,11.63,--,116,134908,买盘
1949,11:19:09,11.63,0.01,565,657095,买盘
1950,11:19:06,11.62,--,58,67396,卖盘
1951,11:19:03,11.62,-0.01,2,2324,卖盘
1952,11:18:54,11.63,--,2,2326,买盘
1953,11:18:51,11.63,--,12,13956,买盘
1954,11:18:48,11.63,--,18,20934,买盘
1955,11:18:45,11.63,--,86,100018,买盘
1956,11:18:42,11.63,--,23,26749,买盘
1957,11:18:39,11.63,0.01,25,29075,买盘
1958,11:18:36,11.62,-0.01,74,85988,卖盘
1959,11:18:33,11.63,--,41,47683,买盘
1960,11:18:30,11.63,0.01,12,13956,买盘
1961,11:18:27,11.62,-0.01,7,8366,卖盘
1962,11:18:24,11.63,0.01,29,33727,买盘
1963,11:18:21,11.62,--,81,94122,卖盘
1964,11:18:18,11.62,-0.01,7,8133,卖盘
1965,11:18:15,11.63,--,11,12793,买盘
1966,11:18:09,11.63,0.01,35,40705,买盘
1967,11:18:06,11.62,--,14,16267,卖盘
1968,11:18:03,11.62,-0.01,1,1162,卖盘
1969,11:18:00,11.63,--,37,43031,买盘
1970,11:17:57,11.63,0.01,14,16282,买盘
1971,11:17:51,11.62,-0.01,1,1162,卖盘
1972,11:17:45,11.63,--,7,8141,买盘
1973,11:17:42,11.63,--,59,69361,卖盘
1974,11:17:39,11.63,0.01,1,1581,买盘
1975,11:17:36,11.62,-0.01,18,20916,卖盘
1976,11:17:33,11.63,--,6,7722,卖盘
1977,11:17:30,11.63,--,43,50427,买盘
1978,11:17:24,11.63,--,3,3489,买盘
1979,11:17:21,11.63,--,37,43031,买盘
1980,11:17:18,11.63,--,40,46520,买盘
1981,11:17:12,11.63,--,24,27912,买盘
1982,11:17:09,11.63,0.01,142,165146,买盘
1983,11:17:06,11.62,-0.01,6,6971,卖盘
1984,11:17:03,11.63,0.01,69,80247,买盘
1985,11:17:00,11.62,--,66,76692,卖盘
1986,11:16:57,11.62,--,5,5810,卖盘
1987,11:16:48,11.62,--,21,24402,卖盘
1988,11:16:45,11.62,-0.01,36,41832,卖盘
1989,11:16:39,11.63,0.01,34,39542,买盘
1990,11:16:36,11.62,-0.01,31,36022,卖盘
1991,11:16:33,11.63,0.01,10,11630,买盘
1992,11:16:30,11.62,--,10,11620,卖盘
1993,11:16:18,11.62,--,17,19754,卖盘
1994,11:16:15,11.62,--,20,23240,卖盘
1995,11:16:12,11.62,0.01,1333,1548946,买盘
1996,11:16:06,11.61,--,3,3483,卖盘
1997,11:16:03,11.61,-0.01,10,11610,卖盘
1998,11:16:00,11.62,--,14,16267,买盘
1999,11:15:57,11.62,0.01,8,9296,买盘
2000,11:15:51,11.61,-0.01,54,62694,卖盘
2001,11:15:48,11.62,0.01,61,70882,买盘
2002,11:15:39,11.61,--,36,41796,卖盘
2003,11:15:36,11.61,-0.01,23,26703,卖盘
2004,11:15:33,11.62,--,14,16267,买盘
2005,11:15:30,11.62,0.01,4,4648,买盘
2006,11:15:21,11.61,--,7,8127,卖盘
2007,11:15:15,11.61,--,2,2322,卖盘
2008,11:15:06,11.61,--,1,1161,卖盘
2009,11:15:03,11.61,--,5,5805,卖盘
2010,11:15:00,11.61,--,64,74304,卖盘
2011,11:14:57,11.61,--,276,320436,卖盘
2012,11:14:54,11.61,--,15,17415,卖盘
2013,11:14:51,11.61,--,25,29025,卖盘
2014,11:14:48,11.61,--,2,2322,卖盘
2015,11:14:36,11.61,--,30,34830,卖盘
2016,11:14:33,11.61,--,1,1161,卖盘
2017,11:14:27,11.61,--,121,140481,卖盘
2018,11:14:21,11.61,--,10,11610,卖盘
2019,11:14:18,11.61,-0.01,6,6966,卖盘
2020,11:14:15,11.62,0.01,7,8133,买盘
2021,11:14:09,11.61,--,3,3483,卖盘
2022,11:14:06,11.61,--,22,25542,卖盘
2023,11:14:03,11.61,-0.01,107,124227,卖盘
2024,11:14:00,11.62,0.01,200,232399,买盘
2025,11:13:57,11.61,-0.01,7,8127,卖盘
2026,11:13:54,11.62,0.01,490,569380,买盘
2027,11:13:51,11.61,-0.01,19,22059,卖盘
2028,11:13:48,11.62,0.01,10,11620,买盘
2029,11:13:45,11.61,--,4,4644,卖盘
2030,11:13:42,11.61,--,1,1161,卖盘
2031,11:13:39,11.61,--,1,1161,卖盘
2032,11:13:36,11.61,--,22,25542,卖盘
2033,11:13:27,11.61,--,4,4644,卖盘
2034,11:13:24,11.61,--,5,5805,卖盘
2035,11:13:21,11.61,--,6,6966,卖盘
2036,11:13:15,11.61,-0.01,7,8127,卖盘
2037,11:13:12,11.62,--,10,11620,买盘
2038,11:13:09,11.62,0.01,72,83664,买盘
2039,11:13:06,11.61,-0.01,2,2322,卖盘
2040,11:13:03,11.62,0.01,56,65071,买盘
2041,11:13:00,11.61,-0.01,40,46440,卖盘
2042,11:12:57,11.62,--,40,46480,买盘
2043,11:12:54,11.62,0.01,5,5810,买盘
2044,11:12:51,11.61,--,37,42957,卖盘
2045,11:12:48,11.61,-0.01,1,1161,卖盘
2046,11:12:42,11.62,--,40,46480,买盘
2047,11:12:39,11.62,0.01,10,11620,买盘
2048,11:12:36,11.61,-0.01,24,27864,卖盘
2049,11:12:33,11.62,--,30,34860,买盘
2050,11:12:30,11.62,--,8,9296,买盘
2051,11:12:27,11.62,--,15,17430,买盘
2052,11:12:24,11.62,0.01,5,5810,买盘
2053,11:12:21,11.61,--,1,1161,卖盘
2054,11:12:18,11.61,-0.01,53,61533,卖盘
2055,11:12:12,11.62,0.01,13,15105,买盘
2056,11:12:06,11.61,-0.01,3,3483,卖盘
2057,11:12:03,11.62,0.01,108,125495,买盘
2058,11:12:00,11.61,-0.01,7,8127,卖盘
2059,11:11:57,11.62,0.01,13,15105,买盘
2060,11:11:54,11.61,--,60,69660,卖盘
2061,11:11:51,11.61,-0.01,1,1161,卖盘
2062,11:11:48,11.62,--,3,3485,买盘
2063,11:11:39,11.62,0.01,7,8133,买盘
2064,11:11:36,11.61,0.01,1,1161,中性盘
2065,11:11:33,11.6,--,7,8120,卖盘
2066,11:11:30,11.6,-0.02,21,24360,卖盘
2067,11:11:27,11.62,--,21,24402,买盘
2068,11:11:24,11.62,--,14,16267,买盘
2069,11:11:21,11.62,0.01,88,102256,买盘
2070,11:11:12,11.61,0.01,20,23220,买盘
2071,11:11:06,11.6,-0.01,180,208800,卖盘
2072,11:11:03,11.61,0.01,354,410994,买盘
2073,11:11:00,11.6,-0.01,5,5800,卖盘
2074,11:10:54,11.61,0.01,70,81270,买盘
2075,11:10:51,11.6,--,1,1160,卖盘
2076,11:10:48,11.6,-0.01,6,6960,卖盘
2077,11:10:45,11.61,0.01,38,44118,买盘
2078,11:10:36,11.6,--,5,5800,卖盘
2079,11:10:33,11.6,--,7,8120,卖盘
2080,11:10:30,11.6,--,26,30160,卖盘
2081,11:10:15,11.6,-0.01,3,3480,卖盘
2082,11:10:12,11.61,0.01,21,24381,买盘
2083,11:10:09,11.6,-0.01,13,15080,卖盘
2084,11:10:06,11.61,0.01,13,15093,买盘
2085,11:10:03,11.6,--,3,3480,卖盘
2086,11:10:00,11.6,-0.01,45,52200,卖盘
2087,11:09:57,11.61,0.01,5,5805,买盘
2088,11:09:51,11.6,--,177,205320,卖盘
2089,11:09:42,11.6,--,101,117160,卖盘
2090,11:09:36,11.6,--,41,47560,卖盘
2091,11:09:33,11.6,--,2,2320,卖盘
2092,11:09:30,11.6,-0.01,281,325960,卖盘
2093,11:09:27,11.61,0.01,11,12771,买盘
2094,11:09:24,11.6,--,1,1160,卖盘
2095,11:09:21,11.6,--,20,23200,卖盘
2096,11:09:15,11.6,--,7,8120,卖盘
2097,11:09:12,11.6,-0.01,90,104400,卖盘
2098,11:09:06,11.61,--,77,89397,买盘
2099,11:09:03,11.61,0.01,8,9288,买盘
2100,11:09:00,11.6,--,20,23200,卖盘
2101,11:08:57,11.6,-0.01,10,11600,卖盘
2102,11:08:54,11.61,0.01,31,35991,买盘
2103,11:08:48,11.6,--,39,45240,卖盘
2104,11:08:42,11.6,-0.01,4,4640,卖盘
2105,11:08:39,11.61,0.01,6,6966,买盘
2106,11:08:36,11.6,-0.01,990,1148400,卖盘
2107,11:08:33,11.61,--,10,11610,买盘
2108,11:08:30,11.61,-0.01,46,53406,卖盘
2109,11:08:27,11.62,0.01,19,22078,买盘
2110,11:08:24,11.61,0.01,12,13932,买盘
2111,11:08:21,11.6,--,30,34800,卖盘
2112,11:08:18,11.6,--,15,17400,卖盘
2113,11:08:12,11.6,--,12,13920,卖盘
2114,11:08:06,11.6,-0.01,201,233160,卖盘
2115,11:08:03,11.61,--,3,3483,卖盘
2116,11:08:00,11.61,--,12,13932,卖盘
2117,11:07:54,11.61,--,34,39474,买盘
2118,11:07:51,11.61,--,34,39474,卖盘
2119,11:07:48,11.61,--,164,190404,卖盘
2120,11:07:39,11.61,--,10,11610,卖盘
2121,11:07:36,11.61,--,22,25542,卖盘
2122,11:07:30,11.61,--,41,47601,卖盘
2123,11:07:27,11.61,--,1,1161,卖盘
2124,11:07:24,11.61,--,265,307665,卖盘
2125,11:07:21,11.61,--,31,35991,卖盘
2126,11:07:18,11.61,--,5,5805,卖盘
2127,11:07:15,11.61,--,10,11610,卖盘
2128,11:07:06,11.61,--,1,1161,卖盘
2129,11:07:03,11.61,-0.01,4,4644,卖盘
2130,11:07:00,11.62,0.01,13,15105,买盘
2131,11:06:57,11.61,--,181,210141,卖盘
2132,11:06:54,11.61,-0.01,5,5805,卖盘
2133,11:06:48,11.62,0.01,3,3485,买盘
2134,11:06:45,11.61,--,26,30186,卖盘
2135,11:06:42,11.61,-0.01,73,84753,卖盘
2136,11:06:39,11.62,0.01,176,204512,买盘
2137,11:06:36,11.61,--,52,60372,买盘
2138,11:06:33,11.61,0.01,128,148608,买盘
2139,11:06:30,11.6,-0.01,22,25520,卖盘
2140,11:06:27,11.61,0.01,31,35991,买盘
2141,11:06:24,11.6,-0.01,5,5800,卖盘
2142,11:06:12,11.61,0.01,6,6966,买盘
2143,11:06:09,11.6,--,90,104400,卖盘
2144,11:06:06,11.6,--,5,5800,卖盘
2145,11:06:03,11.6,--,1,1160,卖盘
2146,11:05:57,11.6,-0.01,127,147320,卖盘
2147,11:05:54,11.61,-0.01,2,2322,买盘
2148,11:05:51,11.62,0.02,23,26726,买盘
2149,11:05:48,11.6,-0.01,20,23200,卖盘
2150,11:05:45,11.61,--,10,11610,卖盘
2151,11:05:42,11.61,--,9,10449,卖盘
2152,11:05:39,11.61,0.01,4,4644,买盘
2153,11:05:30,11.6,-0.01,5,5800,卖盘
2154,11:05:27,11.61,0.01,31,35991,中性盘
2155,11:05:24,11.6,-0.01,20,23756,卖盘
2156,11:05:21,11.61,--,40,46857,买盘
2157,11:05:15,11.61,--,6,6966,买盘
2158,11:05:12,11.61,0.01,107,124227,买盘
2159,11:05:03,11.6,--,43,49880,卖盘
2160,11:04:57,11.6,--,1,1160,卖盘
2161,11:04:54,11.6,--,59,68440,卖盘
2162,11:04:51,11.6,-0.01,7,8120,卖盘
2163,11:04:48,11.61,--,8,9288,买盘
2164,11:04:45,11.61,0.01,11,12771,买盘
2165,11:04:42,11.6,-0.01,3,3480,卖盘
2166,11:04:39,11.61,--,2,2322,买盘
2167,11:04:33,11.61,--,4,4644,买盘
2168,11:04:30,11.61,--,265,307665,买盘
2169,11:04:27,11.61,--,54,62694,买盘
2170,11:04:24,11.61,0.01,395,458595,买盘
2171,11:04:21,11.6,-0.01,1,1160,卖盘
2172,11:04:18,11.61,--,5,5805,买盘
2173,11:04:12,11.61,0.01,3,3483,买盘
2174,11:04:06,11.6,--,2,2320,卖盘
2175,11:04:03,11.6,--,13,15080,卖盘
2176,11:04:00,11.6,--,66,76560,卖盘
2177,11:03:57,11.6,--,19,22040,卖盘
2178,11:03:54,11.6,--,15,17400,卖盘
2179,11:03:51,11.6,--,21,24360,卖盘
2180,11:03:48,11.6,-0.01,40,46400,卖盘
2181,11:03:45,11.61,0.01,24,27864,买盘
2182,11:03:42,11.6,-0.01,25,29000,卖盘
2183,11:03:39,11.61,0.01,10,11610,买盘
2184,11:03:36,11.6,--,469,544040,卖盘
2185,11:03:33,11.6,-0.01,14,16240,卖盘
2186,11:03:30,11.61,--,12,13932,买盘
2187,11:03:27,11.61,0.01,26,30186,买盘
2188,11:03:24,11.6,--,27,31320,卖盘
2189,11:03:21,11.6,-0.01,22,25520,卖盘
2190,11:03:18,11.61,0.01,32,37152,买盘
2191,11:03:15,11.6,-0.01,152,176320,卖盘
2192,11:03:12,11.61,--,11,12771,买盘
2193,11:03:09,11.61,0.01,11,12771,买盘
2194,11:03:06,11.6,--,32,37120,卖盘
2195,11:03:03,11.6,--,8,9280,卖盘
2196,11:03:00,11.6,--,30,34800,卖盘
2197,11:02:57,11.6,--,34,39440,卖盘
2198,11:02:54,11.6,--,62,71920,卖盘
2199,11:02:51,11.6,-0.01,11,12760,卖盘
2200,11:02:48,11.61,0.01,58,67338,买盘
2201,11:02:45,11.6,-0.01,30,34800,卖盘
2202,11:02:42,11.61,0.01,9,10449,买盘
2203,11:02:39,11.6,--,10,11600,卖盘
2204,11:02:36,11.6,-0.01,80,92800,卖盘
2205,11:02:33,11.61,0.01,22,25542,买盘
2206,11:02:30,11.6,--,54,62640,卖盘
2207,11:02:27,11.6,--,312,361920,卖盘
2208,11:02:24,11.6,--,81,93960,卖盘
2209,11:02:21,11.6,-0.01,15,17400,卖盘
2210,11:02:15,11.61,0.01,23,26703,买盘
2211,11:02:12,11.6,--,110,127600,卖盘
2212,11:02:09,11.6,--,5,5800,卖盘
2213,11:02:03,11.6,-0.01,86,99760,卖盘
2214,11:02:00,11.61,--,1,1161,买盘
2215,11:01:57,11.61,0.01,50,58050,买盘
2216,11:01:54,11.6,--,22,25520,卖盘
2217,11:01:42,11.6,--,1,1160,卖盘
2218,11:01:33,11.6,-0.01,18,20880,卖盘
2219,11:01:30,11.61,0.01,12,13932,中性盘
2220,11:01:27,11.6,-0.01,761,882968,卖盘
2221,11:01:24,11.61,--,2,2322,卖盘
2222,11:01:21,11.61,-0.01,23,26703,卖盘
2223,11:01:18,11.62,0.01,7,8133,买盘
2224,11:01:15,11.61,--,25,29025,卖盘
2225,11:01:09,11.61,--,105,121905,卖盘
2226,11:01:06,11.61,--,10,11610,卖盘
2227,11:01:03,11.61,--,1,1161,卖盘
2228,11:01:00,11.61,0.01,41,47601,卖盘
2229,11:00:57,11.6,--,37,42920,卖盘
2230,11:00:54,11.6,--,58,67280,卖盘
2231,11:00:48,11.6,-0.01,237,274920,卖盘
2232,11:00:45,11.61,-0.01,483,560763,卖盘
2233,11:00:42,11.62,--,208,241695,买盘
2234,11:00:33,11.62,--,12,13943,买盘
2235,11:00:30,11.62,--,34,39508,买盘
2236,11:00:24,11.62,0.01,42,48804,买盘
2237,11:00:21,11.61,--,21,24381,卖盘
2238,11:00:18,11.61,--,1,1161,卖盘
2239,11:00:15,11.61,--,36,41796,卖盘
2240,11:00:12,11.61,-0.01,24,27864,卖盘
2241,11:00:09,11.62,0.02,2,2324,买盘
2242,11:00:06,11.6,-0.01,3000,3480000,卖盘
2243,11:00:03,11.61,0.01,44,51084,中性盘
2244,10:59:57,11.6,-0.02,1230,1426800,卖盘
2245,10:59:54,11.62,0.01,5,5810,买盘
2246,10:59:48,11.61,-0.01,50,58050,卖盘
2247,10:59:45,11.62,--,10,11620,买盘
2248,10:59:36,11.62,0.01,3,3485,买盘
2249,10:59:33,11.61,-0.01,10,11610,卖盘
2250,10:59:30,11.62,0.01,2,2324,买盘
2251,10:59:27,11.61,--,122,141642,卖盘
2252,10:59:24,11.61,--,150,174150,卖盘
2253,10:59:21,11.61,-0.01,22,25542,卖盘
2254,10:59:15,11.62,0.01,18,20916,买盘
2255,10:59:12,11.61,--,28,32508,卖盘
2256,10:59:06,11.61,-0.01,611,709371,卖盘
2257,10:59:03,11.62,--,2,2324,卖盘
2258,10:59:00,11.62,--,489,568218,卖盘
2259,10:58:57,11.62,-0.01,64,74368,卖盘
2260,10:58:54,11.63,--,68,79084,买盘
2261,10:58:48,11.63,--,19,22097,买盘
2262,10:58:39,11.63,0.01,140,162820,买盘
2263,10:58:33,11.62,--,5,5810,卖盘
2264,10:58:21,11.62,--,46,53452,卖盘
2265,10:58:18,11.62,--,49,56937,卖盘
2266,10:58:15,11.62,--,7,8133,卖盘
2267,10:58:09,11.62,-0.01,30,34860,卖盘
2268,10:58:06,11.63,0.01,5,5815,买盘
2269,10:58:03,11.62,-0.01,61,70882,卖盘
2270,10:57:54,11.63,0.01,2,2326,买盘
2271,10:57:51,11.62,0.01,48,55775,买盘
2272,10:57:48,11.61,-0.01,96,111456,卖盘
2273,10:57:45,11.62,0.01,209,242857,买盘
2274,10:57:42,11.61,-0.01,3,3483,卖盘
2275,10:57:39,11.62,0.01,100,116199,买盘
2276,10:57:36,11.61,--,5,5805,卖盘
2277,10:57:33,11.61,--,36,41796,卖盘
2278,10:57:27,11.61,--,61,70821,卖盘
2279,10:57:24,11.61,--,87,101007,卖盘
2280,10:57:21,11.61,--,39,45279,卖盘
2281,10:57:18,11.61,--,2,2322,卖盘
2282,10:57:15,11.61,-0.01,10,11610,卖盘
2283,10:57:12,11.62,0.01,1000,1162000,买盘
2284,10:57:09,11.61,--,50,58050,卖盘
2285,10:57:06,11.61,0.01,73,84753,买盘
2286,10:57:03,11.6,-0.01,61,70760,卖盘
2287,10:57:00,11.61,0.01,10,11610,买盘
2288,10:56:57,11.6,-0.01,25,29000,卖盘
2289,10:56:54,11.61,--,116,134676,买盘
2290,10:56:51,11.61,--,18,20898,买盘
2291,10:56:48,11.61,0.01,7,8127,买盘
2292,10:56:45,11.6,-0.01,90,104400,卖盘
2293,10:56:42,11.61,--,26,30186,买盘
2294,10:56:39,11.61,--,105,121905,买盘
2295,10:56:36,11.61,0.01,67,77787,买盘
2296,10:56:33,11.6,--,81,93960,卖盘
2297,10:56:30,11.6,--,30,34800,卖盘
2298,10:56:27,11.6,-0.01,4,4640,卖盘
2299,10:56:24,11.61,--,1,1161,卖盘
2300,10:56:21,11.61,--,19,22059,买盘
2301,10:56:18,11.61,0.01,14,16254,买盘
2302,10:56:15,11.6,-0.01,94,109040,卖盘
2303,10:56:12,11.61,--,17,19737,卖盘
2304,10:56:09,11.61,--,12,13932,卖盘
2305,10:56:06,11.61,--,10,11610,卖盘
2306,10:56:03,11.61,--,5,5805,卖盘
2307,10:56:00,11.61,--,50,58050,卖盘
2308,10:55:57,11.61,--,158,183438,卖盘
2309,10:55:54,11.61,--,40,46440,卖盘
2310,10:55:51,11.61,--,1,1161,卖盘
2311,10:55:48,11.61,--,1433,1663713,卖盘
2312,10:55:45,11.61,--,29,33669,卖盘
2313,10:55:42,11.61,--,65,75465,卖盘
2314,10:55:39,11.61,--,129,149769,卖盘
2315,10:55:36,11.61,--,41,47601,卖盘
2316,10:55:33,11.61,--,3,3483,卖盘
2317,10:55:30,11.61,-0.01,2,2322,卖盘
2318,10:55:27,11.62,--,4,4648,买盘
2319,10:55:24,11.62,0.01,60,69720,买盘
2320,10:55:21,11.61,--,30,34830,卖盘
2321,10:55:15,11.61,--,26,30186,卖盘
2322,10:55:12,11.61,-0.01,7,8127,卖盘
2323,10:55:06,11.62,--,1060,1232463,卖盘
2324,10:55:03,11.62,--,3,3485,卖盘
2325,10:55:00,11.62,--,50,58099,卖盘
2326,10:54:57,11.62,--,47,54613,卖盘
2327,10:54:54,11.62,--,56,65071,卖盘
2328,10:54:51,11.62,--,38,44156,卖盘
2329,10:54:48,11.62,--,78,90636,卖盘
2330,10:54:45,11.62,-0.01,23,26726,卖盘
2331,10:54:42,11.63,0.01,3,3489,买盘
2332,10:54:39,11.62,-0.01,10,11620,卖盘
2333,10:54:36,11.63,0.01,5,5815,买盘
2334,10:54:33,11.62,-0.01,1,1162,卖盘
2335,10:54:30,11.63,0.01,62,72106,中性盘
2336,10:54:18,11.62,-0.01,1600,1859199,卖盘
2337,10:54:15,11.63,--,25,29075,卖盘
2338,10:54:09,11.63,--,221,257023,卖盘
2339,10:54:06,11.63,--,2,2326,卖盘
2340,10:54:03,11.63,--,3,3489,卖盘
2341,10:53:54,11.63,--,20,23260,卖盘
2342,10:53:51,11.63,-0.01,67,77921,卖盘
2343,10:53:48,11.64,0.01,56,65184,买盘
2344,10:53:45,11.63,--,12,13956,卖盘
2345,10:53:39,11.63,--,20,23260,卖盘
2346,10:53:36,11.63,--,38,44194,卖盘
2347,10:53:33,11.63,-0.01,3,3489,卖盘
2348,10:53:30,11.64,0.01,7,8148,买盘
2349,10:53:24,11.63,-0.01,10,11630,卖盘
2350,10:53:21,11.64,--,3,3492,买盘
2351,10:53:18,11.64,0.01,4,4656,买盘
2352,10:53:15,11.63,--,21,24423,卖盘
2353,10:53:06,11.63,--,1,1163,卖盘
2354,10:53:03,11.63,--,5,5815,卖盘
2355,10:53:00,11.63,--,38,44194,卖盘
2356,10:52:57,11.63,--,47,54661,买盘
2357,10:52:54,11.63,--,113,131419,卖盘
2358,10:52:51,11.63,--,1,1163,卖盘
2359,10:52:48,11.63,--,59,68617,卖盘
2360,10:52:42,11.63,--,259,301217,买盘
2361,10:52:39,11.63,0.01,24,27912,买盘
2362,10:52:33,11.62,-0.01,33,38346,卖盘
2363,10:52:30,11.63,--,20,23260,买盘
2364,10:52:27,11.63,0.01,32,37216,买盘
2365,10:52:24,11.62,-0.01,1,1162,卖盘
2366,10:52:21,11.63,--,13,15119,买盘
2367,10:52:18,11.63,--,242,281446,卖盘
2368,10:52:15,11.63,--,105,122115,卖盘
2369,10:52:12,11.63,-0.01,7,8141,卖盘
2370,10:52:09,11.64,0.01,5,5820,买盘
2371,10:52:06,11.63,--,31,36053,卖盘
2372,10:52:03,11.63,--,17,19771,卖盘
2373,10:51:57,11.63,-0.01,118,137234,卖盘
2374,10:51:54,11.64,--,8,9312,买盘
2375,10:51:45,11.64,--,3,3492,买盘
2376,10:51:42,11.64,0.01,8,9312,买盘
2377,10:51:36,11.63,--,25,29075,卖盘
2378,10:51:33,11.63,--,77,89551,卖盘
2379,10:51:30,11.63,--,108,125604,买盘
2380,10:51:27,11.63,--,7,8141,买盘
2381,10:51:24,11.63,--,31,36053,买盘
2382,10:51:21,11.63,--,33,38379,买盘
2383,10:51:12,11.63,-0.01,68,79084,卖盘
2384,10:51:06,11.64,--,62,72168,买盘
2385,10:51:03,11.64,0.01,8,9312,买盘
2386,10:51:00,11.63,--,2,2326,卖盘
2387,10:50:54,11.63,-0.01,70,81410,卖盘
2388,10:50:51,11.64,--,22,25608,买盘
2389,10:50:48,11.64,0.01,63,73332,买盘
2390,10:50:45,11.63,-0.01,10,11630,卖盘
2391,10:50:39,11.64,--,10,11640,买盘
2392,10:50:36,11.64,--,88,102432,买盘
2393,10:50:33,11.64,--,13,15132,买盘
2394,10:50:30,11.64,--,62,72168,买盘
2395,10:50:27,11.64,--,8,9312,买盘
2396,10:50:24,11.64,0.01,2,2328,买盘
2397,10:50:21,11.63,-0.01,1,1163,卖盘
2398,10:50:15,11.64,--,52,60528,买盘
2399,10:50:12,11.64,0.02,42,48888,买盘
2400,10:50:09,11.62,-0.02,1603,1862685,卖盘
2401,10:50:06,11.64,--,44,51216,买盘
2402,10:50:03,11.64,-0.01,66,76824,卖盘
2403,10:49:54,11.65,0.01,5,5825,买盘
2404,10:49:51,11.64,--,50,58200,买盘
2405,10:49:45,11.64,-0.01,2,2328,卖盘
2406,10:49:42,11.65,--,11,12815,买盘
2407,10:49:39,11.65,0.01,136,158440,买盘
2408,10:49:30,11.64,--,7,8148,卖盘
2409,10:49:27,11.64,--,7,8148,卖盘
2410,10:49:24,11.64,-0.01,16,18624,卖盘
2411,10:49:21,11.65,--,10,11650,买盘
2412,10:49:15,11.65,0.01,3,3495,买盘
2413,10:49:12,11.64,--,21,24444,卖盘
2414,10:49:06,11.64,--,287,334068,买盘
2415,10:49:03,11.64,0.01,12,13968,买盘
2416,10:48:57,11.63,--,8,9304,卖盘
2417,10:48:54,11.63,--,42,48846,卖盘
2418,10:48:51,11.63,--,42,48846,卖盘
2419,10:48:45,11.63,--,61,70943,卖盘
2420,10:48:33,11.63,-0.01,2,2326,卖盘
2421,10:48:27,11.64,--,7,8148,买盘
2422,10:48:21,11.64,0.01,10,11640,买盘
2423,10:48:18,11.63,-0.01,20,23260,卖盘
2424,10:48:15,11.64,--,12,13968,买盘
2425,10:48:12,11.64,0.01,31,36084,买盘
2426,10:48:09,11.63,--,410,476830,卖盘
2427,10:48:06,11.63,-0.01,3,3489,卖盘
2428,10:48:03,11.64,--,27,31428,买盘
2429,10:48:00,11.64,--,61,71004,买盘
2430,10:47:57,11.64,0.01,167,194388,买盘
2431,10:47:54,11.63,--,7,8141,卖盘
2432,10:47:51,11.63,--,142,165146,卖盘
2433,10:47:48,11.63,-0.01,7,8141,卖盘
2434,10:47:45,11.64,--,36,41904,买盘
2435,10:47:42,11.64,--,34,39576,买盘
2436,10:47:36,11.64,0.01,15,17460,买盘
2437,10:47:33,11.63,-0.01,18,20934,卖盘
2438,10:47:30,11.64,--,171,199044,买盘
2439,10:47:27,11.64,--,28,32592,买盘
2440,10:47:24,11.64,0.01,5,5820,买盘
2441,10:47:21,11.63,-0.01,11,12793,卖盘
2442,10:47:18,11.64,0.01,50,58200,买盘
2443,10:47:15,11.63,--,1,1163,卖盘
2444,10:47:12,11.63,--,21,24423,卖盘
2445,10:47:09,11.63,--,28,32564,卖盘
2446,10:47:06,11.63,--,41,47683,卖盘
2447,10:47:03,11.63,--,31,36053,卖盘
2448,10:47:00,11.63,-0.01,14,16282,卖盘
2449,10:46:54,11.64,0.01,35,40740,买盘
2450,10:46:51,11.63,-0.01,106,123278,卖盘
2451,10:46:42,11.64,0.01,30,34920,买盘
2452,10:46:36,11.63,--,190,220970,卖盘
2453,10:46:33,11.63,--,2,2326,卖盘
2454,10:46:30,11.63,--,28,32564,卖盘
2455,10:46:27,11.63,--,475,552587,买盘
2456,10:46:24,11.63,0.01,64,74432,买盘
2457,10:46:18,11.62,-0.01,12,13943,卖盘
2458,10:46:15,11.63,0.01,111,129093,买盘
2459,10:46:12,11.62,-0.01,9,10458,卖盘
2460,10:46:06,11.63,--,71,82573,买盘
2461,10:46:03,11.63,--,596,693148,买盘
2462,10:45:57,11.63,--,1,1163,买盘
2463,10:45:54,11.63,--,1,1163,买盘
2464,10:45:51,11.63,--,17,19771,买盘
2465,10:45:48,11.63,--,5,5815,买盘
2466,10:45:42,11.63,0.01,70,81410,买盘
2467,10:45:39,11.62,--,17,19754,卖盘
2468,10:45:36,11.62,--,4,4648,卖盘
2469,10:45:33,11.62,-0.01,1,1162,卖盘
2470,10:45:30,11.63,--,19,22097,买盘
2471,10:45:27,11.63,0.01,4,4652,买盘
2472,10:45:24,11.62,--,20,23240,卖盘
2473,10:45:21,11.62,--,11,12782,卖盘
2474,10:45:18,11.62,-0.01,27,31373,卖盘
2475,10:45:15,11.63,0.01,2,2326,买盘
2476,10:45:12,11.62,--,29,33698,卖盘
2477,10:45:06,11.62,-0.01,22,25564,卖盘
2478,10:45:03,11.63,0.01,131,153050,买盘
2479,10:44:54,11.62,-0.01,2,2324,卖盘
2480,10:44:51,11.63,0.01,70,81410,买盘
2481,10:44:45,11.62,-0.01,1,1162,卖盘
2482,10:44:42,11.63,--,31,36053,卖盘
2483,10:44:39,11.63,0.01,69,80247,买盘
2484,10:44:33,11.62,-0.01,68,79016,卖盘
2485,10:44:30,11.63,--,56,65128,卖盘
2486,10:44:27,11.63,--,118,137234,卖盘
2487,10:44:24,11.63,--,5,5815,卖盘
2488,10:44:21,11.63,--,64,74432,卖盘
2489,10:44:15,11.63,-0.01,20,23260,卖盘
2490,10:44:09,11.64,0.01,9,10476,买盘
2491,10:44:06,11.63,--,185,215155,卖盘
2492,10:44:03,11.63,--,34,39542,卖盘
2493,10:44:00,11.63,0.01,74,86062,买盘
2494,10:43:57,11.62,--,20,23240,卖盘
2495,10:43:54,11.62,-0.01,40,46480,卖盘
2496,10:43:51,11.63,0.01,14,16282,买盘
2497,10:43:45,11.62,-0.01,424,492687,卖盘
2498,10:43:39,11.63,--,130,151190,卖盘
2499,10:43:36,11.63,--,101,117463,卖盘
2500,10:43:33,11.63,-0.01,2,2326,卖盘
2501,10:43:27,11.64,0.01,1,1164,买盘
2502,10:43:24,11.63,--,40,46520,卖盘
2503,10:43:21,11.63,-0.01,209,243067,卖盘
2504,10:43:18,11.64,0.01,10,11640,买盘
2505,10:43:15,11.63,-0.01,46,53498,卖盘
2506,10:43:06,11.64,0.01,27,31428,买盘
2507,10:43:03,11.63,--,3,3489,卖盘
2508,10:43:00,11.63,--,50,58150,卖盘
2509,10:42:57,11.63,--,53,61639,买盘
2510,10:42:54,11.63,--,10,11630,买盘
2511,10:42:51,11.63,--,1,1163,买盘
2512,10:42:48,11.63,--,5,5815,买盘
2513,10:42:45,11.63,0.01,39,45357,卖盘
2514,10:42:42,11.62,-0.02,166,192892,卖盘
2515,10:42:39,11.64,0.01,63,73332,买盘
2516,10:42:36,11.63,--,14,16282,卖盘
2517,10:42:33,11.63,--,59,68617,卖盘
2518,10:42:24,11.63,--,50,58150,卖盘
2519,10:42:21,11.63,-0.01,39,45357,卖盘
2520,10:42:18,11.64,0.01,19,22116,买盘
2521,10:42:12,11.63,--,6,6978,卖盘
2522,10:42:06,11.63,--,43,50009,卖盘
2523,10:42:03,11.63,-0.01,3,3489,卖盘
2524,10:42:00,11.64,0.01,17,19788,买盘
2525,10:41:57,11.63,--,240,279120,卖盘
2526,10:41:51,11.63,--,231,268653,卖盘
2527,10:41:48,11.63,--,6,6978,卖盘
2528,10:41:45,11.63,-0.01,20,23260,卖盘
2529,10:41:42,11.64,0.01,170,197880,买盘
2530,10:41:39,11.63,--,398,463827,卖盘
2531,10:41:36,11.63,-0.01,77,89551,卖盘
2532,10:41:33,11.64,--,53,61692,买盘
2533,10:41:27,11.64,0.01,17,19788,买盘
2534,10:41:21,11.63,-0.01,1,1163,卖盘
2535,10:41:18,11.64,--,15,17460,买盘
2536,10:41:15,11.64,0.01,4,4656,买盘
2537,10:41:12,11.63,--,100,116300,卖盘
2538,10:41:06,11.63,--,51,59313,卖盘
2539,10:41:03,11.63,--,15,17445,卖盘
2540,10:41:00,11.63,--,32,37216,卖盘
2541,10:40:54,11.63,--,10,11630,卖盘
2542,10:40:51,11.63,-0.01,3,3489,卖盘
2543,10:40:48,11.64,--,1,1164,买盘
2544,10:40:45,11.64,--,5,5820,买盘
2545,10:40:42,11.64,--,15,17460,买盘
2546,10:40:39,11.64,0.01,3,3492,买盘
2547,10:40:36,11.63,--,8,9304,卖盘
2548,10:40:33,11.63,-0.01,2,2326,卖盘
2549,10:40:30,11.64,0.01,9,10476,买盘
2550,10:40:27,11.63,0.01,106,123278,中性盘
2551,10:40:18,11.62,-0.01,266,309092,卖盘
2552,10:40:12,11.63,--,2,2326,卖盘
2553,10:40:09,11.63,--,25,29075,买盘
2554,10:40:06,11.63,--,10,11630,买盘
2555,10:40:03,11.63,--,80,93040,卖盘
2556,10:40:00,11.63,0.01,203,236089,买盘
2557,10:39:57,11.62,--,10,11620,卖盘
2558,10:39:51,11.62,--,20,23240,卖盘
2559,10:39:48,11.62,--,23,26726,卖盘
2560,10:39:45,11.62,-0.01,24,27887,卖盘
2561,10:39:39,11.63,0.01,405,471015,买盘
2562,10:39:36,11.62,--,19,22078,卖盘
2563,10:39:33,11.62,--,2,2324,卖盘
2564,10:39:27,11.62,-0.01,188,218455,卖盘
2565,10:39:24,11.63,0.01,56,65128,买盘
2566,10:39:21,11.62,--,11,12782,卖盘
2567,10:39:18,11.62,--,4,4648,卖盘
2568,10:39:15,11.62,-0.01,18,20916,卖盘
2569,10:39:12,11.63,0.01,5,5815,买盘
2570,10:39:09,11.62,-0.01,340,395080,卖盘
2571,10:39:06,11.63,--,1,1163,买盘
2572,10:39:03,11.63,-0.01,564,655932,卖盘
2573,10:39:00,11.64,--,135,157140,卖盘
2574,10:38:57,11.64,0.01,676,786864,买盘
2575,10:38:51,11.63,-0.01,1,1163,卖盘
2576,10:38:48,11.64,0.01,67,77988,买盘
2577,10:38:42,11.63,--,30,34890,卖盘
2578,10:38:39,11.63,--,15,17445,卖盘
2579,10:38:36,11.63,-0.01,2,2326,卖盘
2580,10:38:33,11.64,--,67,77988,买盘
2581,10:38:27,11.64,--,163,189732,买盘
2582,10:38:24,11.64,--,3,3492,买盘
2583,10:38:21,11.64,--,21,24444,买盘
2584,10:38:18,11.64,--,17,19788,买盘
2585,10:38:15,11.64,--,7,8148,买盘
2586,10:38:12,11.64,--,5,5820,买盘
2587,10:38:09,11.64,--,53,61692,买盘
2588,10:38:06,11.64,-0.01,521,606444,卖盘
2589,10:38:03,11.65,0.01,23,26795,买盘
2590,10:38:00,11.64,--,26,30264,卖盘
2591,10:37:51,11.64,-0.01,1,1164,卖盘
2592,10:37:48,11.65,0.01,134,156110,卖盘
2593,10:37:45,11.64,--,20,23280,卖盘
2594,10:37:42,11.64,--,59,68676,卖盘
2595,10:37:39,11.64,--,8,9312,卖盘
2596,10:37:36,11.64,--,12,13968,卖盘
2597,10:37:33,11.64,--,258,300312,卖盘
2598,10:37:30,11.64,--,259,301476,买盘
2599,10:37:27,11.64,--,28,32592,买盘
2600,10:37:24,11.64,--,5,5820,买盘
2601,10:37:21,11.64,0.02,4,4656,买盘
2602,10:37:18,11.62,-0.02,216,250991,卖盘
2603,10:37:15,11.64,0.01,11,12804,中性盘
2604,10:37:12,11.63,-0.04,700,814100,卖盘
2605,10:37:09,11.67,0.04,19,22173,买盘
2606,10:37:06,11.63,-0.04,471,547773,卖盘
2607,10:37:03,11.67,0.02,591,689697,买盘
2608,10:37:00,11.65,--,121,140965,卖盘
2609,10:36:57,11.65,--,235,273775,卖盘
2610,10:36:51,11.65,0.01,195,227175,中性盘
2611,10:36:48,11.64,-0.01,726,845064,卖盘
2612,10:36:45,11.65,--,609,710417,买盘
2613,10:36:42,11.65,0.01,157,182905,买盘
2614,10:36:39,11.64,--,25,29100,卖盘
2615,10:36:36,11.64,--,192,223488,买盘
2616,10:36:33,11.64,--,48,55872,买盘
2617,10:36:27,11.64,0.01,60,69840,买盘
2618,10:36:24,11.63,-0.01,71,82573,卖盘
2619,10:36:21,11.64,0.01,8,9312,买盘
2620,10:36:18,11.63,--,6,6978,卖盘
2621,10:36:15,11.63,--,252,293076,卖盘
2622,10:36:12,11.63,0.01,1000,1163000,买盘
2623,10:36:09,11.62,--,39,45318,买盘
2624,10:36:06,11.62,--,33,38346,买盘
2625,10:36:03,11.62,0.01,228,264936,买盘
2626,10:36:00,11.61,-0.01,43,49923,卖盘
2627,10:35:57,11.62,--,88,102256,买盘
2628,10:35:54,11.62,0.01,101,117361,买盘
2629,10:35:51,11.61,-0.01,65,75465,卖盘
2630,10:35:48,11.62,--,18,20916,买盘
2631,10:35:45,11.62,--,145,168490,买盘
2632,10:35:42,11.62,--,307,356734,买盘
2633,10:35:39,11.62,0.01,75,87150,买盘
2634,10:35:36,11.61,-0.01,18,20898,卖盘
2635,10:35:33,11.62,--,13,15105,买盘
2636,10:35:30,11.62,0.01,8,9296,买盘
2637,10:35:24,11.61,--,82,95202,卖盘
2638,10:35:21,11.61,--,33,38313,卖盘
2639,10:35:18,11.61,-0.01,8,9288,卖盘
2640,10:35:15,11.62,--,20,23240,买盘
2641,10:35:12,11.62,--,6,6971,买盘
2642,10:35:09,11.62,0.01,81,94122,买盘
2643,10:35:06,11.61,-0.01,55,63855,卖盘
2644,10:35:03,11.62,--,9,10458,买盘
2645,10:35:00,11.62,0.01,22,25564,买盘
2646,10:34:57,11.61,-0.01,31,35991,卖盘
2647,10:34:54,11.62,--,101,117361,买盘
2648,10:34:51,11.62,--,65,75530,买盘
2649,10:34:45,11.62,0.01,11,12782,买盘
2650,10:34:42,11.61,-0.01,4,4644,卖盘
2651,10:34:39,11.62,--,30,34860,买盘
2652,10:34:36,11.62,0.02,24,27887,买盘
2653,10:34:33,11.6,-0.02,399,462840,卖盘
2654,10:34:30,11.62,0.01,10,11620,买盘
2655,10:34:27,11.61,-0.01,27,31347,卖盘
2656,10:34:24,11.62,--,106,123171,买盘
2657,10:34:21,11.62,0.01,196,227751,买盘
2658,10:34:18,11.61,--,70,81270,卖盘
2659,10:34:15,11.61,-0.01,101,117261,卖盘
2660,10:34:12,11.62,--,71,82502,买盘
2661,10:34:09,11.62,--,1,1162,买盘
2662,10:34:06,11.62,--,54,62747,买盘
2663,10:34:03,11.62,--,78,90636,买盘
2664,10:34:00,11.62,0.01,69,80178,买盘
2665,10:33:57,11.61,--,83,96363,卖盘
2666,10:33:54,11.61,-0.01,38,44118,卖盘
2667,10:33:51,11.62,--,80,92960,买盘
2668,10:33:48,11.62,0.01,20,23240,买盘
2669,10:33:45,11.61,--,40,46440,卖盘
2670,10:33:42,11.61,-0.02,191,221751,卖盘
2671,10:33:39,11.63,0.02,51,59313,买盘
2672,10:33:36,11.61,--,410,476010,卖盘
2673,10:33:33,11.61,-0.01,30,34830,卖盘
2674,10:33:30,11.62,--,21,24402,买盘
2675,10:33:27,11.62,--,120,139440,买盘
2676,10:33:24,11.62,--,52,60423,买盘
2677,10:33:21,11.62,0.01,143,166166,买盘
2678,10:33:18,11.61,--,72,83592,卖盘
2679,10:33:15,11.61,-0.01,35,40635,卖盘
2680,10:33:12,11.62,0.01,24,27887,买盘
2681,10:33:09,11.61,--,22,25542,卖盘
2682,10:33:06,11.61,--,147,170667,卖盘
2683,10:33:00,11.61,-0.02,135,156735,卖盘
2684,10:32:57,11.63,0.01,153,177939,买盘
2685,10:32:54,11.62,--,231,268422,卖盘
2686,10:32:51,11.62,--,48,55775,卖盘
2687,10:32:48,11.62,0.01,112,130143,买盘
2688,10:32:45,11.61,--,67,77787,卖盘
2689,10:32:42,11.61,--,395,458595,买盘
2690,10:32:39,11.61,--,77,89397,买盘
2691,10:32:36,11.61,--,19,22059,买盘
2692,10:32:33,11.61,--,75,87075,买盘
2693,10:32:30,11.61,--,59,68499,买盘
2694,10:32:27,11.61,0.01,285,330885,买盘
2695,10:32:24,11.6,-0.01,470,545200,卖盘
2696,10:32:21,11.61,--,114,132354,买盘
2697,10:32:18,11.61,--,233,270513,买盘
2698,10:32:15,11.61,--,310,359910,买盘
2699,10:32:12,11.61,-0.01,1149,1333989,卖盘
2700,10:32:09,11.62,--,21,24402,卖盘
2701,10:32:06,11.62,--,111,128981,买盘
2702,10:32:03,11.62,0.01,23,26726,卖盘
2703,10:32:00,11.61,-0.01,17,19737,卖盘
2704,10:31:57,11.62,-0.01,21,24402,卖盘
2705,10:31:54,11.63,0.01,25,29075,买盘
2706,10:31:51,11.62,--,53,61585,买盘
2707,10:31:48,11.62,--,57,66234,卖盘
2708,10:31:45,11.62,0.01,13,15105,中性盘
2709,10:31:39,11.61,-0.01,193,224073,卖盘
2710,10:31:36,11.62,--,24,27887,卖盘
2711,10:31:33,11.62,--,67,77854,卖盘
2712,10:31:30,11.62,0.01,125,145250,卖盘
2713,10:31:27,11.61,-0.01,1000,1161000,卖盘
2714,10:31:15,11.62,--,156,181272,卖盘
2715,10:31:12,11.62,--,28,32535,卖盘
2716,10:31:09,11.62,-0.01,267,310254,卖盘
2717,10:31:06,11.63,0.01,14,16282,买盘
2718,10:31:03,11.62,-0.01,175,203350,卖盘
2719,10:31:00,11.63,0.01,4,4652,买盘
2720,10:30:57,11.62,--,21,24402,卖盘
2721,10:30:54,11.62,--,1,1162,卖盘
2722,10:30:51,11.62,--,79,91798,卖盘
2723,10:30:48,11.62,-0.01,17,19754,卖盘
2724,10:30:45,11.63,--,1,1163,买盘
2725,10:30:42,11.63,--,4,4652,买盘
2726,10:30:36,11.63,--,74,86062,买盘
2727,10:30:33,11.63,--,515,598945,买盘
2728,10:30:30,11.63,--,70,81410,买盘
2729,10:30:27,11.63,0.01,160,186080,买盘
2730,10:30:24,11.62,-0.01,18,20916,卖盘
2731,10:30:21,11.63,--,89,103507,卖盘
2732,10:30:18,11.63,0.01,22,25586,中性盘
2733,10:30:12,11.62,-0.01,88,102256,卖盘
2734,10:30:09,11.63,--,5,5815,卖盘
2735,10:30:06,11.63,--,33,38379,卖盘
2736,10:30:03,11.63,--,52,60476,卖盘
2737,10:30:00,11.63,--,50,58150,卖盘
2738,10:29:57,11.63,-0.01,84,97692,卖盘
2739,10:29:54,11.64,0.01,39,45396,买盘
2740,10:29:51,11.63,--,30,34890,卖盘
2741,10:29:48,11.63,--,3,3489,卖盘
2742,10:29:45,11.63,--,30,34890,卖盘
2743,10:29:42,11.63,--,11,12793,卖盘
2744,10:29:39,11.63,--,10,11630,卖盘
2745,10:29:36,11.63,--,10,11630,卖盘
2746,10:29:33,11.63,--,2,2326,卖盘
2747,10:29:30,11.63,--,19,22097,买盘
2748,10:29:27,11.63,--,195,226785,买盘
2749,10:29:24,11.63,0.01,136,158168,买盘
2750,10:29:21,11.62,-0.01,214,248667,卖盘
2751,10:29:18,11.63,0.01,1,1163,买盘
2752,10:29:15,11.62,-0.01,1,1162,卖盘
2753,10:29:12,11.63,--,37,43031,买盘
2754,10:29:09,11.63,--,19,22097,买盘
2755,10:29:06,11.63,-0.01,85,98855,卖盘
2756,10:29:03,11.64,--,414,481896,买盘
2757,10:29:00,11.64,0.02,20,23280,买盘
2758,10:28:57,11.62,-0.02,126,146412,卖盘
2759,10:28:54,11.64,--,10,11640,买盘
2760,10:28:51,11.64,0.01,149,173436,买盘
2761,10:28:48,11.63,--,12,13956,卖盘
2762,10:28:45,11.63,--,11,12793,卖盘
2763,10:28:42,11.63,-0.01,30,34890,卖盘
2764,10:28:39,11.64,0.01,5,5820,买盘
2765,10:28:36,11.63,-0.01,10,11630,卖盘
2766,10:28:33,11.64,0.01,21,24444,买盘
2767,10:28:30,11.63,--,29,33727,卖盘
2768,10:28:27,11.63,-0.01,47,54661,卖盘
2769,10:28:24,11.64,0.01,10,11640,买盘
2770,10:28:21,11.63,-0.01,65,75595,卖盘
2771,10:28:15,11.64,--,35,40740,买盘
2772,10:28:12,11.64,0.01,23,26772,买盘
2773,10:28:09,11.63,--,56,65128,卖盘
2774,10:28:06,11.63,--,38,44194,卖盘
2775,10:28:03,11.63,-0.01,1,1163,卖盘
2776,10:28:00,11.64,-0.01,20,23280,卖盘
2777,10:27:57,11.65,0.01,15,17475,买盘
2778,10:27:54,11.64,--,200,232800,卖盘
2779,10:27:51,11.64,--,31,36084,卖盘
2780,10:27:48,11.64,--,5,5820,卖盘
2781,10:27:45,11.64,--,20,23280,卖盘
2782,10:27:42,11.64,--,79,91956,卖盘
2783,10:27:39,11.64,--,204,237456,买盘
2784,10:27:33,11.64,0.01,125,145500,买盘
2785,10:27:30,11.63,--,18,20934,卖盘
2786,10:27:27,11.63,--,698,811774,卖盘
2787,10:27:21,11.63,0.02,61,70943,中性盘
2788,10:27:15,11.61,-0.02,497,577017,卖盘
2789,10:27:06,11.63,--,18,20934,卖盘
2790,10:27:03,11.63,--,52,60476,卖盘
2791,10:27:00,11.63,0.01,38,44194,买盘
2792,10:26:57,11.62,--,39,45318,卖盘
2793,10:26:54,11.62,--,20,23240,卖盘
2794,10:26:51,11.62,-0.01,470,546140,卖盘
2795,10:26:48,11.63,0.01,118,137234,买盘
2796,10:26:45,11.62,-0.01,664,771568,卖盘
2797,10:26:42,11.63,--,162,188406,买盘
2798,10:26:39,11.63,0.01,185,215155,买盘
2799,10:26:36,11.62,--,4,4648,卖盘
2800,10:26:33,11.62,--,2,2324,卖盘
2801,10:26:30,11.62,-0.01,118,137116,卖盘
2802,10:26:24,11.63,0.01,26,30238,买盘
2803,10:26:21,11.62,--,10,11620,卖盘
2804,10:26:18,11.62,--,16,18592,卖盘
2805,10:26:15,11.62,--,163,189406,卖盘
2806,10:26:12,11.62,--,6,6971,卖盘
2807,10:26:09,11.62,--,13,15105,卖盘
2808,10:26:06,11.62,--,33,38346,卖盘
2809,10:26:03,11.62,--,68,79016,卖盘
