,time,price,change,volume,amount,type
0,15:00:03,6.81,0.01,3726,2537406,卖盘
1,14:57:00,6.8,-0.01,75,51000,卖盘
2,14:56:57,6.81,--,267,181827,买盘
3,14:56:51,6.81,--,2054,1399277,买盘
4,14:56:48,6.81,0.01,60,40860,买盘
5,14:56:45,6.8,--,85,57800,卖盘
6,14:56:42,6.8,-0.01,48,32640,卖盘
7,14:56:39,6.81,0.01,3,2042,买盘
8,14:56:33,6.8,-0.01,59,40120,卖盘
9,14:56:30,6.81,0.01,11,7491,买盘
10,14:56:27,6.8,-0.01,112,76160,卖盘
11,14:56:24,6.81,0.01,5,3405,买盘
12,14:56:21,6.8,-0.01,22,14960,卖盘
13,14:56:18,6.81,0.01,154,104874,买盘
14,14:56:15,6.8,-0.01,77,52360,卖盘
15,14:56:09,6.81,--,43,29283,买盘
16,14:56:06,6.81,--,85,57885,买盘
17,14:56:03,6.81,--,309,210429,买盘
18,14:56:00,6.81,0.01,18,12258,买盘
19,14:55:57,6.8,-0.01,67,45560,卖盘
20,14:55:54,6.81,--,40,27240,买盘
21,14:55:51,6.81,--,312,212472,买盘
22,14:55:48,6.81,--,83,56523,买盘
23,14:55:45,6.81,--,8,5448,买盘
24,14:55:42,6.81,--,30,20430,买盘
25,14:55:39,6.81,--,60,40860,买盘
26,14:55:36,6.81,--,64,43584,买盘
27,14:55:33,6.81,0.01,509,346629,买盘
28,14:55:30,6.8,-0.01,26,17680,卖盘
29,14:55:27,6.81,0.01,150,102150,买盘
30,14:55:24,6.8,-0.01,10,6800,卖盘
31,14:55:21,6.81,--,70,47670,买盘
32,14:55:18,6.81,0.01,20,13620,买盘
33,14:55:15,6.8,--,60,40800,卖盘
34,14:55:12,6.8,--,11,7480,卖盘
35,14:55:09,6.8,-0.01,342,232560,卖盘
36,14:55:06,6.81,--,30,20430,买盘
37,14:55:03,6.81,--,50,34050,买盘
38,14:55:00,6.81,0.01,228,155268,买盘
39,14:54:57,6.8,-0.01,20,13600,卖盘
40,14:54:54,6.81,0.01,425,289425,买盘
41,14:54:48,6.8,--,8,5440,卖盘
42,14:54:45,6.8,--,40,27200,卖盘
43,14:54:42,6.8,--,312,212160,卖盘
44,14:54:39,6.8,--,41,27880,卖盘
45,14:54:36,6.8,-0.01,74,50320,卖盘
46,14:54:33,6.81,--,520,354120,买盘
47,14:54:27,6.81,--,1052,716412,买盘
48,14:54:24,6.81,--,105,71505,买盘
49,14:54:21,6.81,0.01,130,88530,买盘
50,14:54:15,6.8,--,40,27200,卖盘
51,14:54:12,6.8,--,4,2720,卖盘
52,14:54:09,6.8,--,36,24480,卖盘
53,14:54:06,6.8,--,4010,2726800,卖盘
54,14:54:03,6.8,--,10,6800,卖盘
55,14:53:57,6.8,--,4108,2793440,卖盘
56,14:53:54,6.8,-0.01,58,39440,卖盘
57,14:53:51,6.81,--,91,61971,买盘
58,14:53:48,6.81,--,18,12258,买盘
59,14:53:45,6.81,0.01,135,91935,买盘
60,14:53:42,6.8,-0.01,108,73440,卖盘
61,14:53:36,6.81,--,5,3405,买盘
62,14:53:33,6.81,0.01,101,68781,买盘
63,14:53:30,6.8,--,15,10200,卖盘
64,14:53:27,6.8,-0.01,54,36720,卖盘
65,14:53:21,6.81,0.01,23,15663,买盘
66,14:53:18,6.8,--,2,1360,卖盘
67,14:53:09,6.8,-0.01,220,149600,卖盘
68,14:53:06,6.81,--,203,138243,买盘
69,14:53:03,6.81,0.01,60,40860,买盘
70,14:52:57,6.8,--,8,5440,卖盘
71,14:52:54,6.8,-0.01,10,6800,卖盘
72,14:52:51,6.81,--,5,3405,买盘
73,14:52:48,6.81,0.01,610,415410,买盘
74,14:52:45,6.8,-0.01,20,13600,卖盘
75,14:52:42,6.81,--,131,89211,买盘
76,14:52:39,6.81,0.01,181,123261,买盘
77,14:52:36,6.8,-0.01,546,371280,卖盘
78,14:52:33,6.81,--,23,15663,买盘
79,14:52:30,6.81,--,138,93978,买盘
80,14:52:27,6.81,--,11,7491,买盘
81,14:52:24,6.81,0.01,362,246522,买盘
82,14:52:21,6.8,-0.01,39,26520,卖盘
83,14:52:18,6.81,0.01,13,8853,买盘
84,14:52:15,6.8,-0.01,47,31960,卖盘
85,14:52:12,6.81,--,5,3405,买盘
86,14:52:06,6.81,0.01,18,12258,买盘
87,14:52:03,6.8,-0.01,125,85000,卖盘
88,14:52:00,6.81,--,46,31326,买盘
89,14:51:57,6.81,--,17,11577,买盘
90,14:51:54,6.81,--,53,36093,买盘
91,14:51:51,6.81,0.01,158,107598,买盘
92,14:51:48,6.8,-0.01,20,13600,卖盘
93,14:51:45,6.81,--,5,3405,买盘
94,14:51:42,6.81,0.01,33,22473,买盘
95,14:51:39,6.8,-0.01,1,680,卖盘
96,14:51:36,6.81,0.01,510,347310,买盘
97,14:51:33,6.8,--,5,3400,卖盘
98,14:51:30,6.8,-0.01,73,49640,卖盘
99,14:51:27,6.81,--,65,44265,买盘
100,14:51:24,6.81,--,67,45627,买盘
101,14:51:21,6.81,--,56,38136,买盘
102,14:51:18,6.81,0.01,5,3405,买盘
103,14:51:15,6.8,--,94,63920,卖盘
104,14:51:12,6.8,--,40,27200,卖盘
105,14:51:09,6.8,--,380,258400,卖盘
106,14:51:06,6.8,--,2,1360,卖盘
107,14:51:03,6.8,-0.01,30,20400,卖盘
108,14:51:00,6.81,0.01,10,6810,买盘
109,14:50:57,6.8,--,9,6120,卖盘
110,14:50:54,6.8,--,10,6800,卖盘
111,14:50:51,6.8,--,8,5440,卖盘
112,14:50:48,6.8,--,15,10200,卖盘
113,14:50:45,6.8,-0.01,402,273360,卖盘
114,14:50:42,6.81,0.01,200,136200,买盘
115,14:50:36,6.8,--,104,70720,卖盘
116,14:50:30,6.8,--,34,23120,卖盘
117,14:50:27,6.8,--,38,25840,卖盘
118,14:50:24,6.8,--,52,35360,卖盘
119,14:50:21,6.8,--,62,42160,卖盘
120,14:50:18,6.8,--,18,12240,卖盘
121,14:50:15,6.8,--,2,1360,卖盘
122,14:50:12,6.8,--,19,12920,卖盘
123,14:50:09,6.8,-0.01,160,108800,卖盘
124,14:50:06,6.81,0.01,12,8171,买盘
125,14:50:00,6.8,--,11,7480,卖盘
126,14:49:57,6.8,-0.01,10,6800,卖盘
127,14:49:54,6.81,0.01,6,4085,买盘
128,14:49:51,6.8,--,24,16320,卖盘
129,14:49:48,6.8,-0.01,38,25840,卖盘
130,14:49:42,6.81,--,6,4085,买盘
131,14:49:39,6.81,--,3,2042,买盘
132,14:49:36,6.81,--,43,29283,买盘
133,14:49:33,6.81,--,20,13620,买盘
134,14:49:30,6.81,0.01,71,48351,买盘
135,14:49:24,6.8,-0.01,10,6800,卖盘
136,14:49:21,6.81,--,113,76953,买盘
137,14:49:18,6.81,--,27,18387,买盘
138,14:49:15,6.81,0.01,69,46989,买盘
139,14:49:12,6.8,--,27,18360,卖盘
140,14:49:09,6.8,-0.01,31,21080,卖盘
141,14:49:06,6.81,0.01,54,36774,买盘
142,14:49:03,6.8,--,203,138040,卖盘
143,14:49:00,6.8,-0.01,17,11560,卖盘
144,14:48:57,6.81,0.01,1,681,买盘
145,14:48:54,6.8,--,300,204000,卖盘
146,14:48:48,6.8,-0.01,33,22440,卖盘
147,14:48:45,6.81,0.01,2,1362,买盘
148,14:48:39,6.8,--,20,13600,卖盘
149,14:48:36,6.8,-0.01,1,680,卖盘
150,14:48:33,6.81,0.01,22,14982,买盘
151,14:48:30,6.8,--,120,81600,卖盘
152,14:48:27,6.8,-0.01,445,302600,卖盘
153,14:48:24,6.81,0.01,17,11577,买盘
154,14:48:21,6.8,-0.01,1,680,卖盘
155,14:48:18,6.81,0.01,17,11577,买盘
156,14:48:15,6.8,-0.01,2,1360,卖盘
157,14:48:12,6.81,--,300,204300,买盘
158,14:48:09,6.81,--,4,2724,买盘
159,14:48:06,6.81,--,71,48351,买盘
160,14:48:00,6.81,0.01,114,77634,买盘
161,14:47:57,6.8,--,10,6800,卖盘
162,14:47:54,6.8,--,80,54400,卖盘
163,14:47:48,6.8,-0.01,122,82960,卖盘
164,14:47:45,6.81,0.01,45,30645,买盘
165,14:47:42,6.8,--,86,58480,卖盘
166,14:47:30,6.8,-0.01,101,68680,卖盘
167,14:47:27,6.81,0.01,5,3405,买盘
168,14:47:21,6.8,--,51,34680,卖盘
169,14:47:15,6.8,--,124,84320,卖盘
170,14:47:12,6.8,-0.01,5,3400,卖盘
171,14:47:06,6.81,0.01,6,4085,买盘
172,14:47:03,6.8,-0.01,100,68000,卖盘
173,14:47:00,6.81,0.01,7,4767,买盘
174,14:46:57,6.8,-0.01,20,13600,卖盘
175,14:46:54,6.81,0.01,54,36774,买盘
176,14:46:51,6.8,--,1,680,卖盘
177,14:46:48,6.8,--,119,80920,买盘
178,14:46:45,6.8,-0.01,25,17000,中性盘
179,14:46:42,6.81,0.02,5010,3411810,买盘
180,14:46:33,6.79,-0.01,323,219317,卖盘
181,14:46:30,6.8,--,28,19040,买盘
182,14:46:27,6.8,--,1,680,买盘
183,14:46:24,6.8,--,1110,754800,买盘
184,14:46:21,6.8,0.01,122,82960,买盘
185,14:46:18,6.79,-0.01,706,479374,卖盘
186,14:46:15,6.8,0.01,1171,796280,买盘
187,14:46:12,6.79,--,448,304192,卖盘
188,14:46:09,6.79,-0.01,611,414869,卖盘
189,14:46:06,6.8,--,21,14280,买盘
190,14:46:00,6.8,--,31,21080,买盘
191,14:45:57,6.8,--,19,12920,买盘
192,14:45:54,6.8,0.01,20,13600,买盘
193,14:45:51,6.79,-0.01,117,79443,卖盘
194,14:45:48,6.8,--,74,50320,买盘
195,14:45:45,6.8,--,7,4760,买盘
196,14:45:42,6.8,0.01,2922,1986960,买盘
197,14:45:39,6.79,-0.01,122,82838,卖盘
198,14:45:33,6.8,--,70,47600,买盘
199,14:45:30,6.8,--,123,83640,买盘
200,14:45:27,6.8,--,78,53040,买盘
201,14:45:21,6.8,--,43,29240,买盘
202,14:45:18,6.8,--,2,1360,买盘
203,14:45:15,6.8,0.01,67,45560,买盘
204,14:45:12,6.79,-0.01,54,36666,卖盘
205,14:45:06,6.8,--,76,51680,买盘
206,14:45:03,6.8,--,56,38080,买盘
207,14:45:00,6.8,--,75,51000,买盘
208,14:44:57,6.8,--,14,9520,买盘
209,14:44:48,6.8,--,367,249560,买盘
210,14:44:45,6.8,--,40,27200,买盘
211,14:44:42,6.8,--,662,450160,买盘
212,14:44:39,6.8,--,23,15640,买盘
213,14:44:36,6.8,--,25,17000,买盘
214,14:44:33,6.8,--,53,36040,买盘
215,14:44:27,6.8,--,14,9520,买盘
216,14:44:24,6.8,0.01,4,2720,买盘
217,14:44:21,6.79,-0.01,2,1358,卖盘
218,14:44:18,6.8,--,30,20400,买盘
219,14:44:15,6.8,--,31,21080,买盘
220,14:44:12,6.8,0.01,39,26520,买盘
221,14:44:09,6.79,-0.01,86,58394,卖盘
222,14:44:06,6.8,--,64,43520,买盘
223,14:44:03,6.8,--,405,275400,买盘
224,14:44:00,6.8,--,1,680,买盘
225,14:43:57,6.8,--,23,15640,买盘
226,14:43:54,6.8,--,22,14960,买盘
227,14:43:48,6.8,--,181,123080,买盘
228,14:43:45,6.8,0.01,503,342040,买盘
229,14:43:42,6.79,-0.01,39,26481,卖盘
230,14:43:39,6.8,0.01,1005,683400,买盘
231,14:43:36,6.79,--,1,679,卖盘
232,14:43:33,6.79,-0.01,107,72653,卖盘
233,14:43:30,6.8,--,206,140080,买盘
234,14:43:21,6.8,--,50,34000,买盘
235,14:43:18,6.8,--,662,450160,买盘
236,14:43:15,6.8,--,17,11560,买盘
237,14:43:12,6.8,0.01,6,4080,买盘
238,14:43:09,6.79,--,34,23086,卖盘
239,14:43:06,6.79,-0.01,89,60431,卖盘
240,14:43:03,6.8,--,2,1360,买盘
241,14:43:00,6.8,--,34,23120,买盘
242,14:42:57,6.8,--,19,12920,买盘
243,14:42:51,6.8,--,17,11560,买盘
244,14:42:48,6.8,0.01,50,34000,买盘
245,14:42:45,6.79,-0.01,1,679,卖盘
246,14:42:39,6.8,0.01,6,4080,买盘
247,14:42:36,6.79,-0.01,43,29197,卖盘
248,14:42:33,6.8,--,50,34000,买盘
249,14:42:30,6.8,0.01,86,58480,买盘
250,14:42:27,6.79,--,84,57036,卖盘
251,14:42:24,6.79,-0.01,5,3395,卖盘
252,14:42:21,6.8,0.01,25,17000,买盘
253,14:42:18,6.79,-0.01,140,95060,卖盘
254,14:42:15,6.8,0.01,114,77520,买盘
255,14:42:12,6.79,-0.01,103,69937,卖盘
256,14:42:06,6.8,0.01,28,19040,买盘
257,14:42:03,6.79,-0.01,20,13580,卖盘
258,14:42:00,6.8,--,22,14960,买盘
259,14:41:57,6.8,--,52,35360,买盘
260,14:41:54,6.8,--,37,25160,买盘
261,14:41:51,6.8,--,1,680,买盘
262,14:41:48,6.8,--,25,17000,买盘
263,14:41:39,6.8,0.01,201,136680,买盘
264,14:41:36,6.79,--,89,60431,卖盘
265,14:41:33,6.79,--,387,262773,卖盘
266,14:41:30,6.79,-0.01,15,10185,卖盘
267,14:41:27,6.8,--,60,40800,买盘
268,14:41:24,6.8,--,50,34000,买盘
269,14:41:21,6.8,--,2,1360,买盘
270,14:41:18,6.8,0.01,105,71400,买盘
271,14:41:15,6.79,-0.01,48,32592,卖盘
272,14:41:12,6.8,--,19,12920,买盘
273,14:41:06,6.8,0.01,29,19720,买盘
274,14:41:03,6.79,--,16,10864,卖盘
275,14:41:00,6.79,-0.01,163,110677,卖盘
276,14:40:57,6.8,--,10,6800,买盘
277,14:40:51,6.8,0.01,10,6800,买盘
278,14:40:48,6.79,-0.01,6,4074,卖盘
279,14:40:42,6.8,0.01,23,15640,买盘
280,14:40:36,6.79,-0.01,1,679,卖盘
281,14:40:33,6.8,--,5027,3418360,买盘
282,14:40:30,6.8,--,1,680,买盘
283,14:40:21,6.8,--,1,680,买盘
284,14:40:18,6.8,--,23,15640,买盘
285,14:40:06,6.8,0.01,42,28560,买盘
286,14:40:03,6.79,-0.01,20,13580,卖盘
287,14:40:00,6.8,0.01,66,44880,买盘
288,14:39:54,6.79,-0.01,81,54999,卖盘
289,14:39:51,6.8,0.01,1,680,买盘
290,14:39:48,6.79,-0.01,45,30555,卖盘
291,14:39:45,6.8,--,2,1360,买盘
292,14:39:42,6.8,0.01,4,2720,买盘
293,14:39:39,6.79,-0.01,140,95060,卖盘
294,14:39:36,6.8,0.01,2,1360,买盘
295,14:39:33,6.79,-0.01,1,679,卖盘
296,14:39:30,6.8,0.01,24,16320,买盘
297,14:39:27,6.79,-0.01,123,83517,卖盘
298,14:39:21,6.8,--,39,26520,买盘
299,14:39:18,6.8,--,27,18360,买盘
300,14:39:15,6.8,--,391,265880,买盘
301,14:39:12,6.8,0.01,278,189040,买盘
302,14:39:06,6.79,-0.01,232,158071,卖盘
303,14:39:03,6.8,--,20,13600,买盘
304,14:39:00,6.8,0.01,9,6120,买盘
305,14:38:57,6.79,-0.01,3,2037,卖盘
306,14:38:48,6.8,0.01,16,10880,买盘
307,14:38:45,6.79,--,73,49567,卖盘
308,14:38:42,6.79,-0.01,19,12901,卖盘
309,14:38:39,6.8,--,40,27200,买盘
310,14:38:36,6.8,0.01,24,16320,买盘
311,14:38:30,6.79,-0.01,5,3395,卖盘
312,14:38:24,6.8,--,11,7480,买盘
313,14:38:21,6.8,0.01,3,2040,买盘
314,14:38:18,6.79,-0.01,20,13580,卖盘
315,14:38:12,6.8,--,1,680,买盘
316,14:38:09,6.8,--,1,680,买盘
317,14:38:06,6.8,--,175,119000,买盘
318,14:38:00,6.8,0.01,22,14960,买盘
319,14:37:57,6.79,-0.01,12,8148,卖盘
320,14:37:51,6.8,--,1,680,买盘
321,14:37:45,6.8,0.01,50,34000,买盘
322,14:37:42,6.79,-0.01,25,16975,卖盘
323,14:37:39,6.8,--,1,680,买盘
324,14:37:36,6.8,0.01,22,14960,买盘
325,14:37:33,6.79,--,11,7469,卖盘
326,14:37:30,6.79,--,25,16975,卖盘
327,14:37:27,6.79,-0.01,2,1358,卖盘
328,14:37:15,6.8,--,20,13600,买盘
329,14:37:12,6.8,--,37,25160,买盘
330,14:37:09,6.8,--,2,1360,买盘
331,14:37:06,6.8,0.01,28,19040,买盘
332,14:37:03,6.79,--,301,204379,卖盘
333,14:37:00,6.79,--,17,11543,卖盘
334,14:36:57,6.79,--,18,12222,卖盘
335,14:36:51,6.79,-0.01,50,33950,卖盘
336,14:36:48,6.8,--,41,27880,买盘
337,14:36:42,6.8,--,5,3400,买盘
338,14:36:39,6.8,--,16,10880,买盘
339,14:36:33,6.8,0.01,23,15640,买盘
340,14:36:30,6.79,-0.01,50,33950,卖盘
341,14:36:27,6.8,--,12,8160,买盘
342,14:36:18,6.8,0.01,1,680,买盘
343,14:36:15,6.79,-0.01,50,33950,卖盘
344,14:36:12,6.8,--,67,45560,买盘
345,14:36:09,6.8,--,12,8160,买盘
346,14:36:06,6.8,--,52,35360,买盘
347,14:36:03,6.8,--,31,21080,买盘
348,14:36:00,6.8,--,50,34000,买盘
349,14:35:51,6.8,0.01,104,70720,买盘
350,14:35:45,6.79,-0.01,50,33950,卖盘
351,14:35:42,6.8,--,73,49640,买盘
352,14:35:39,6.8,--,76,51680,买盘
353,14:35:30,6.8,0.01,8,5440,买盘
354,14:35:18,6.79,-0.01,91,61789,卖盘
355,14:35:12,6.8,0.01,17,11560,买盘
356,14:35:09,6.79,-0.01,41,27839,卖盘
357,14:35:06,6.8,0.01,29,19720,买盘
358,14:35:03,6.79,--,80,54320,卖盘
359,14:35:00,6.79,-0.01,20,13580,卖盘
360,14:34:57,6.8,--,7,4760,买盘
361,14:34:51,6.8,--,163,110840,买盘
362,14:34:48,6.8,--,22,14960,买盘
363,14:34:45,6.8,0.01,39,26520,买盘
364,14:34:42,6.79,-0.01,68,46172,卖盘
365,14:34:33,6.8,--,1,680,买盘
366,14:34:30,6.8,--,48,32640,买盘
367,14:34:27,6.8,0.01,1,680,买盘
368,14:34:12,6.79,-0.01,24,16296,卖盘
369,14:34:09,6.8,0.01,2,1360,买盘
370,14:34:06,6.79,-0.01,34,23086,卖盘
371,14:34:03,6.8,0.01,10,6800,买盘
372,14:33:48,6.79,-0.01,11,7469,卖盘
373,14:33:45,6.8,--,44,29920,买盘
374,14:33:42,6.8,--,13,8840,买盘
375,14:33:24,6.8,0.01,5,3400,买盘
376,14:33:15,6.79,-0.01,8,5432,卖盘
377,14:33:12,6.8,--,216,146880,买盘
378,14:33:09,6.8,--,17,11560,买盘
379,14:33:06,6.8,0.01,28,19040,买盘
380,14:32:57,6.79,--,205,139195,卖盘
381,14:32:54,6.79,-0.01,281,190799,卖盘
382,14:32:51,6.8,0.01,11,7480,买盘
383,14:32:45,6.79,-0.01,11,7469,卖盘
384,14:32:42,6.8,--,16,10880,买盘
385,14:32:39,6.8,0.01,30,20400,买盘
386,14:32:33,6.79,--,1,679,卖盘
387,14:32:18,6.79,-0.01,451,306229,卖盘
388,14:32:15,6.8,--,11,7480,买盘
389,14:32:12,6.8,--,36,24480,买盘
390,14:32:09,6.8,--,4,2720,买盘
391,14:32:06,6.8,--,133,90440,买盘
392,14:32:03,6.8,--,50,34000,买盘
393,14:32:00,6.8,0.01,730,496400,买盘
394,14:31:57,6.79,-0.01,19,12901,卖盘
395,14:31:54,6.8,--,26,17680,买盘
396,14:31:45,6.8,--,11,7480,买盘
397,14:31:42,6.8,--,18,12240,买盘
398,14:31:36,6.8,--,410,278800,买盘
399,14:31:33,6.8,--,25,17000,买盘
400,14:31:30,6.8,0.01,107,72760,买盘
401,14:31:27,6.79,--,49,33271,卖盘
402,14:31:24,6.79,-0.01,30,20370,卖盘
403,14:31:21,6.8,--,136,92480,买盘
404,14:31:18,6.8,--,25,17000,买盘
405,14:31:15,6.8,--,54,36720,买盘
406,14:31:12,6.8,0.01,31,21080,买盘
407,14:31:09,6.79,-0.01,100,67900,卖盘
408,14:31:06,6.8,--,28,19040,买盘
409,14:31:03,6.8,--,157,106760,买盘
410,14:31:00,6.8,--,41,27880,买盘
411,14:30:57,6.8,--,1,680,买盘
412,14:30:54,6.8,0.01,1,680,买盘
413,14:30:48,6.79,-0.01,200,135800,卖盘
414,14:30:45,6.8,--,20,13600,买盘
415,14:30:42,6.8,0.01,15,10200,买盘
416,14:30:36,6.79,--,803,545237,卖盘
417,14:30:33,6.79,-0.01,55,37345,卖盘
418,14:30:30,6.8,--,7,4760,买盘
419,14:30:27,6.8,--,1,680,买盘
420,14:30:21,6.8,--,5,3400,买盘
421,14:30:18,6.8,--,5,3400,买盘
422,14:30:15,6.8,0.01,10,6800,买盘
423,14:30:12,6.79,-0.01,15,10185,卖盘
424,14:30:09,6.8,--,2,1360,买盘
425,14:30:06,6.8,--,29,19720,买盘
426,14:30:03,6.8,--,5,3400,买盘
427,14:30:00,6.8,0.01,1,680,买盘
428,14:29:57,6.79,-0.01,13,8827,卖盘
429,14:29:54,6.8,--,197,133960,买盘
430,14:29:45,6.8,0.01,10,6800,买盘
431,14:29:42,6.79,-0.01,117,79443,卖盘
432,14:29:39,6.8,0.01,2,1360,买盘
433,14:29:33,6.79,-0.01,59,40061,卖盘
434,14:29:30,6.8,--,759,516120,买盘
435,14:29:24,6.8,0.01,5,3400,买盘
436,14:29:18,6.79,-0.01,154,104566,卖盘
437,14:29:15,6.8,--,80,54400,买盘
438,14:29:09,6.8,0.01,1,680,买盘
439,14:29:06,6.79,-0.01,51,34629,卖盘
440,14:29:00,6.8,0.01,2,1360,买盘
441,14:28:54,6.79,-0.01,1,679,卖盘
442,14:28:45,6.8,--,10,6800,买盘
443,14:28:42,6.8,0.01,5,3400,买盘
444,14:28:39,6.79,-0.01,20,13580,卖盘
445,14:28:36,6.8,0.01,150,102000,买盘
446,14:28:33,6.79,-0.01,167,113393,卖盘
447,14:28:30,6.8,--,9,6120,买盘
448,14:28:27,6.8,0.01,5,3400,买盘
449,14:28:24,6.79,-0.01,40,27160,卖盘
450,14:28:15,6.8,--,10,6800,买盘
451,14:28:12,6.8,--,6,4080,买盘
452,14:28:09,6.8,--,1,680,买盘
453,14:28:06,6.8,--,44,29920,买盘
454,14:28:03,6.8,--,13,8840,买盘
455,14:28:00,6.8,--,5,3400,买盘
456,14:27:51,6.8,--,195,132600,买盘
457,14:27:45,6.8,--,15,10200,买盘
458,14:27:42,6.8,--,6,4080,买盘
459,14:27:33,6.8,--,25,17000,买盘
460,14:27:30,6.8,0.01,9,6120,买盘
461,14:27:24,6.79,-0.01,38,25802,卖盘
462,14:27:15,6.8,--,17,11560,买盘
463,14:27:12,6.8,--,6,4080,买盘
464,14:27:06,6.8,--,31,21080,买盘
465,14:27:00,6.8,--,2,1360,买盘
466,14:26:54,6.8,0.01,10,6800,买盘
467,14:26:51,6.79,--,20,13580,卖盘
468,14:26:45,6.79,-0.01,11,7469,卖盘
469,14:26:42,6.8,0.01,23,15640,买盘
470,14:26:30,6.79,-0.01,4,2716,卖盘
471,14:26:24,6.8,--,416,282880,卖盘
472,14:26:21,6.8,-0.01,11,7480,卖盘
473,14:26:15,6.81,--,93,63333,买盘
474,14:26:12,6.81,0.01,14,9534,买盘
475,14:26:09,6.8,-0.01,61,41480,卖盘
476,14:26:06,6.81,--,33,22473,买盘
477,14:26:03,6.81,--,280,190680,买盘
478,14:26:00,6.81,0.01,2,1362,买盘
479,14:25:57,6.8,--,50,34000,卖盘
480,14:25:54,6.8,--,6,4080,卖盘
481,14:25:51,6.8,--,85,57800,卖盘
482,14:25:45,6.8,-0.01,13,8840,卖盘
483,14:25:42,6.81,--,179,121899,买盘
484,14:25:39,6.81,0.01,46,31326,买盘
485,14:25:36,6.8,0.01,10,6800,卖盘
486,14:25:33,6.79,-0.01,13,8827,卖盘
487,14:25:30,6.8,-0.01,12,8160,卖盘
488,14:25:27,6.81,0.02,45,30645,买盘
489,14:25:24,6.79,-0.01,128,86912,卖盘
490,14:25:21,6.8,0.01,221,150280,买盘
491,14:25:18,6.79,--,63,42777,卖盘
492,14:25:15,6.79,-0.01,85,57715,卖盘
493,14:25:12,6.8,--,6,4080,买盘
494,14:25:09,6.8,--,100,68000,买盘
495,14:25:06,6.8,--,481,327080,买盘
496,14:25:03,6.8,--,45,30600,买盘
497,14:25:00,6.8,--,53,36040,买盘
498,14:24:57,6.8,0.01,60,40800,买盘
499,14:24:54,6.79,-0.01,12,8148,卖盘
500,14:24:51,6.8,--,65,44200,买盘
501,14:24:48,6.8,--,8,5440,买盘
502,14:24:45,6.8,--,17,11560,买盘
503,14:24:42,6.8,-0.01,215,146200,卖盘
504,14:24:39,6.81,--,135,91935,买盘
505,14:24:36,6.81,--,45,30645,买盘
506,14:24:33,6.81,0.01,20,13620,买盘
507,14:24:30,6.8,-0.01,102,69360,卖盘
508,14:24:27,6.81,--,45,30645,买盘
509,14:24:21,6.81,0.01,45,30645,买盘
510,14:24:18,6.8,-0.01,3,2040,卖盘
511,14:24:15,6.81,--,94,64013,买盘
512,14:24:12,6.81,--,70,47670,买盘
513,14:24:06,6.81,--,1,681,买盘
514,14:24:03,6.81,--,70,47670,买盘
515,14:24:00,6.81,0.01,47,32006,买盘
516,14:23:57,6.8,--,376,255680,卖盘
517,14:23:54,6.8,--,28,19040,卖盘
518,14:23:51,6.8,-0.01,106,72080,卖盘
519,14:23:45,6.81,0.01,34,23154,买盘
520,14:23:42,6.8,-0.01,114,77520,卖盘
521,14:23:39,6.81,--,45,30645,买盘
522,14:23:36,6.81,--,1,681,买盘
523,14:23:33,6.81,--,480,326880,买盘
524,14:23:30,6.81,0.01,47,32006,买盘
525,14:23:27,6.8,--,12,8160,卖盘
526,14:23:21,6.8,-0.01,131,89080,卖盘
527,14:23:18,6.81,--,103,70143,买盘
528,14:23:15,6.81,--,34,23154,买盘
529,14:23:12,6.81,0.01,6,4085,买盘
530,14:23:09,6.8,-0.01,200,136000,卖盘
531,14:23:06,6.81,--,26,17706,买盘
532,14:23:03,6.81,0.01,83,56523,买盘
533,14:23:00,6.8,-0.01,62,42160,卖盘
534,14:22:57,6.81,0.01,46,31326,买盘
535,14:22:51,6.8,--,30,20400,卖盘
536,14:22:48,6.8,-0.01,84,57120,卖盘
537,14:22:45,6.81,--,96,65375,买盘
538,14:22:42,6.81,0.01,51,34731,买盘
539,14:22:39,6.8,-0.01,20,13600,卖盘
540,14:22:36,6.81,0.01,25,17025,买盘
541,14:22:33,6.8,-0.01,8,5440,卖盘
542,14:22:30,6.81,--,49,33369,买盘
543,14:22:27,6.81,0.01,50,34050,买盘
544,14:22:24,6.8,-0.01,114,77520,卖盘
545,14:22:18,6.81,--,65,44265,买盘
546,14:22:15,6.81,0.01,134,91254,买盘
547,14:22:12,6.8,-0.01,36,24480,卖盘
548,14:22:09,6.81,--,45,30645,买盘
549,14:22:06,6.81,--,30,20430,买盘
550,14:22:03,6.81,--,53,36093,买盘
551,14:22:00,6.81,0.01,6,4085,买盘
552,14:21:57,6.8,-0.01,5,3400,卖盘
553,14:21:54,6.81,--,455,309855,买盘
554,14:21:51,6.81,--,7,4767,买盘
555,14:21:48,6.81,--,1,681,买盘
556,14:21:45,6.81,--,34,23154,买盘
557,14:21:42,6.81,--,6,4085,买盘
558,14:21:39,6.81,--,45,30645,买盘
559,14:21:36,6.81,--,48,32687,买盘
560,14:21:33,6.81,--,45,30645,买盘
561,14:21:30,6.81,--,7,4767,买盘
562,14:21:27,6.81,0.01,52,35412,买盘
563,14:21:21,6.8,--,49,33320,卖盘
564,14:21:18,6.8,-0.01,74,50320,中性盘
565,14:21:15,6.81,0.01,64,43584,买盘
566,14:21:12,6.8,--,61,41480,卖盘
567,14:21:09,6.8,-0.01,80,54400,卖盘
568,14:21:06,6.81,0.01,221,150501,买盘
569,14:21:00,6.8,--,47,31960,买盘
570,14:20:57,6.8,--,20,13600,买盘
571,14:20:54,6.8,--,1,680,买盘
572,14:20:51,6.8,--,52,35360,买盘
573,14:20:48,6.8,--,547,371960,买盘
574,14:20:45,6.8,--,34,23120,买盘
575,14:20:42,6.8,--,51,34680,买盘
576,14:20:36,6.8,--,146,99280,买盘
577,14:20:30,6.8,--,47,31960,买盘
578,14:20:27,6.8,--,12,8160,买盘
579,14:20:24,6.8,--,9,6120,买盘
580,14:20:21,6.8,--,47,31960,买盘
581,14:20:18,6.8,--,521,354280,买盘
582,14:20:15,6.8,0.01,123,83640,买盘
583,14:20:12,6.79,-0.01,27,18333,卖盘
584,14:20:09,6.8,0.01,78,53040,买盘
585,14:20:06,6.79,-0.01,1275,865725,卖盘
586,14:20:03,6.8,--,48,32640,买盘
587,14:20:00,6.8,--,7,4760,买盘
588,14:19:54,6.8,--,72,48960,买盘
589,14:19:51,6.8,--,1,680,买盘
590,14:19:48,6.8,--,1,680,买盘
591,14:19:45,6.8,--,132,89760,买盘
592,14:19:42,6.8,0.01,6,4080,买盘
593,14:19:36,6.79,--,63,42777,卖盘
594,14:19:33,6.79,-0.01,11,7469,卖盘
595,14:19:30,6.8,0.01,48,32640,买盘
596,14:19:27,6.79,-0.01,7,4753,卖盘
597,14:19:24,6.8,--,8,5440,买盘
598,14:19:21,6.8,--,45,30600,买盘
599,14:19:18,6.8,--,47,31960,买盘
600,14:19:15,6.8,--,55,37400,买盘
601,14:19:12,6.8,--,51,34680,买盘
602,14:19:09,6.8,--,10,6800,买盘
603,14:19:06,6.8,0.01,68,46240,买盘
604,14:19:03,6.79,-0.01,80,54320,卖盘
605,14:19:00,6.8,--,59,40120,买盘
606,14:18:57,6.8,0.01,16,10880,买盘
607,14:18:54,6.79,-0.01,46,31234,卖盘
608,14:18:51,6.8,--,42,28560,买盘
609,14:18:48,6.8,--,49,33320,买盘
610,14:18:45,6.8,0.01,80,54400,买盘
611,14:18:42,6.79,-0.01,9,6111,卖盘
612,14:18:39,6.8,--,182,123760,买盘
613,14:18:36,6.8,0.01,46,31280,买盘
614,14:18:33,6.79,-0.01,2,1358,卖盘
615,14:18:30,6.8,--,57,38760,买盘
616,14:18:27,6.8,--,9,6120,买盘
617,14:18:24,6.8,--,93,63240,买盘
618,14:18:21,6.8,--,8,5440,买盘
619,14:18:18,6.8,--,47,31960,买盘
620,14:18:15,6.8,--,34,23120,买盘
621,14:18:12,6.8,0.01,6,4080,买盘
622,14:18:09,6.79,-0.01,1,679,卖盘
623,14:18:06,6.8,--,45,30600,买盘
624,14:18:03,6.8,--,46,31280,买盘
625,14:18:00,6.8,0.01,2,1360,买盘
626,14:17:57,6.79,--,69,46851,卖盘
627,14:17:54,6.79,-0.01,10,6790,卖盘
628,14:17:51,6.8,0.01,18,12240,买盘
629,14:17:48,6.79,--,72,48888,卖盘
630,14:17:45,6.79,-0.01,137,93023,卖盘
631,14:17:42,6.8,--,505,343400,买盘
632,14:17:39,6.8,0.01,1,680,买盘
633,14:17:36,6.79,-0.01,47,31913,卖盘
634,14:17:33,6.8,--,45,30600,买盘
635,14:17:30,6.8,--,2,1360,买盘
636,14:17:27,6.8,0.01,60,40800,买盘
637,14:17:24,6.79,-0.01,1,679,卖盘
638,14:17:21,6.8,--,2,1360,买盘
639,14:17:18,6.8,--,46,31280,买盘
640,14:17:15,6.8,0.01,34,23120,买盘
641,14:17:12,6.79,-0.01,23,15617,卖盘
642,14:17:09,6.8,--,46,31280,买盘
643,14:17:06,6.8,--,53,36040,买盘
644,14:17:03,6.8,--,2,1360,买盘
645,14:17:00,6.8,--,2,1360,买盘
646,14:16:57,6.8,0.01,91,61880,买盘
647,14:16:51,6.79,-0.01,1,679,卖盘
648,14:16:48,6.8,--,46,31280,买盘
649,14:16:45,6.8,--,43,29240,买盘
650,14:16:42,6.8,0.01,365,248200,买盘
651,14:16:39,6.79,-0.01,79,53641,卖盘
652,14:16:33,6.8,--,64,43520,买盘
653,14:16:30,6.8,--,48,32640,买盘
654,14:16:27,6.8,--,7,4760,买盘
655,14:16:21,6.8,--,65,44200,买盘
656,14:16:18,6.8,--,49,33320,买盘
657,14:16:15,6.8,--,87,59160,买盘
658,14:16:12,6.8,--,71,48280,买盘
659,14:16:09,6.8,0.01,2,1360,买盘
660,14:16:06,6.79,-0.01,49,33271,卖盘
661,14:16:00,6.8,--,100,68000,买盘
662,14:15:57,6.8,--,45,30600,买盘
663,14:15:48,6.8,--,68,46240,买盘
664,14:15:45,6.8,0.01,79,53720,买盘
665,14:15:42,6.79,-0.01,16,10864,卖盘
666,14:15:39,6.8,0.01,8,5440,买盘
667,14:15:36,6.79,-0.01,63,42777,卖盘
668,14:15:33,6.8,--,45,30600,买盘
669,14:15:30,6.8,0.01,2,1360,买盘
670,14:15:27,6.79,-0.01,18,12222,卖盘
671,14:15:24,6.8,--,46,31280,买盘
672,14:15:18,6.8,0.01,84,57120,买盘
673,14:15:15,6.79,--,56,38024,买盘
674,14:15:12,6.79,--,6,4074,买盘
675,14:15:09,6.79,--,10,6790,买盘
676,14:15:06,6.79,0.01,9,6111,买盘
677,14:15:03,6.78,-0.01,46,31188,卖盘
678,14:15:00,6.79,--,32,21728,买盘
679,14:14:57,6.79,0.01,19,12901,买盘
680,14:14:51,6.78,-0.02,43,29154,卖盘
681,14:14:48,6.8,--,2,1360,买盘
682,14:14:45,6.8,--,34,23120,买盘
683,14:14:42,6.8,--,27,18360,买盘
684,14:14:33,6.8,0.02,7,4760,买盘
685,14:14:30,6.78,-0.02,23,15594,卖盘
686,14:14:24,6.8,0.02,47,31960,买盘
687,14:14:18,6.78,-0.02,22,14916,卖盘
688,14:14:15,6.8,0.02,34,23120,买盘
689,14:14:12,6.78,-0.02,806,546468,卖盘
690,14:14:09,6.8,0.02,17,11560,买盘
691,14:14:06,6.78,-0.01,29,19662,卖盘
692,14:14:03,6.79,-0.01,1,679,中性盘
693,14:14:00,6.8,0.02,2,1360,买盘
694,14:13:57,6.78,-0.01,19,12882,卖盘
695,14:13:54,6.79,--,88,59752,买盘
696,14:13:51,6.79,-0.01,127,86233,卖盘
697,14:13:48,6.8,0.02,1,680,买盘
698,14:13:45,6.78,-0.01,76,51528,卖盘
699,14:13:42,6.79,-0.01,614,416906,卖盘
700,14:13:36,6.8,0.01,7,4760,买盘
701,14:13:33,6.79,-0.01,21,14259,卖盘
702,14:13:30,6.8,--,8,5440,买盘
703,14:13:24,6.8,--,36,24480,卖盘
704,14:13:18,6.8,--,40,27200,卖盘
705,14:13:15,6.8,--,137,93160,买盘
706,14:13:12,6.8,--,2819,1916920,买盘
707,14:13:09,6.8,0.01,31,21080,买盘
708,14:13:06,6.79,-0.01,2,1358,卖盘
709,14:13:03,6.8,0.01,2,1360,买盘
710,14:13:00,6.79,--,21,14259,卖盘
711,14:12:57,6.79,--,12,8148,卖盘
712,14:12:54,6.79,--,2,1358,卖盘
713,14:12:51,6.79,--,40,27160,卖盘
714,14:12:48,6.79,--,22,14938,卖盘
715,14:12:45,6.79,--,165,112035,卖盘
716,14:12:42,6.79,--,7,4753,卖盘
717,14:12:39,6.79,-0.01,31,21049,卖盘
718,14:12:36,6.8,0.01,8,5440,买盘
719,14:12:33,6.79,--,132,89628,卖盘
720,14:12:30,6.79,--,384,260736,卖盘
721,14:12:27,6.79,-0.01,21,14259,卖盘
722,14:12:24,6.8,0.01,5,3400,买盘
723,14:12:21,6.79,-0.01,3,2037,卖盘
724,14:12:18,6.8,--,2,1360,买盘
725,14:12:15,6.8,0.01,56,38080,买盘
726,14:12:12,6.79,-0.01,16,10864,卖盘
727,14:12:09,6.8,--,2,1360,买盘
728,14:12:06,6.8,0.01,8,5440,买盘
729,14:12:03,6.79,-0.01,22,14938,卖盘
730,14:12:00,6.8,0.01,2,1360,买盘
731,14:11:57,6.79,--,2,1358,卖盘
732,14:11:54,6.79,--,20,13580,卖盘
733,14:11:51,6.79,-0.01,20,13580,卖盘
734,14:11:48,6.8,--,2,1360,买盘
735,14:11:45,6.8,0.01,34,23120,买盘
736,14:11:42,6.79,-0.01,22,14938,卖盘
737,14:11:39,6.8,--,19,12920,买盘
738,14:11:36,6.8,0.01,151,102680,买盘
739,14:11:30,6.79,-0.01,22,14938,卖盘
740,14:11:27,6.8,0.01,1,680,买盘
741,14:11:24,6.79,-0.01,2,1358,卖盘
742,14:11:21,6.8,0.01,50,34000,买盘
743,14:11:18,6.79,-0.01,23,15617,卖盘
744,14:11:15,6.8,0.01,81,55080,买盘
745,14:11:12,6.79,-0.01,2,1358,卖盘
746,14:11:09,6.8,0.01,112,76160,买盘
747,14:11:06,6.79,--,237,160923,卖盘
748,14:11:03,6.79,-0.01,1,679,卖盘
749,14:11:00,6.8,0.01,52,35360,买盘
750,14:10:57,6.79,--,23,15617,卖盘
751,14:10:54,6.79,--,20,13580,卖盘
752,14:10:51,6.79,-0.01,22,14938,卖盘
753,14:10:48,6.8,--,1,680,买盘
754,14:10:45,6.8,0.01,63,42840,买盘
755,14:10:42,6.79,--,1,679,卖盘
756,14:10:36,6.79,--,103,69937,卖盘
757,14:10:33,6.79,--,21,14259,卖盘
758,14:10:30,6.79,--,8,5432,卖盘
759,14:10:24,6.79,-0.01,24,16296,卖盘
760,14:10:18,6.8,0.01,7,4760,买盘
761,14:10:15,6.79,-0.01,36,24444,卖盘
762,14:10:12,6.8,--,47,31960,买盘
763,14:10:09,6.8,0.01,17,11560,买盘
764,14:10:06,6.79,-0.01,1,679,卖盘
765,14:10:03,6.8,0.01,1,680,买盘
766,14:10:00,6.79,--,36,24444,卖盘
767,14:09:48,6.79,-0.01,27,18333,卖盘
768,14:09:45,6.8,0.01,50,34000,买盘
769,14:09:39,6.79,--,21,14259,卖盘
770,14:09:33,6.79,-0.01,1,679,卖盘
771,14:09:30,6.8,--,2,1360,买盘
772,14:09:27,6.8,0.01,78,53040,买盘
773,14:09:15,6.79,-0.01,64,43456,卖盘
774,14:09:09,6.8,0.01,56,38080,买盘
775,14:09:06,6.79,-0.01,20,13580,卖盘
776,14:09:03,6.8,--,2,1360,买盘
777,14:09:00,6.8,0.01,2,1360,买盘
778,14:08:57,6.79,-0.01,3,2037,卖盘
779,14:08:54,6.8,--,42,28560,买盘
780,14:08:51,6.8,--,76,51680,买盘
781,14:08:48,6.8,-0.01,79,53720,卖盘
782,14:08:45,6.81,0.01,34,23154,买盘
783,14:08:42,6.8,--,287,195160,卖盘
784,14:08:36,6.8,--,555,377400,买盘
785,14:08:33,6.8,0.01,23,15640,买盘
786,14:08:30,6.79,-0.01,170,115430,卖盘
787,14:08:27,6.8,0.01,21,14280,买盘
788,14:08:21,6.79,-0.01,20,13580,卖盘
789,14:08:15,6.8,--,24,16320,买盘
790,14:08:12,6.8,0.01,59,40120,买盘
791,14:08:09,6.79,-0.01,20,13580,卖盘
792,14:08:06,6.8,--,202,137360,买盘
793,14:07:57,6.8,--,69,46920,买盘
794,14:07:54,6.8,--,30,20400,买盘
795,14:07:48,6.8,--,38,25840,买盘
796,14:07:45,6.8,--,54,36720,买盘
797,14:07:42,6.8,0.01,2,1360,买盘
798,14:07:36,6.79,-0.01,21,14259,卖盘
799,14:07:33,6.8,--,2,1360,买盘
800,14:07:30,6.8,--,17,11560,买盘
801,14:07:27,6.8,--,10,6800,买盘
802,14:07:24,6.8,--,37,25160,买盘
803,14:07:18,6.8,0.01,60,40800,买盘
804,14:07:12,6.79,-0.01,20,13580,卖盘
805,14:07:09,6.8,--,5,3400,买盘
806,14:07:06,6.8,0.01,6,4080,买盘
807,14:07:03,6.79,-0.01,21,14259,卖盘
808,14:06:57,6.8,--,1,680,买盘
809,14:06:54,6.8,0.01,6,4080,买盘
810,14:06:51,6.79,-0.01,18,12222,卖盘
811,14:06:48,6.8,--,437,297160,卖盘
812,14:06:42,6.8,--,16,10880,卖盘
813,14:06:39,6.8,-0.01,19,12920,卖盘
814,14:06:33,6.81,--,119,81570,卖盘
815,14:06:30,6.81,--,70,47670,卖盘
816,14:06:27,6.81,-0.01,80,54480,卖盘
817,14:06:24,6.82,0.01,6,4092,买盘
818,14:06:21,6.81,--,1101,749781,卖盘
819,14:06:18,6.81,--,126,85806,卖盘
820,14:06:15,6.81,--,44,29964,卖盘
821,14:06:12,6.81,--,1046,712326,卖盘
822,14:06:09,6.81,-0.01,6,4085,卖盘
823,14:06:06,6.82,--,86,58692,买盘
824,14:06:00,6.82,0.01,499,340318,买盘
825,14:05:57,6.81,--,479,326199,卖盘
826,14:05:51,6.81,-0.01,944,642864,卖盘
827,14:05:48,6.82,0.01,507,345774,买盘
828,14:05:45,6.81,--,46,31326,卖盘
829,14:05:42,6.81,--,302,205662,卖盘
830,14:05:39,6.81,--,210,143010,卖盘
831,14:05:33,6.81,--,240,163440,卖盘
832,14:05:30,6.81,-0.01,10,6810,卖盘
833,14:05:27,6.82,0.01,30,20460,买盘
834,14:05:21,6.81,--,50,34050,卖盘
835,14:05:18,6.81,-0.01,5,3405,卖盘
836,14:05:15,6.82,0.01,20,13640,买盘
837,14:05:12,6.81,-0.01,20,13620,卖盘
838,14:05:09,6.82,0.01,1,682,买盘
839,14:05:06,6.81,-0.01,21,14301,卖盘
840,14:05:03,6.82,0.01,13,8866,买盘
841,14:05:00,6.81,-0.01,19,12939,卖盘
842,14:04:57,6.82,--,40,27280,买盘
843,14:04:51,6.82,0.01,1827,1246014,买盘
844,14:04:48,6.81,--,78,53118,卖盘
845,14:04:45,6.81,--,100,68100,卖盘
846,14:04:39,6.81,-0.01,10,6810,卖盘
847,14:04:36,6.82,0.01,232,158224,买盘
848,14:04:33,6.81,-0.01,78,53118,卖盘
849,14:04:30,6.82,0.01,31,21142,买盘
850,14:04:27,6.81,--,40,27240,卖盘
851,14:04:21,6.81,--,39,26559,卖盘
852,14:04:18,6.81,--,240,163440,卖盘
853,14:04:15,6.81,--,19,12939,卖盘
854,14:04:09,6.81,-0.01,250,170250,卖盘
855,14:04:06,6.82,0.01,1,682,买盘
856,14:04:03,6.81,--,45,30645,卖盘
857,14:03:57,6.81,--,23,15663,卖盘
858,14:03:54,6.81,--,21,14301,卖盘
859,14:03:51,6.81,-0.01,24,16343,卖盘
860,14:03:45,6.82,0.01,45,30935,买盘
861,14:03:42,6.81,--,21,14301,卖盘
862,14:03:39,6.81,-0.01,1,681,卖盘
863,14:03:36,6.82,--,5,3410,买盘
864,14:03:33,6.82,0.01,21,14322,买盘
865,14:03:30,6.81,--,21,14301,卖盘
866,14:03:27,6.81,-0.01,5,3405,卖盘
867,14:03:24,6.82,0.01,26,17732,买盘
868,14:03:18,6.81,-0.01,148,100788,卖盘
869,14:03:15,6.82,--,260,177320,买盘
870,14:03:12,6.82,0.01,17,11594,买盘
871,14:03:09,6.81,--,133,90573,卖盘
872,14:03:06,6.81,-0.01,42,28602,卖盘
873,14:03:00,6.82,--,4,2728,买盘
874,14:02:57,6.82,--,54,36828,买盘
875,14:02:54,6.82,--,30,20460,买盘
876,14:02:51,6.82,--,20,13640,买盘
877,14:02:48,6.82,0.01,25,17050,买盘
878,14:02:45,6.81,--,25,17025,卖盘
879,14:02:42,6.81,--,38,25878,卖盘
880,14:02:33,6.81,--,23,15663,卖盘
881,14:02:30,6.81,-0.01,20,13620,卖盘
882,14:02:24,6.82,--,96,65472,买盘
883,14:02:18,6.82,0.01,1,682,买盘
884,14:02:15,6.81,-0.01,2,1362,卖盘
885,14:02:12,6.82,--,27,18414,买盘
886,14:02:09,6.82,0.01,8,5456,买盘
887,14:02:06,6.81,--,23,15663,卖盘
888,14:02:03,6.81,--,2,1362,卖盘
889,14:02:00,6.81,--,22,14982,卖盘
890,14:01:57,6.81,--,937,638097,卖盘
891,14:01:54,6.81,0.02,2760,1880104,买盘
892,14:01:51,6.79,--,22,14938,卖盘
893,14:01:45,6.79,--,10,6790,卖盘
894,14:01:42,6.79,--,41,27839,卖盘
895,14:01:39,6.79,-0.01,22,14938,卖盘
896,14:01:36,6.8,0.01,8,5440,买盘
897,14:01:33,6.79,--,232,157528,卖盘
898,14:01:30,6.79,--,3,2037,卖盘
899,14:01:27,6.79,--,22,14938,卖盘
900,14:01:24,6.79,--,10,6790,卖盘
901,14:01:21,6.79,--,1,679,卖盘
902,14:01:18,6.79,--,41,27839,卖盘
903,14:01:15,6.79,--,36,24444,卖盘
904,14:01:12,6.79,--,9,6111,卖盘
905,14:01:09,6.79,--,1514,1028006,卖盘
906,14:01:06,6.79,--,22,14938,卖盘
907,14:01:03,6.79,--,80,54320,卖盘
908,14:00:57,6.79,--,2,1358,卖盘
909,14:00:54,6.79,--,71,48209,卖盘
910,14:00:48,6.79,--,118,80122,卖盘
911,14:00:45,6.79,--,2,1358,卖盘
912,14:00:42,6.79,-0.01,76,51604,卖盘
913,14:00:39,6.8,--,55,37400,买盘
914,14:00:36,6.8,0.01,8,5440,买盘
915,14:00:33,6.79,--,23,15617,卖盘
916,14:00:30,6.79,-0.01,3,2037,卖盘
917,14:00:24,6.8,0.01,3,2040,买盘
918,14:00:21,6.79,--,20,13580,卖盘
919,14:00:18,6.79,--,125,84875,卖盘
920,14:00:12,6.79,-0.01,6,4074,卖盘
921,14:00:09,6.8,0.01,38,25840,买盘
922,14:00:06,6.79,-0.01,9,6111,卖盘
923,14:00:03,6.8,0.01,13,8840,中性盘
924,14:00:00,6.79,--,5060,3435740,卖盘
925,13:59:57,6.79,--,28,19012,卖盘
926,13:59:54,6.79,--,42,28518,卖盘
927,13:59:51,6.79,--,5,3395,卖盘
928,13:59:48,6.79,--,27,18333,卖盘
929,13:59:45,6.79,-0.01,349,236971,卖盘
930,13:59:42,6.8,0.01,38,25840,买盘
931,13:59:39,6.79,--,10,6790,卖盘
932,13:59:36,6.79,-0.01,26,17654,卖盘
933,13:59:33,6.8,0.01,16,10880,买盘
934,13:59:27,6.79,--,45,30555,卖盘
935,13:59:24,6.79,-0.01,22,14938,卖盘
936,13:59:18,6.8,0.01,47,31960,买盘
937,13:59:15,6.79,--,20,13580,卖盘
938,13:59:09,6.79,--,3,2037,卖盘
939,13:59:06,6.79,-0.01,13,8827,卖盘
940,13:59:03,6.8,0.01,32,21760,买盘
941,13:59:00,6.79,--,14,9506,卖盘
942,13:58:54,6.79,--,2,1358,卖盘
943,13:58:51,6.79,--,21,14259,卖盘
944,13:58:48,6.79,--,7,4753,卖盘
945,13:58:42,6.79,--,11,7469,卖盘
946,13:58:39,6.79,-0.01,67,45493,卖盘
947,13:58:36,6.8,--,182,123760,卖盘
948,13:58:33,6.8,--,2,1360,卖盘
949,13:58:30,6.8,--,27,18360,卖盘
950,13:58:27,6.8,--,7,4760,卖盘
951,13:58:24,6.8,--,9,6120,卖盘
952,13:58:21,6.8,--,22,14960,卖盘
953,13:58:18,6.8,--,386,262480,买盘
954,13:58:12,6.8,0.01,19,12920,买盘
955,13:58:09,6.79,--,7,4753,卖盘
956,13:58:06,6.79,-0.01,20,13580,卖盘
957,13:58:03,6.8,0.01,302,205360,买盘
958,13:58:00,6.79,--,2,1358,卖盘
959,13:57:57,6.79,-0.01,128,86912,卖盘
960,13:57:54,6.8,--,95,64600,买盘
961,13:57:51,6.8,0.01,35,23800,买盘
962,13:57:48,6.79,--,9,6111,卖盘
963,13:57:45,6.79,-0.01,19,12901,卖盘
964,13:57:42,6.8,--,147,99960,买盘
965,13:57:39,6.8,0.01,8,5440,买盘
966,13:57:36,6.79,--,22,14938,卖盘
967,13:57:33,6.79,-0.01,25,16975,卖盘
968,13:57:30,6.8,0.01,65,44200,买盘
969,13:57:27,6.79,--,43,29197,卖盘
970,13:57:21,6.79,-0.01,73,49567,卖盘
971,13:57:18,6.8,--,2,1360,买盘
972,13:57:15,6.8,0.01,159,108120,买盘
973,13:57:12,6.79,--,19,12901,卖盘
974,13:57:09,6.79,-0.01,3,2037,卖盘
975,13:57:06,6.8,--,10,6800,买盘
976,13:57:03,6.8,0.01,11,7480,买盘
977,13:57:00,6.79,--,21,14259,卖盘
978,13:56:54,6.79,-0.01,100,67900,卖盘
979,13:56:51,6.8,--,19,12920,卖盘
980,13:56:48,6.8,--,351,238680,买盘
981,13:56:45,6.8,0.01,44,29920,买盘
982,13:56:42,6.79,-0.01,50,33950,卖盘
983,13:56:39,6.8,0.01,65,44200,买盘
984,13:56:36,6.79,-0.01,94,63826,卖盘
985,13:56:33,6.8,0.01,876,595680,买盘
986,13:56:30,6.79,-0.01,2,1358,卖盘
987,13:56:27,6.8,--,2161,1469480,买盘
988,13:56:24,6.8,--,3,2040,买盘
989,13:56:18,6.8,--,43,29240,买盘
990,13:56:15,6.8,--,30,20400,买盘
991,13:56:09,6.8,--,151,102680,买盘
992,13:56:06,6.8,--,50,34000,买盘
993,13:56:03,6.8,--,15,10200,买盘
994,13:56:00,6.8,--,6,4080,买盘
995,13:55:54,6.8,0.01,101,68680,买盘
996,13:55:51,6.79,--,48,32592,卖盘
997,13:55:48,6.79,--,14,9506,卖盘
998,13:55:45,6.79,--,29,19691,卖盘
999,13:55:42,6.79,--,20,13580,卖盘
1000,13:55:39,6.79,-0.01,231,156849,卖盘
1001,13:55:36,6.8,0.01,1,680,买盘
1002,13:55:33,6.79,--,71,48209,卖盘
1003,13:55:30,6.79,--,20,13580,卖盘
1004,13:55:24,6.79,--,51,34629,卖盘
1005,13:55:21,6.79,--,182,123578,卖盘
1006,13:55:18,6.79,--,40,27160,卖盘
1007,13:55:15,6.79,--,48,32592,卖盘
1008,13:55:09,6.79,--,26,17654,卖盘
1009,13:55:06,6.79,-0.01,16,10864,卖盘
1010,13:55:03,6.8,0.01,11,7480,买盘
1011,13:54:57,6.79,-0.01,68,46172,卖盘
1012,13:54:54,6.8,0.01,8,5440,买盘
1013,13:54:51,6.79,--,48,32592,卖盘
1014,13:54:48,6.79,--,25,16975,卖盘
1015,13:54:45,6.79,--,33,22407,买盘
1016,13:54:42,6.79,--,10,6790,买盘
1017,13:54:39,6.79,0.01,104,70616,中性盘
1018,13:54:36,6.78,-0.02,38,25764,卖盘
1019,13:54:33,6.8,0.01,2,1360,买盘
1020,13:54:30,6.79,--,20,13580,卖盘
1021,13:54:27,6.79,0.01,17,11543,买盘
1022,13:54:24,6.78,--,51,34578,卖盘
1023,13:54:21,6.78,-0.02,10,6780,卖盘
1024,13:54:15,6.8,0.01,845,574600,买盘
1025,13:54:12,6.79,-0.01,30,20370,卖盘
1026,13:54:09,6.8,--,143,97240,买盘
1027,13:54:06,6.8,0.01,1,680,买盘
1028,13:54:03,6.79,--,67,45493,卖盘
1029,13:54:00,6.79,--,115,78085,卖盘
1030,13:53:57,6.79,--,72,48888,卖盘
1031,13:53:54,6.79,--,513,348327,卖盘
1032,13:53:51,6.79,--,187,126973,卖盘
1033,13:53:48,6.79,--,3,2037,卖盘
1034,13:53:45,6.79,--,28,19012,卖盘
1035,13:53:42,6.79,-0.01,91,61789,卖盘
1036,13:53:36,6.8,0.01,52,35360,买盘
1037,13:53:33,6.79,-0.01,531,360549,卖盘
1038,13:53:30,6.8,--,128,87040,买盘
1039,13:53:27,6.8,0.01,19,12920,买盘
1040,13:53:24,6.79,--,50,33950,卖盘
1041,13:53:21,6.79,--,13,8827,卖盘
1042,13:53:18,6.79,--,45,30555,卖盘
1043,13:53:15,6.79,-0.01,1,679,卖盘
1044,13:53:12,6.8,0.01,37,25160,买盘
1045,13:53:09,6.79,--,3,2037,卖盘
1046,13:53:06,6.79,-0.01,36,24444,卖盘
1047,13:53:03,6.8,--,327,222360,买盘
1048,13:53:00,6.8,--,5,3400,买盘
1049,13:52:57,6.8,0.01,47,31960,买盘
1050,13:52:54,6.79,--,42,28518,卖盘
1051,13:52:48,6.79,--,173,117467,卖盘
1052,13:52:45,6.79,--,20,13580,卖盘
1053,13:52:42,6.79,--,6,4074,卖盘
1054,13:52:39,6.79,-0.01,20,13580,卖盘
1055,13:52:36,6.8,--,26,17680,买盘
1056,13:52:33,6.8,--,31,21080,买盘
1057,13:52:30,6.8,--,12,8160,买盘
1058,13:52:27,6.8,--,11,7480,买盘
1059,13:52:24,6.8,0.01,19,12920,买盘
1060,13:52:21,6.79,--,39,26481,卖盘
1061,13:52:12,6.79,-0.01,19,12901,卖盘
1062,13:52:09,6.8,0.01,3,2040,买盘
1063,13:52:06,6.79,--,4,2716,卖盘
1064,13:52:03,6.79,--,40,27160,卖盘
1065,13:52:00,6.79,--,19,12901,卖盘
1066,13:51:57,6.79,--,10,6790,卖盘
1067,13:51:48,6.79,--,27,18333,卖盘
1068,13:51:45,6.79,-0.01,4,2716,卖盘
1069,13:51:39,6.8,0.01,154,104720,买盘
1070,13:51:36,6.79,-0.01,2,1358,卖盘
1071,13:51:33,6.8,0.01,23,15640,买盘
1072,13:51:30,6.79,-0.01,3,2037,卖盘
1073,13:51:27,6.8,0.01,53,36040,买盘
1074,13:51:24,6.79,--,139,94381,卖盘
1075,13:51:21,6.79,-0.01,14,9506,卖盘
1076,13:51:18,6.8,0.01,16,10880,买盘
1077,13:51:15,6.79,--,23,15617,卖盘
1078,13:51:12,6.79,-0.01,2,1358,卖盘
1079,13:51:09,6.8,0.01,2112,1436160,买盘
1080,13:51:06,6.79,-0.01,110,74690,卖盘
1081,13:51:03,6.8,--,89,60520,买盘
1082,13:51:00,6.8,0.01,42,28560,买盘
1083,13:50:54,6.79,--,59,40061,卖盘
1084,13:50:51,6.79,--,171,116109,卖盘
1085,13:50:48,6.79,--,3,2037,卖盘
1086,13:50:42,6.79,--,21,14259,卖盘
1087,13:50:39,6.79,-0.01,102,69258,卖盘
1088,13:50:36,6.8,0.01,10,6800,买盘
1089,13:50:33,6.79,--,39,26481,卖盘
1090,13:50:30,6.79,--,4,2716,卖盘
1091,13:50:27,6.79,--,39,26481,卖盘
1092,13:50:21,6.79,-0.01,28,19012,卖盘
1093,13:50:18,6.8,0.01,34,23120,买盘
1094,13:50:15,6.79,-0.01,31,21049,卖盘
1095,13:50:12,6.8,0.01,50,34000,买盘
1096,13:50:09,6.79,--,23,15617,卖盘
1097,13:50:06,6.79,-0.01,132,89628,卖盘
1098,13:50:03,6.8,--,87,59160,买盘
1099,13:50:00,6.8,0.01,1,680,买盘
1100,13:49:57,6.79,--,22,14938,卖盘
1101,13:49:54,6.79,-0.01,8,5432,卖盘
1102,13:49:51,6.8,0.01,8,5440,买盘
1103,13:49:48,6.79,-0.01,19,12901,卖盘
1104,13:49:45,6.8,--,51,34680,买盘
1105,13:49:39,6.8,0.01,11,7480,买盘
1106,13:49:36,6.79,--,18,12222,卖盘
1107,13:49:33,6.79,--,22,14938,卖盘
1108,13:49:30,6.79,--,32,21728,卖盘
1109,13:49:27,6.79,--,3,2037,卖盘
1110,13:49:24,6.79,--,22,14938,卖盘
1111,13:49:21,6.79,--,2,1358,卖盘
1112,13:49:18,6.79,0.01,57,38703,买盘
1113,13:49:15,6.78,--,18,12204,卖盘
1114,13:49:12,6.78,-0.01,23,15594,卖盘
1115,13:49:09,6.79,--,10,6790,买盘
1116,13:49:06,6.79,--,10,6790,卖盘
1117,13:49:03,6.79,--,294,199626,卖盘
1118,13:49:00,6.79,--,4,2716,卖盘
1119,13:48:57,6.79,--,13,8827,卖盘
1120,13:48:51,6.79,--,23,15617,卖盘
1121,13:48:48,6.79,--,3,2037,卖盘
1122,13:48:45,6.79,--,1561,1059919,买盘
1123,13:48:42,6.79,0.01,39,26481,买盘
1124,13:48:36,6.78,-0.01,84,56952,卖盘
1125,13:48:33,6.79,--,31,21049,买盘
1126,13:48:30,6.79,0.01,41,27839,买盘
1127,13:48:27,6.78,--,12,8136,卖盘
1128,13:48:24,6.78,--,136,92208,卖盘
1129,13:48:18,6.78,-0.01,20,13560,卖盘
1130,13:48:15,6.79,--,45,30555,买盘
1131,13:48:12,6.79,0.01,5,3395,中性盘
1132,13:48:09,6.78,-0.02,22,14916,卖盘
1133,13:48:06,6.8,0.02,7,4760,买盘
1134,13:48:03,6.78,-0.02,832,564096,卖盘
1135,13:48:00,6.8,0.01,13,8840,买盘
1136,13:47:57,6.79,--,24,16296,卖盘
1137,13:47:48,6.79,--,8,5432,卖盘
1138,13:47:45,6.79,--,33,22407,卖盘
1139,13:47:42,6.79,--,2,1358,买盘
1140,13:47:39,6.79,--,41,27839,买盘
1141,13:47:36,6.79,--,54,36666,买盘
1142,13:47:33,6.79,--,226,153454,卖盘
1143,13:47:30,6.79,--,51,34629,卖盘
1144,13:47:27,6.79,0.01,34,23086,卖盘
1145,13:47:24,6.78,-0.01,18,12204,卖盘
1146,13:47:21,6.79,--,11,7469,中性盘
1147,13:47:15,6.79,0.01,18,12222,卖盘
1148,13:47:12,6.78,-0.02,361,244758,卖盘
1149,13:47:09,6.8,--,486,330480,买盘
1150,13:47:06,6.8,--,63,42840,买盘
1151,13:47:03,6.8,0.01,41,27880,买盘
1152,13:47:00,6.79,--,31,21049,卖盘
1153,13:46:57,6.79,--,757,514003,卖盘
1154,13:46:51,6.79,--,20,13580,卖盘
1155,13:46:48,6.79,-0.01,103,69937,卖盘
1156,13:46:45,6.8,--,6,4080,买盘
1157,13:46:42,6.8,0.01,10,6800,买盘
1158,13:46:39,6.79,-0.01,35,23765,卖盘
1159,13:46:36,6.8,--,1,680,买盘
1160,13:46:33,6.8,--,34,23120,买盘
1161,13:46:30,6.8,0.01,4,2720,买盘
1162,13:46:27,6.79,--,35,23765,卖盘
1163,13:46:21,6.79,--,30,20370,卖盘
1164,13:46:18,6.79,--,41,27839,卖盘
1165,13:46:15,6.79,-0.01,5,3395,卖盘
1166,13:46:12,6.8,--,6,4080,买盘
1167,13:46:09,6.8,0.01,28,19040,买盘
1168,13:46:06,6.79,--,27,18333,卖盘
1169,13:46:03,6.79,--,12,8148,卖盘
1170,13:46:00,6.79,0.01,1,679,卖盘
1171,13:45:57,6.78,--,109,73902,卖盘
1172,13:45:54,6.78,-0.01,26,17628,卖盘
1173,13:45:51,6.79,--,47,31913,卖盘
1174,13:45:48,6.79,0.01,43,29197,买盘
1175,13:45:45,6.78,--,53,35934,卖盘
1176,13:45:42,6.78,--,222,150516,卖盘
1177,13:45:39,6.78,-0.01,48,32544,卖盘
1178,13:45:36,6.79,--,10,6790,买盘
1179,13:45:33,6.79,--,48,32592,买盘
1180,13:45:30,6.79,0.01,73,49567,买盘
1181,13:45:27,6.78,--,3,2034,卖盘
1182,13:45:21,6.78,--,72,48816,卖盘
1183,13:45:15,6.78,--,11,7458,卖盘
1184,13:45:09,6.78,-0.01,79,53562,卖盘
1185,13:45:06,6.79,--,64,43456,买盘
1186,13:45:03,6.79,0.01,59,40061,买盘
1187,13:45:00,6.78,--,23,15594,卖盘
1188,13:44:57,6.78,-0.01,55,37290,卖盘
1189,13:44:54,6.79,--,126,85554,买盘
1190,13:44:48,6.79,0.01,24,16296,买盘
1191,13:44:45,6.78,--,8,5424,卖盘
1192,13:44:36,6.78,--,107,72546,卖盘
1193,13:44:33,6.78,-0.01,29,19662,卖盘
1194,13:44:30,6.79,0.01,66,44814,买盘
1195,13:44:27,6.78,-0.01,21,14238,卖盘
1196,13:44:24,6.79,--,34,23086,卖盘
1197,13:44:18,6.79,0.01,87,59073,买盘
1198,13:44:15,6.78,-0.01,23,15594,卖盘
1199,13:44:12,6.79,0.01,7,4753,买盘
1200,13:44:09,6.78,-0.01,3,2034,卖盘
1201,13:44:06,6.79,0.01,10,6790,买盘
1202,13:44:03,6.78,-0.01,60,40680,卖盘
1203,13:43:57,6.79,--,33,22407,买盘
1204,13:43:54,6.79,0.01,10,6790,买盘
1205,13:43:51,6.78,-0.01,45,30510,卖盘
1206,13:43:48,6.79,0.01,11,7469,买盘
1207,13:43:45,6.78,--,51,34578,卖盘
1208,13:43:42,6.78,--,101,68478,卖盘
1209,13:43:39,6.78,-0.01,4,2712,卖盘
1210,13:43:36,6.79,--,1,679,买盘
1211,13:43:33,6.79,0.01,27,18333,买盘
1212,13:43:30,6.78,--,80,54240,卖盘
1213,13:43:27,6.78,--,39,26442,卖盘
1214,13:43:24,6.78,--,2,1356,卖盘
1215,13:43:18,6.78,--,21,14238,卖盘
1216,13:43:12,6.78,--,91,61698,卖盘
1217,13:43:09,6.78,--,110,74580,卖盘
1218,13:43:06,6.78,-0.01,36,24408,卖盘
1219,13:43:03,6.79,--,41,27839,买盘
1220,13:43:00,6.79,-0.01,1,679,买盘
1221,13:42:57,6.8,0.02,23,15640,买盘
1222,13:42:54,6.78,-0.01,51,34578,卖盘
1223,13:42:51,6.79,0.01,5,3395,中性盘
1224,13:42:45,6.78,--,28,18984,卖盘
1225,13:42:42,6.78,--,14,9492,卖盘
1226,13:42:39,6.78,--,89,60342,卖盘
1227,13:42:36,6.78,--,57,38646,卖盘
1228,13:42:33,6.78,-0.01,50,33900,卖盘
1229,13:42:30,6.79,0.01,174,118146,中性盘
1230,13:42:27,6.78,--,3,2034,卖盘
1231,13:42:24,6.78,--,113,76614,卖盘
1232,13:42:21,6.78,--,36,24408,卖盘
1233,13:42:15,6.78,--,32,21696,卖盘
1234,13:42:12,6.78,--,65,44070,卖盘
1235,13:42:09,6.78,--,47,31866,卖盘
1236,13:42:06,6.78,--,1,678,卖盘
1237,13:42:03,6.78,-0.01,80,54240,卖盘
1238,13:42:00,6.79,--,104,70616,卖盘
1239,13:41:57,6.79,--,9,6111,卖盘
1240,13:41:54,6.79,--,2,1358,卖盘
1241,13:41:51,6.79,0.01,64,43456,中性盘
1242,13:41:48,6.78,--,43,29154,卖盘
1243,13:41:45,6.78,--,10,6780,卖盘
1244,13:41:42,6.78,--,86,58308,卖盘
1245,13:41:39,6.78,--,119,80682,卖盘
1246,13:41:33,6.78,-0.01,17,11526,卖盘
1247,13:41:30,6.79,--,82,55678,买盘
1248,13:41:27,6.79,0.01,24,16296,买盘
1249,13:41:24,6.78,--,47,31866,卖盘
1250,13:41:21,6.78,-0.01,79,53562,卖盘
1251,13:41:18,6.79,--,71,48209,买盘
1252,13:41:15,6.79,0.01,1,679,买盘
1253,13:41:12,6.78,--,2,1356,卖盘
1254,13:41:06,6.78,-0.02,160,108480,卖盘
1255,13:41:03,6.8,0.01,34,23120,买盘
1256,13:41:00,6.79,0.01,22,14938,中性盘
1257,13:40:54,6.78,-0.01,60,40680,卖盘
1258,13:40:51,6.79,0.01,18,12222,买盘
1259,13:40:48,6.78,-0.01,10,6780,卖盘
1260,13:40:45,6.79,0.01,27,18333,买盘
1261,13:40:42,6.78,-0.01,87,58986,卖盘
1262,13:40:39,6.79,0.01,25,16975,中性盘
1263,13:40:33,6.78,--,72,48816,卖盘
1264,13:40:27,6.78,--,7,4746,卖盘
1265,13:40:21,6.78,--,167,113226,卖盘
1266,13:40:18,6.78,-0.01,86,58308,卖盘
1267,13:40:15,6.79,--,85,57715,买盘
1268,13:40:12,6.79,0.01,108,73332,买盘
1269,13:40:09,6.78,--,34,23052,卖盘
1270,13:40:06,6.78,-0.01,3,2034,卖盘
1271,13:40:03,6.79,0.01,49,33271,买盘
1272,13:40:00,6.78,--,22,14916,卖盘
1273,13:39:57,6.78,--,53,35934,卖盘
1274,13:39:54,6.78,-0.01,263,178314,卖盘
1275,13:39:51,6.79,0.01,100,67900,买盘
1276,13:39:48,6.78,--,155,105090,卖盘
1277,13:39:45,6.78,-0.01,482,326796,卖盘
1278,13:39:42,6.79,0.01,112,76048,买盘
1279,13:39:39,6.78,--,36,24408,卖盘
1280,13:39:36,6.78,-0.01,20,13560,卖盘
1281,13:39:33,6.79,--,25,16975,买盘
1282,13:39:30,6.79,0.01,57,38703,买盘
1283,13:39:27,6.78,-0.01,56,37968,卖盘
1284,13:39:24,6.79,0.01,340,230860,买盘
1285,13:39:21,6.78,-0.01,62,42036,卖盘
1286,13:39:18,6.79,--,1,679,买盘
1287,13:39:15,6.79,--,35,23765,买盘
1288,13:39:12,6.79,0.01,31,21049,买盘
1289,13:39:09,6.78,-0.01,50,33900,卖盘
1290,13:39:06,6.79,--,49,33271,买盘
1291,13:39:03,6.79,-0.01,1160,787640,卖盘
1292,13:39:00,6.8,0.01,49,33320,买盘
1293,13:38:57,6.79,--,2,1358,卖盘
1294,13:38:54,6.79,--,19,12901,卖盘
1295,13:38:51,6.79,-0.01,219,148701,卖盘
1296,13:38:48,6.8,0.01,10,6800,买盘
1297,13:38:45,6.79,--,471,319809,卖盘
1298,13:38:42,6.79,--,116,78764,卖盘
1299,13:38:39,6.79,--,85,57715,卖盘
1300,13:38:36,6.79,-0.01,29,19691,卖盘
1301,13:38:33,6.8,0.01,1,680,买盘
1302,13:38:30,6.79,-0.01,172,116788,卖盘
1303,13:38:27,6.8,0.01,17,11560,买盘
1304,13:38:24,6.79,-0.01,37,25123,卖盘
1305,13:38:21,6.8,0.01,75,51000,买盘
1306,13:38:18,6.79,-0.01,74,50246,卖盘
1307,13:38:15,6.8,--,22,14960,买盘
1308,13:38:12,6.8,--,135,91800,买盘
1309,13:38:09,6.8,--,42,28560,买盘
1310,13:38:06,6.8,--,13,8840,买盘
1311,13:38:03,6.8,--,31,21080,买盘
1312,13:38:00,6.8,--,101,68680,买盘
1313,13:37:57,6.8,--,85,57800,买盘
1314,13:37:54,6.8,0.01,17,11560,买盘
1315,13:37:51,6.79,--,1,679,卖盘
1316,13:37:45,6.79,-0.01,21,14259,卖盘
1317,13:37:42,6.8,--,172,116960,买盘
1318,13:37:39,6.8,0.02,303,206040,买盘
1319,13:37:36,6.78,--,19,12882,卖盘
1320,13:37:33,6.78,-0.01,68,46104,卖盘
1321,13:37:30,6.79,--,151,102529,买盘
1322,13:37:27,6.79,0.01,10000,6790000,买盘
1323,13:37:24,6.78,--,21,14238,卖盘
1324,13:37:12,6.78,--,39,26442,卖盘
1325,13:37:09,6.78,-0.01,73,49494,卖盘
1326,13:37:06,6.79,--,20,13580,买盘
1327,13:37:03,6.79,0.01,40,27160,买盘
1328,13:36:57,6.78,-0.01,68,46104,卖盘
1329,13:36:51,6.79,0.01,319,216601,买盘
1330,13:36:45,6.78,--,46,31188,卖盘
1331,13:36:39,6.78,-0.01,75,50850,卖盘
1332,13:36:36,6.79,-0.01,55,37345,卖盘
1333,13:36:33,6.8,0.01,7,4760,买盘
1334,13:36:30,6.79,-0.01,28,19012,卖盘
1335,13:36:27,6.8,--,14,9520,买盘
1336,13:36:24,6.8,0.01,19,12920,买盘
1337,13:36:18,6.79,-0.01,20,13580,卖盘
1338,13:36:12,6.8,0.01,1,680,买盘
1339,13:36:06,6.79,--,30,20370,卖盘
1340,13:36:03,6.79,--,12,8148,买盘
1341,13:36:00,6.79,--,6,4074,买盘
1342,13:35:57,6.79,0.01,21,14259,买盘
1343,13:35:54,6.78,-0.01,68,46104,卖盘
1344,13:35:51,6.79,0.01,1,679,中性盘
1345,13:35:45,6.78,--,75,50850,卖盘
1346,13:35:42,6.78,-0.01,30,20340,卖盘
1347,13:35:39,6.79,-0.01,37,25123,中性盘
1348,13:35:33,6.8,0.01,31,21080,买盘
1349,13:35:30,6.79,--,4,2716,买盘
1350,13:35:24,6.79,--,29,19691,卖盘
1351,13:35:21,6.79,0.01,37,25123,买盘
1352,13:35:12,6.78,--,36,24408,卖盘
1353,13:35:09,6.78,-0.01,9,6102,卖盘
1354,13:35:06,6.79,--,8,5432,买盘
1355,13:35:03,6.79,0.01,18,12222,买盘
1356,13:35:00,6.78,-0.01,69,46782,卖盘
1357,13:34:57,6.79,--,17,11543,买盘
1358,13:34:51,6.79,0.01,12,8148,买盘
1359,13:34:48,6.78,-0.02,40,27120,卖盘
1360,13:34:42,6.8,--,15,10200,买盘
1361,13:34:39,6.8,0.02,22,14960,买盘
1362,13:34:36,6.78,-0.01,42,28476,卖盘
1363,13:34:33,6.79,--,11,7469,买盘
1364,13:34:30,6.79,0.01,28,19012,买盘
1365,13:34:27,6.78,--,50,33900,卖盘
1366,13:34:24,6.78,-0.01,2,1356,卖盘
1367,13:34:21,6.79,--,153,103887,卖盘
1368,13:34:15,6.79,--,20,13580,卖盘
1369,13:34:12,6.79,--,6,4074,卖盘
1370,13:34:09,6.79,--,55,37345,卖盘
1371,13:34:06,6.79,-0.01,40,27160,卖盘
1372,13:34:03,6.8,0.02,203,138040,买盘
1373,13:34:00,6.78,--,15,10170,卖盘
1374,13:33:57,6.78,--,161,109158,卖盘
1375,13:33:54,6.78,--,19,12882,卖盘
1376,13:33:51,6.78,-0.01,1,678,卖盘
1377,13:33:48,6.79,--,90,61110,买盘
1378,13:33:45,6.79,--,209,141911,卖盘
1379,13:33:42,6.79,--,19,12901,卖盘
1380,13:33:39,6.79,--,203,137837,买盘
1381,13:33:33,6.79,0.01,2,1358,买盘
1382,13:33:30,6.78,--,106,71868,卖盘
1383,13:33:27,6.78,--,104,70512,卖盘
1384,13:33:24,6.78,-0.01,9,6102,卖盘
1385,13:33:21,6.79,--,138,94299,卖盘
1386,13:33:15,6.79,--,138,93702,卖盘
1387,13:33:09,6.79,--,26,17654,卖盘
1388,13:33:06,6.79,-0.01,10,6790,卖盘
1389,13:33:03,6.8,0.01,13,8840,买盘
1390,13:32:57,6.79,--,27,18333,卖盘
1391,13:32:54,6.79,--,2,1358,卖盘
1392,13:32:48,6.79,--,22,14938,卖盘
1393,13:32:45,6.79,-0.01,500,339500,卖盘
1394,13:32:36,6.8,--,27,18360,买盘
1395,13:32:33,6.8,--,6,4080,买盘
1396,13:32:30,6.8,--,10,6800,买盘
1397,13:32:27,6.8,0.01,77,52360,买盘
1398,13:32:24,6.79,--,18,12222,卖盘
1399,13:32:21,6.79,-0.01,145,98455,卖盘
1400,13:32:18,6.8,--,45,30600,买盘
1401,13:32:15,6.8,--,38,25840,买盘
1402,13:32:12,6.8,--,9,6120,买盘
1403,13:32:09,6.8,-0.01,193,131240,卖盘
1404,13:32:06,6.81,0.01,45,30645,买盘
1405,13:32:03,6.8,-0.01,37,25160,卖盘
1406,13:32:00,6.81,0.01,78,53118,买盘
1407,13:31:57,6.8,--,37,25160,卖盘
1408,13:31:54,6.8,--,52,35360,卖盘
1409,13:31:51,6.8,--,67,45560,卖盘
1410,13:31:48,6.8,-0.01,104,70720,卖盘
1411,13:31:45,6.81,0.01,49,33369,买盘
1412,13:31:42,6.8,--,26,17680,卖盘
1413,13:31:39,6.8,-0.01,8,5440,卖盘
1414,13:31:36,6.81,--,46,31326,买盘
1415,13:31:33,6.81,0.02,49,33369,买盘
1416,13:31:30,6.79,-0.02,55,37345,卖盘
1417,13:31:27,6.81,0.01,82,55842,买盘
1418,13:31:24,6.8,--,29,19720,卖盘
1419,13:31:21,6.8,--,56,38080,卖盘
1420,13:31:18,6.8,0.01,327,222713,买盘
1421,13:31:15,6.79,-0.02,301,204704,卖盘
1422,13:31:12,6.81,0.01,91,61971,买盘
1423,13:31:09,6.8,--,2316,1575233,买盘
1424,13:31:06,6.8,--,10,6800,买盘
1425,13:31:03,6.8,0.01,58,39440,买盘
1426,13:31:00,6.79,-0.01,93,63147,卖盘
1427,13:30:57,6.8,--,117,79560,买盘
1428,13:30:54,6.8,0.01,9,6120,买盘
1429,13:30:48,6.79,--,49,33271,卖盘
1430,13:30:45,6.79,-0.01,28,19012,卖盘
1431,13:30:42,6.8,--,245,166600,买盘
1432,13:30:39,6.8,0.01,45,30600,买盘
1433,13:30:36,6.79,-0.01,19,12901,卖盘
1434,13:30:33,6.8,--,50,34000,买盘
1435,13:30:30,6.8,0.01,14,9520,买盘
1436,13:30:27,6.79,--,95,64505,卖盘
1437,13:30:24,6.79,--,38,25802,卖盘
1438,13:30:21,6.79,--,94,63826,卖盘
1439,13:30:18,6.79,-0.01,64,43456,卖盘
1440,13:30:15,6.8,--,45,30600,买盘
1441,13:30:12,6.8,0.01,29,19720,买盘
1442,13:30:06,6.79,-0.01,1,679,卖盘
1443,13:30:03,6.8,0.01,57,38760,买盘
1444,13:30:00,6.79,--,79,53641,卖盘
1445,13:29:57,6.79,--,4,2716,卖盘
1446,13:29:54,6.79,--,37,25123,卖盘
1447,13:29:51,6.79,-0.01,19,12901,卖盘
1448,13:29:45,6.8,0.01,67,45560,买盘
1449,13:29:42,6.79,--,32,21728,卖盘
1450,13:29:39,6.79,-0.01,30,20370,卖盘
1451,13:29:36,6.8,--,91,61880,买盘
1452,13:29:33,6.8,0.01,2,1360,买盘
1453,13:29:30,6.79,--,533,361907,卖盘
1454,13:29:27,6.79,-0.01,20,13580,卖盘
1455,13:29:24,6.8,0.01,151,102680,买盘
1456,13:29:21,6.79,-0.01,315,213885,卖盘
1457,13:29:18,6.8,--,102,69360,买盘
1458,13:29:15,6.8,--,7,4760,买盘
1459,13:29:12,6.8,--,46,31280,买盘
1460,13:29:09,6.8,0.01,19,12920,买盘
1461,13:29:06,6.79,-0.01,66,44814,卖盘
1462,13:29:03,6.8,--,14,9520,买盘
1463,13:29:00,6.8,--,79,53720,买盘
1464,13:28:57,6.8,0.01,45,30600,买盘
1465,13:28:54,6.79,-0.01,46,31234,卖盘
1466,13:28:51,6.8,--,3,2040,买盘
1467,13:28:48,6.8,0.01,55,37400,买盘
1468,13:28:45,6.79,-0.01,40,27160,卖盘
1469,13:28:42,6.8,--,11,7480,买盘
1470,13:28:39,6.8,--,91,61880,买盘
1471,13:28:36,6.8,0.01,201,136680,买盘
1472,13:28:33,6.79,-0.01,28,19012,卖盘
1473,13:28:30,6.8,--,57,38760,买盘
1474,13:28:27,6.8,--,26,17680,买盘
1475,13:28:24,6.8,--,69,46920,买盘
1476,13:28:18,6.8,0.01,45,30600,买盘
1477,13:28:15,6.79,--,54,36666,卖盘
1478,13:28:12,6.79,-0.01,20,13580,卖盘
1479,13:28:06,6.8,--,45,30600,买盘
1480,13:28:03,6.8,--,73,49640,买盘
1481,13:28:00,6.8,--,32,21760,买盘
1482,13:27:57,6.8,--,45,30600,买盘
1483,13:27:51,6.8,0.01,46,31280,买盘
1484,13:27:48,6.79,-0.01,66,44814,卖盘
1485,13:27:45,6.8,--,13,8840,买盘
1486,13:27:42,6.8,0.01,46,31280,买盘
1487,13:27:39,6.79,-0.01,25,16975,卖盘
1488,13:27:33,6.8,--,48,32640,买盘
1489,13:27:30,6.8,0.01,58,39440,买盘
1490,13:27:27,6.79,-0.01,473,321167,卖盘
1491,13:27:24,6.8,--,13,8840,买盘
1492,13:27:18,6.8,0.01,47,31960,买盘
1493,13:27:15,6.79,-0.01,45,30555,卖盘
1494,13:27:12,6.8,--,45,30600,买盘
1495,13:27:09,6.8,--,45,30600,买盘
1496,13:27:06,6.8,0.01,5,3400,买盘
1497,13:27:03,6.79,-0.01,218,148429,卖盘
1498,13:27:00,6.8,--,11,7480,买盘
1499,13:26:57,6.8,0.01,53,36040,买盘
1500,13:26:54,6.79,-0.01,24,16296,卖盘
1501,13:26:48,6.8,0.01,98,66640,买盘
1502,13:26:45,6.79,--,1,679,卖盘
1503,13:26:42,6.79,-0.01,67,45493,卖盘
1504,13:26:39,6.8,--,22,14960,买盘
1505,13:26:36,6.8,0.01,20,13600,买盘
1506,13:26:33,6.79,-0.01,101,68579,卖盘
1507,13:26:30,6.8,--,89,60520,买盘
1508,13:26:24,6.8,0.01,46,31280,买盘
1509,13:26:21,6.79,-0.01,27,18333,卖盘
1510,13:26:18,6.8,--,54,36720,买盘
1511,13:26:15,6.8,0.01,45,30600,买盘
1512,13:26:09,6.79,-0.01,21,14259,卖盘
1513,13:26:06,6.8,--,1,680,买盘
1514,13:26:03,6.8,--,102,69360,买盘
1515,13:26:00,6.8,--,61,41480,买盘
1516,13:25:57,6.8,--,44,29920,买盘
1517,13:25:54,6.8,--,55,37400,买盘
1518,13:25:48,6.8,0.01,46,31280,买盘
1519,13:25:45,6.79,-0.01,30,20370,卖盘
1520,13:25:42,6.8,--,45,30600,买盘
1521,13:25:39,6.8,--,18,12240,买盘
1522,13:25:36,6.8,--,78,53040,买盘
1523,13:25:33,6.8,--,73,49640,买盘
1524,13:25:30,6.8,--,13,8840,买盘
1525,13:25:27,6.8,0.01,53,36040,买盘
1526,13:25:24,6.79,-0.01,30,20370,卖盘
1527,13:25:18,6.8,0.01,99,67320,买盘
1528,13:25:12,6.79,-0.01,93,63147,卖盘
1529,13:25:06,6.8,0.01,56,38080,买盘
1530,13:25:03,6.79,-0.01,34,23086,卖盘
1531,13:25:00,6.8,--,63,42840,买盘
1532,13:24:57,6.8,--,8,5440,买盘
1533,13:24:54,6.8,0.01,177,120360,买盘
1534,13:24:51,6.79,-0.01,67,45493,卖盘
1535,13:24:48,6.8,0.01,12,8160,买盘
1536,13:24:45,6.79,--,56,38024,卖盘
1537,13:24:42,6.79,--,30,20370,卖盘
1538,13:24:39,6.79,-0.01,65,44135,卖盘
1539,13:24:33,6.8,--,52,35360,买盘
1540,13:24:30,6.8,0.01,80,54400,买盘
1541,13:24:27,6.79,-0.01,1,679,卖盘
1542,13:24:24,6.8,--,45,30600,买盘
1543,13:24:21,6.8,--,57,38760,买盘
1544,13:24:18,6.8,--,63,42840,买盘
1545,13:24:15,6.8,--,1,680,买盘
1546,13:24:12,6.8,--,3,2040,买盘
1547,13:24:09,6.8,0.01,46,31280,买盘
1548,13:24:06,6.79,-0.01,68,46172,卖盘
1549,13:24:03,6.8,--,39,26520,买盘
1550,13:24:00,6.8,0.01,128,87040,买盘
1551,13:23:57,6.79,-0.01,32,21728,卖盘
1552,13:23:54,6.8,--,65,44200,买盘
1553,13:23:51,6.8,--,23,15640,买盘
1554,13:23:48,6.8,0.01,46,31280,买盘
1555,13:23:45,6.79,--,65,44135,卖盘
1556,13:23:42,6.79,-0.01,8,5432,卖盘
1557,13:23:39,6.8,--,45,30600,买盘
1558,13:23:36,6.8,0.01,2,1360,买盘
1559,13:23:33,6.79,-0.01,252,171108,卖盘
1560,13:23:30,6.8,0.01,14,9520,买盘
1561,13:23:27,6.79,--,54,36666,卖盘
1562,13:23:24,6.79,-0.01,18,12222,卖盘
1563,13:23:21,6.8,0.01,45,30600,买盘
1564,13:23:18,6.79,0.01,2012,1366148,买盘
1565,13:23:12,6.78,--,67,45426,卖盘
1566,13:23:09,6.78,--,1,678,卖盘
1567,13:23:06,6.78,-0.01,70,47460,卖盘
1568,13:23:03,6.79,0.01,66,44814,买盘
1569,13:23:00,6.78,-0.01,2507,1699746,卖盘
1570,13:22:57,6.79,0.01,79,53641,买盘
1571,13:22:54,6.78,--,350,237300,卖盘
1572,13:22:51,6.78,--,21,14238,卖盘
1573,13:22:45,6.78,-0.01,2,1356,卖盘
1574,13:22:42,6.79,0.01,17,11543,买盘
1575,13:22:39,6.78,--,25,16950,卖盘
1576,13:22:36,6.78,--,51,34578,卖盘
1577,13:22:33,6.78,--,1,678,卖盘
1578,13:22:30,6.78,--,28,18984,卖盘
1579,13:22:27,6.78,--,20,13560,卖盘
1580,13:22:24,6.78,--,24,16272,卖盘
1581,13:22:21,6.78,--,2,1356,卖盘
1582,13:22:18,6.78,--,20,13560,卖盘
1583,13:22:12,6.78,-0.01,1,678,卖盘
1584,13:22:09,6.79,--,13,8827,买盘
1585,13:22:06,6.79,--,40,27160,买盘
1586,13:22:03,6.79,0.01,13,8827,买盘
1587,13:22:00,6.78,--,25,16950,卖盘
1588,13:21:57,6.78,--,15,10170,卖盘
1589,13:21:54,6.78,--,101,68478,卖盘
1590,13:21:51,6.78,-0.01,1,678,卖盘
1591,13:21:48,6.79,--,5,3395,买盘
1592,13:21:45,6.79,0.01,19,12901,买盘
1593,13:21:39,6.78,-0.01,1,678,卖盘
1594,13:21:36,6.79,0.01,7,4753,买盘
1595,13:21:33,6.78,--,24,16272,卖盘
1596,13:21:30,6.78,--,18,12204,卖盘
1597,13:21:21,6.78,--,19,12882,卖盘
1598,13:21:18,6.78,--,1,678,卖盘
1599,13:21:12,6.78,-0.01,25,16950,卖盘
1600,13:21:09,6.79,0.01,2,1358,买盘
1601,13:21:06,6.78,--,2,1356,卖盘
1602,13:21:03,6.78,--,329,223062,卖盘
1603,13:21:00,6.78,--,91,61698,卖盘
1604,13:20:57,6.78,-0.01,2,1356,卖盘
1605,13:20:51,6.79,0.01,100,67900,买盘
1606,13:20:48,6.78,--,28,18984,卖盘
1607,13:20:45,6.78,-0.01,2,1356,卖盘
1608,13:20:39,6.79,--,24,16296,买盘
1609,13:20:36,6.79,--,5,3395,买盘
1610,13:20:33,6.79,--,7,4753,买盘
1611,13:20:30,6.79,--,49,33271,买盘
1612,13:20:27,6.79,--,28,19012,买盘
1613,13:20:24,6.79,--,166,112714,买盘
1614,13:20:15,6.79,0.01,23,15617,买盘
1615,13:20:12,6.78,-0.01,2,1356,卖盘
1616,13:20:09,6.79,--,2,1358,买盘
1617,13:20:06,6.79,--,2,1358,买盘
1618,13:20:03,6.79,--,71,48209,买盘
1619,13:20:00,6.79,--,11,7469,买盘
1620,13:19:57,6.79,0.01,1,679,买盘
1621,13:19:54,6.78,--,27,18306,卖盘
1622,13:19:51,6.78,-0.01,0,515,卖盘
1623,13:19:45,6.79,0.01,6,4074,买盘
1624,13:19:42,6.78,-0.01,49,33222,卖盘
1625,13:19:36,6.79,0.01,1,679,买盘
1626,13:19:33,6.78,--,20,13560,卖盘
1627,13:19:30,6.78,--,38,25764,卖盘
1628,13:19:24,6.78,-0.01,5,3390,卖盘
1629,13:19:21,6.79,--,49,33271,买盘
1630,13:19:18,6.79,0.01,11,7469,买盘
1631,13:19:15,6.78,-0.01,1,678,卖盘
1632,13:19:09,6.79,0.01,48,32592,买盘
1633,13:19:03,6.78,-0.01,29,19662,卖盘
1634,13:19:00,6.79,0.01,14,9506,买盘
1635,13:18:57,6.78,--,22,14916,卖盘
1636,13:18:51,6.78,--,1,678,卖盘
1637,13:18:48,6.78,--,21,14238,卖盘
1638,13:18:45,6.78,-0.01,100,67800,卖盘
1639,13:18:42,6.79,0.01,6,4074,买盘
1640,13:18:36,6.78,-0.01,21,14238,卖盘
1641,13:18:33,6.79,0.01,48,32592,买盘
1642,13:18:30,6.78,--,47,31866,卖盘
1643,13:18:27,6.78,--,1,678,卖盘
1644,13:18:24,6.78,--,20,13560,卖盘
1645,13:18:18,6.78,--,52,35256,卖盘
1646,13:18:15,6.78,--,20,13560,卖盘
1647,13:18:12,6.78,-0.01,185,125430,卖盘
1648,13:18:09,6.79,--,34,23086,买盘
1649,13:18:03,6.79,--,54,36666,买盘
1650,13:18:00,6.79,--,24,16296,买盘
1651,13:17:57,6.79,0.01,27,18333,买盘
1652,13:17:51,6.78,--,19,12882,卖盘
1653,13:17:45,6.78,--,1,678,卖盘
1654,13:17:42,6.78,--,19,12882,卖盘
1655,13:17:36,6.78,-0.01,2,1356,卖盘
1656,13:17:33,6.79,--,10,6790,买盘
1657,13:17:30,6.79,0.01,64,43456,买盘
1658,13:17:24,6.78,--,1,678,卖盘
1659,13:17:18,6.78,--,21,14238,卖盘
1660,13:17:12,6.78,--,2,1356,卖盘
1661,13:17:09,6.78,-0.01,21,14238,卖盘
1662,13:17:03,6.79,0.01,24,16296,买盘
1663,13:17:00,6.78,--,4,2712,卖盘
1664,13:16:57,6.78,--,20,13560,卖盘
1665,13:16:51,6.78,-0.01,11,7458,卖盘
1666,13:16:48,6.79,--,1,679,买盘
1667,13:16:45,6.79,--,34,23086,买盘
1668,13:16:42,6.79,--,8,5432,买盘
1669,13:16:39,6.79,0.01,3,2037,买盘
1670,13:16:36,6.78,-0.01,38,25764,卖盘
1671,13:16:33,6.79,--,7,4753,买盘
1672,13:16:30,6.79,--,20,13580,买盘
1673,13:16:27,6.79,0.01,1,679,买盘
1674,13:16:24,6.78,-0.01,18,12204,卖盘
1675,13:16:18,6.79,0.01,26,17654,买盘
1676,13:16:15,6.78,--,4,2712,卖盘
1677,13:16:12,6.78,-0.01,27,18306,卖盘
1678,13:16:09,6.79,0.01,17,11543,买盘
1679,13:16:03,6.78,--,32,21696,卖盘
1680,13:16:00,6.78,--,39,26442,卖盘
1681,13:15:51,6.78,-0.01,22,14916,卖盘
1682,13:15:48,6.79,--,17,11543,买盘
1683,13:15:45,6.79,0.01,8,5432,买盘
1684,13:15:39,6.78,-0.01,21,14238,卖盘
1685,13:15:33,6.79,--,23,15617,买盘
1686,13:15:30,6.79,0.01,24,16296,买盘
1687,13:15:24,6.78,-0.01,8,5424,卖盘
1688,13:15:21,6.79,0.01,38,25802,买盘
1689,13:15:18,6.78,--,20,13560,卖盘
1690,13:15:15,6.78,--,26,17628,卖盘
1691,13:15:12,6.78,-0.01,16,10848,卖盘
1692,13:15:09,6.79,0.01,100,67900,买盘
1693,13:15:06,6.78,-0.01,19,12882,卖盘
1694,13:15:03,6.79,0.01,30,20370,买盘
1695,13:14:54,6.78,--,20,13560,卖盘
1696,13:14:45,6.78,-0.01,19,12882,卖盘
1697,13:14:42,6.79,--,1,679,买盘
1698,13:14:39,6.79,0.01,9,6111,买盘
1699,13:14:36,6.78,-0.01,23,15594,卖盘
1700,13:14:33,6.79,--,43,29197,买盘
1701,13:14:30,6.79,0.01,1537,1043623,买盘
1702,13:14:21,6.78,--,20,13560,卖盘
1703,13:14:12,6.78,-0.01,20,13560,卖盘
1704,13:14:09,6.79,0.01,9,6111,买盘
1705,13:14:06,6.78,-0.01,15,10170,卖盘
1706,13:14:03,6.79,--,72,48888,买盘
1707,13:14:00,6.79,--,130,88270,买盘
1708,13:13:54,6.79,0.01,7,4753,买盘
1709,13:13:48,6.78,-0.01,50,33900,卖盘
1710,13:13:42,6.79,--,5,3395,买盘
1711,13:13:39,6.79,0.01,7,4753,买盘
1712,13:13:36,6.78,-0.01,22,14916,卖盘
1713,13:13:33,6.79,--,99,67221,卖盘
1714,13:13:27,6.79,--,21,14259,卖盘
1715,13:13:24,6.79,--,18,12222,买盘
1716,13:13:21,6.79,--,5,3395,买盘
1717,13:13:18,6.79,0.01,8,5432,买盘
1718,13:13:15,6.78,-0.01,22,14916,卖盘
1719,13:13:06,6.79,--,99,67221,卖盘
1720,13:13:03,6.79,--,31,21049,卖盘
1721,13:12:54,6.79,--,518,351722,卖盘
1722,13:12:51,6.79,0.01,587,398573,买盘
1723,13:12:45,6.78,-0.01,52,35256,卖盘
1724,13:12:42,6.79,0.01,71,48209,买盘
1725,13:12:39,6.78,-0.01,60,40680,卖盘
1726,13:12:36,6.79,--,24,16296,买盘
1727,13:12:33,6.79,0.01,82,55678,买盘
1728,13:12:30,6.78,--,408,276624,卖盘
1729,13:12:24,6.78,-0.01,4,2712,卖盘
1730,13:12:21,6.79,-0.01,31,21049,卖盘
1731,13:12:15,6.8,0.02,7,4760,买盘
1732,13:12:09,6.78,-0.01,21,14238,卖盘
1733,13:12:06,6.79,-0.01,107,72653,卖盘
1734,13:12:03,6.8,0.01,13,8840,买盘
1735,13:11:57,6.79,0.01,21,14259,中性盘
1736,13:11:54,6.78,-0.02,20,13560,卖盘
1737,13:11:48,6.8,0.01,559,380120,买盘
1738,13:11:45,6.79,0.01,8,5432,买盘
1739,13:11:36,6.78,-0.01,19,12882,卖盘
1740,13:11:33,6.79,0.01,29,19691,买盘
1741,13:11:27,6.78,--,1327,899706,卖盘
1742,13:11:24,6.78,-0.01,19,12882,卖盘
1743,13:11:21,6.79,0.01,107,72653,买盘
1744,13:11:18,6.78,-0.01,13,8814,卖盘
1745,13:11:15,6.79,0.01,25,16975,买盘
1746,13:11:09,6.78,-0.01,46,31188,卖盘
1747,13:11:03,6.79,--,56,38024,买盘
1748,13:10:54,6.79,0.01,15,10185,买盘
1749,13:10:51,6.78,--,49,33222,卖盘
1750,13:10:48,6.78,-0.01,10,6780,卖盘
1751,13:10:45,6.79,0.01,10,6790,买盘
1752,13:10:42,6.78,-0.01,22,14916,卖盘
1753,13:10:39,6.79,--,6,4074,买盘
1754,13:10:33,6.79,0.01,35,23765,买盘
1755,13:10:30,6.78,--,22,14916,卖盘
1756,13:10:27,6.78,-0.01,2,1356,卖盘
1757,13:10:24,6.79,--,8,5432,买盘
1758,13:10:21,6.79,0.01,106,71974,买盘
1759,13:10:18,6.78,--,20,13560,卖盘
1760,13:10:09,6.78,--,457,309846,卖盘
1761,13:10:06,6.78,-0.01,2,1356,卖盘
1762,13:10:03,6.79,0.01,28,19012,买盘
1763,13:09:57,6.78,-0.01,19,12882,卖盘
1764,13:09:54,6.79,0.01,6,4074,买盘
1765,13:09:51,6.78,--,223,151194,卖盘
1766,13:09:45,6.78,--,38,25764,卖盘
1767,13:09:42,6.78,--,316,214248,卖盘
1768,13:09:36,6.78,-0.01,18,12204,卖盘
1769,13:09:33,6.79,0.01,39,26481,买盘
1770,13:09:27,6.78,--,26,17628,卖盘
1771,13:09:24,6.78,--,29,19662,卖盘
1772,13:09:21,6.78,-0.01,20,13560,卖盘
1773,13:09:15,6.79,0.01,42,28518,买盘
1774,13:09:12,6.78,--,21,14238,卖盘
1775,13:09:06,6.78,-0.01,69,46782,卖盘
1776,13:09:03,6.79,--,47,31913,买盘
1777,13:08:57,6.79,--,20,13580,买盘
1778,13:08:54,6.79,0.01,8,5432,买盘
1779,13:08:51,6.78,--,19,12882,卖盘
1780,13:08:45,6.78,--,209,141702,卖盘
1781,13:08:39,6.78,-0.01,20,13560,卖盘
1782,13:08:33,6.79,--,19,12901,买盘
1783,13:08:30,6.79,--,26,17654,买盘
1784,13:08:27,6.79,0.01,1,679,买盘
1785,13:08:18,6.78,--,20,13560,卖盘
1786,13:08:06,6.78,-0.01,27,18306,卖盘
1787,13:08:03,6.79,--,26,17654,买盘
1788,13:08:00,6.79,--,715,485485,卖盘
1789,13:07:57,6.79,--,27,18333,卖盘
1790,13:07:54,6.79,-0.01,20,13580,卖盘
1791,13:07:45,6.8,--,27,18360,买盘
1792,13:07:42,6.8,--,36,24480,买盘
1793,13:07:39,6.8,--,20,13600,买盘
1794,13:07:36,6.8,0.01,1,680,买盘
1795,13:07:33,6.79,-0.01,52,35308,卖盘
1796,13:07:30,6.8,--,68,46240,买盘
1797,13:07:24,6.8,0.01,25,17000,买盘
1798,13:07:15,6.79,--,5,3395,卖盘
1799,13:07:12,6.79,-0.01,20,13580,卖盘
1800,13:07:03,6.8,0.01,32,21760,买盘
1801,13:07:00,6.79,-0.01,20,13580,卖盘
1802,13:06:57,6.8,--,11,7480,买盘
1803,13:06:54,6.8,--,11,7480,买盘
1804,13:06:51,6.8,0.01,10,6800,买盘
1805,13:06:48,6.79,-0.01,19,12901,卖盘
1806,13:06:39,6.8,--,108,73440,买盘
1807,13:06:36,6.8,0.01,9,6120,买盘
1808,13:06:30,6.79,--,5,3395,卖盘
1809,13:06:27,6.79,--,18,12222,卖盘
1810,13:06:15,6.79,-0.01,27,18333,卖盘
1811,13:06:09,6.8,0.01,20,13600,买盘
1812,13:06:06,6.79,-0.01,821,557459,卖盘
1813,13:06:03,6.8,--,31,21080,买盘
1814,13:06:00,6.8,0.01,50,34000,买盘
1815,13:05:54,6.79,--,21,14259,卖盘
1816,13:05:48,6.79,--,25,16975,卖盘
1817,13:05:42,6.79,--,20,13580,卖盘
1818,13:05:39,6.79,-0.01,10,6790,卖盘
1819,13:05:33,6.8,0.01,45,30600,买盘
1820,13:05:27,6.79,--,325,220675,卖盘
1821,13:05:24,6.79,--,1,679,卖盘
1822,13:05:21,6.79,-0.01,20,13580,卖盘
1823,13:05:12,6.8,0.01,1,680,买盘
1824,13:05:09,6.79,-0.01,19,12901,卖盘
1825,13:05:06,6.8,0.01,16,10880,买盘
1826,13:05:03,6.79,--,67,45493,卖盘
1827,13:05:00,6.79,-0.01,18,12222,卖盘
1828,13:04:54,6.8,0.01,6,4080,买盘
1829,13:04:48,6.79,--,22,14938,卖盘
1830,13:04:45,6.79,-0.01,104,70616,卖盘
1831,13:04:42,6.8,--,1,680,买盘
1832,13:04:39,6.8,0.01,21,14280,买盘
1833,13:04:36,6.79,-0.01,21,14259,卖盘
1834,13:04:33,6.8,--,20,13600,买盘
1835,13:04:30,6.8,0.01,1,680,买盘
1836,13:04:27,6.79,-0.01,24,16296,卖盘
1837,13:04:24,6.8,--,8,5440,买盘
1838,13:04:21,6.8,0.01,1,680,买盘
1839,13:04:15,6.79,-0.01,35,23765,卖盘
1840,13:04:12,6.8,0.01,10,6800,买盘
1841,13:04:03,6.79,-0.01,60,40740,卖盘
1842,13:03:57,6.8,0.01,40,27200,买盘
1843,13:03:54,6.79,-0.01,22,14938,卖盘
1844,13:03:51,6.8,--,1,680,买盘
1845,13:03:48,6.8,0.01,50,34000,买盘
1846,13:03:45,6.79,--,19,12901,卖盘
1847,13:03:42,6.79,--,21,14259,卖盘
1848,13:03:36,6.79,-0.01,1,679,卖盘
1849,13:03:33,6.8,0.01,21,14280,买盘
1850,13:03:30,6.79,-0.01,26,17654,卖盘
1851,13:03:24,6.8,--,17,11560,买盘
1852,13:03:21,6.8,--,59,40120,买盘
1853,13:03:18,6.8,--,36,24480,买盘
1854,13:03:09,6.8,0.01,27,18360,买盘
1855,13:03:03,6.79,--,34,23086,卖盘
1856,13:02:57,6.79,--,87,59073,卖盘
1857,13:02:48,6.79,-0.01,18,12222,卖盘
1858,13:02:45,6.8,--,5,3400,买盘
1859,13:02:42,6.8,--,55,37400,卖盘
1860,13:02:39,6.8,--,158,107440,卖盘
1861,13:02:36,6.8,-0.01,23,15640,卖盘
1862,13:02:33,6.81,--,18,12258,买盘
1863,13:02:30,6.81,0.01,37,25197,买盘
1864,13:02:27,6.8,--,50,34000,卖盘
1865,13:02:24,6.8,--,163,110840,卖盘
1866,13:02:18,6.8,--,36,24480,卖盘
1867,13:02:15,6.8,--,30,20400,卖盘
1868,13:02:09,6.8,--,130,88400,卖盘
1869,13:02:06,6.8,--,17,11560,卖盘
1870,13:02:03,6.8,--,131,89080,卖盘
1871,13:02:00,6.8,--,16,10880,卖盘
1872,13:01:57,6.8,--,130,88400,卖盘
1873,13:01:51,6.8,-0.01,22,14960,卖盘
1874,13:01:48,6.81,--,21,14301,买盘
1875,13:01:45,6.81,--,2,1362,买盘
1876,13:01:42,6.81,--,54,36774,买盘
1877,13:01:36,6.81,--,8,5448,买盘
1878,13:01:33,6.81,0.01,1,681,买盘
1879,13:01:27,6.8,-0.01,36,24480,卖盘
1880,13:01:24,6.81,--,1,681,买盘
1881,13:01:15,6.81,--,50,34050,买盘
1882,13:01:03,6.81,--,11,7491,买盘
1883,13:01:00,6.81,--,17,11577,买盘
1884,13:00:51,6.81,0.01,200,136200,买盘
1885,13:00:48,6.8,--,100,68000,卖盘
1886,13:00:39,6.8,-0.01,10,6800,卖盘
1887,13:00:36,6.81,--,7,4767,买盘
1888,13:00:33,6.81,--,7,4767,买盘
1889,13:00:30,6.81,--,52,35412,买盘
1890,13:00:24,6.81,--,9,6129,买盘
1891,13:00:21,6.81,--,10,6810,买盘
1892,13:00:18,6.81,--,7,4767,买盘
1893,13:00:09,6.81,0.01,19,12939,买盘
1894,13:00:06,6.8,-0.01,548,372640,卖盘
1895,13:00:03,6.81,0.01,1126,766806,买盘
1896,13:00:00,6.8,-0.01,71,48280,卖盘
1897,11:30:00,6.81,--,6,4085,买盘
1898,11:29:57,6.81,0.01,17,11577,买盘
1899,11:29:54,6.8,-0.01,20,13600,卖盘
1900,11:29:45,6.81,0.01,20,13620,买盘
1901,11:29:42,6.8,-0.01,20,13600,卖盘
1902,11:29:36,6.81,--,7,4767,买盘
1903,11:29:33,6.81,--,13,8853,买盘
1904,11:29:30,6.81,0.01,23,15690,买盘
1905,11:29:21,6.8,-0.01,30,20400,卖盘
1906,11:29:18,6.81,0.01,10,6810,买盘
1907,11:29:09,6.8,-0.01,27,18360,卖盘
1908,11:29:06,6.81,--,6,4085,买盘
1909,11:29:00,6.81,0.01,61,41541,买盘
1910,11:28:57,6.8,-0.01,25,17000,卖盘
1911,11:28:54,6.81,0.01,12,8171,买盘
1912,11:28:51,6.8,--,40,27200,卖盘
1913,11:28:48,6.8,--,8,5440,卖盘
1914,11:28:45,6.8,-0.01,21,14280,卖盘
1915,11:28:42,6.81,--,19,12939,买盘
1916,11:28:36,6.81,0.01,28,19068,买盘
1917,11:28:33,6.8,-0.01,160,108800,卖盘
1918,11:28:30,6.81,0.01,500,340500,买盘
1919,11:28:24,6.8,-0.01,21,14280,卖盘
1920,11:28:18,6.81,0.01,15,10215,买盘
1921,11:28:15,6.8,--,55,37400,卖盘
1922,11:28:12,6.8,-0.01,22,14960,卖盘
1923,11:28:06,6.81,--,6,4085,买盘
1924,11:28:03,6.81,--,31,21111,买盘
1925,11:27:57,6.81,0.01,570,388170,买盘
1926,11:27:51,6.8,--,56,38080,卖盘
1927,11:27:45,6.8,--,193,131240,卖盘
1928,11:27:42,6.8,--,10,6800,卖盘
1929,11:27:39,6.8,-0.01,27,18360,卖盘
1930,11:27:36,6.81,--,30,20430,买盘
1931,11:27:33,6.81,--,225,153225,买盘
1932,11:27:27,6.81,0.01,521,354801,买盘
1933,11:27:24,6.8,-0.01,5,3400,卖盘
1934,11:27:21,6.81,0.01,11,7491,买盘
1935,11:27:15,6.8,-0.01,29,19720,卖盘
1936,11:27:09,6.81,--,44,29964,买盘
1937,11:27:06,6.81,--,25,17025,买盘
1938,11:27:03,6.81,0.01,9,6129,买盘
1939,11:27:00,6.8,-0.01,44,29920,卖盘
1940,11:26:57,6.81,0.01,500,340500,买盘
1941,11:26:54,6.8,--,68,46240,卖盘
1942,11:26:48,6.8,--,14,9520,卖盘
1943,11:26:45,6.8,--,124,84320,卖盘
1944,11:26:42,6.8,--,21,14280,卖盘
1945,11:26:39,6.8,--,55,37400,卖盘
1946,11:26:33,6.8,--,22,14960,卖盘
1947,11:26:27,6.8,0.01,149,101456,买盘
1948,11:26:21,6.79,-0.01,181,123442,卖盘
1949,11:26:18,6.8,-0.01,39,26520,卖盘
1950,11:26:15,6.81,0.01,44,29964,买盘
1951,11:26:09,6.8,--,29,19720,卖盘
1952,11:26:06,6.8,--,9,6120,卖盘
1953,11:26:00,6.8,--,51,34680,卖盘
1954,11:25:57,6.8,0.01,257,174896,买盘
1955,11:25:54,6.79,--,35,23765,卖盘
1956,11:25:48,6.79,-0.01,23,15617,卖盘
1957,11:25:45,6.8,--,5,3400,买盘
1958,11:25:42,6.8,0.01,30,20400,买盘
1959,11:25:36,6.79,-0.01,20,13580,卖盘
1960,11:25:33,6.8,--,11,7480,买盘
1961,11:25:27,6.8,0.01,500,340000,买盘
1962,11:25:24,6.79,--,20,13580,卖盘
1963,11:25:21,6.79,--,16,10864,卖盘
1964,11:25:15,6.79,--,22,14938,卖盘
1965,11:25:12,6.79,-0.01,9,6111,卖盘
1966,11:25:09,6.8,--,2,1360,买盘
1967,11:25:06,6.8,0.01,30,20400,买盘
1968,11:25:03,6.79,-0.01,54,36666,卖盘
1969,11:24:57,6.8,--,600,408000,买盘
1970,11:24:54,6.8,--,30,20400,买盘
1971,11:24:51,6.8,--,56,38080,买盘
1972,11:24:42,6.8,0.01,122,82960,买盘
1973,11:24:39,6.79,-0.01,116,79307,卖盘
1974,11:24:36,6.8,--,520,353600,卖盘
1975,11:24:30,6.8,--,35,23800,卖盘
1976,11:24:27,6.8,--,0,136,买盘
1977,11:24:24,6.8,--,367,249560,买盘
1978,11:24:21,6.8,--,100,68000,买盘
1979,11:24:18,6.8,--,111,75480,买盘
1980,11:24:15,6.8,--,50,34000,买盘
1981,11:24:12,6.8,--,8,5440,买盘
1982,11:24:09,6.8,0.01,8,5440,买盘
1983,11:24:06,6.79,-0.01,20,13580,卖盘
1984,11:24:03,6.8,--,40,27200,买盘
1985,11:24:00,6.8,--,49,33320,买盘
1986,11:23:57,6.8,--,531,361080,买盘
1987,11:23:54,6.8,--,10,6800,买盘
1988,11:23:51,6.8,--,32,21760,买盘
1989,11:23:48,6.8,0.01,8,5440,买盘
1990,11:23:45,6.79,-0.01,22,14938,卖盘
1991,11:23:42,6.8,--,102,69360,买盘
1992,11:23:33,6.8,--,140,95200,买盘
1993,11:23:27,6.8,--,500,340000,买盘
1994,11:23:24,6.8,--,50,34000,买盘
1995,11:23:18,6.8,--,7,4760,买盘
1996,11:23:15,6.8,0.01,56,38080,买盘
1997,11:23:12,6.79,-0.01,19,12901,卖盘
1998,11:23:09,6.8,--,17,11560,买盘
1999,11:23:06,6.8,0.01,8,5440,买盘
2000,11:23:03,6.79,-0.01,5,3395,卖盘
2001,11:23:00,6.8,0.01,520,353600,买盘
2002,11:22:48,6.79,-0.01,77,52283,卖盘
2003,11:22:45,6.8,--,17,11560,买盘
2004,11:22:42,6.8,0.01,43,29240,买盘
2005,11:22:39,6.79,-0.01,31,21049,卖盘
2006,11:22:36,6.8,--,456,310624,卖盘
2007,11:22:33,6.8,--,15,10200,卖盘
2008,11:22:27,6.8,0.01,160,108936,买盘
2009,11:22:24,6.79,-0.01,7,4753,卖盘
2010,11:22:18,6.8,--,1,680,买盘
2011,11:22:15,6.8,--,127,86360,买盘
2012,11:22:09,6.8,0.01,3,2040,买盘
2013,11:22:06,6.79,-0.01,22,14938,卖盘
2014,11:22:03,6.8,0.01,15,10200,买盘
2015,11:22:00,6.79,-0.01,16,10864,卖盘
2016,11:21:57,6.8,0.01,550,374000,买盘
2017,11:21:54,6.79,-0.01,96,65184,卖盘
2018,11:21:48,6.8,0.01,8,5440,买盘
2019,11:21:42,6.79,--,22,14938,卖盘
2020,11:21:39,6.79,--,7,4753,卖盘
2021,11:21:36,6.79,-0.01,15,10185,卖盘
2022,11:21:33,6.8,--,29,19720,买盘
2023,11:21:30,6.8,--,500,340000,买盘
2024,11:21:27,6.8,--,24,16320,买盘
2025,11:21:24,6.8,0.01,12,8160,买盘
2026,11:21:21,6.79,-0.01,21,14259,卖盘
2027,11:21:18,6.8,--,1,680,买盘
2028,11:21:12,6.8,--,5,3400,买盘
2029,11:21:09,6.8,--,58,39440,买盘
2030,11:21:06,6.8,--,3,2040,买盘
2031,11:21:00,6.8,0.01,503,342040,买盘
2032,11:20:57,6.79,-0.01,419,284501,卖盘
2033,11:20:54,6.8,0.01,5,3400,买盘
2034,11:20:48,6.79,--,118,80122,卖盘
2035,11:20:45,6.79,-0.01,4,2716,卖盘
2036,11:20:39,6.8,--,50,34000,买盘
2037,11:20:36,6.8,0.01,41,27880,买盘
2038,11:20:33,6.79,--,4,2716,卖盘
2039,11:20:30,6.79,-0.01,4,2716,卖盘
2040,11:20:27,6.8,0.01,500,340000,买盘
2041,11:20:24,6.79,--,26,17654,卖盘
2042,11:20:21,6.79,-0.01,2,1358,卖盘
2043,11:20:18,6.8,0.01,2,1360,买盘
2044,11:20:12,6.79,--,20,13580,卖盘
2045,11:20:06,6.79,-0.01,14,9506,卖盘
2046,11:20:03,6.8,--,142,96560,买盘
2047,11:20:00,6.8,--,500,340000,买盘
2048,11:19:57,6.8,--,7,4760,买盘
2049,11:19:51,6.8,0.01,57,38760,买盘
2050,11:19:42,6.79,--,33,22407,卖盘
2051,11:19:39,6.79,--,23,15617,卖盘
2052,11:19:33,6.79,-0.01,34,23086,卖盘
2053,11:19:30,6.8,0.01,58,39440,买盘
2054,11:19:27,6.79,--,4,2716,卖盘
2055,11:19:24,6.79,--,4,2716,卖盘
2056,11:19:21,6.79,0.01,6,4074,买盘
2057,11:19:18,6.78,-0.01,21,14238,卖盘
2058,11:19:15,6.79,0.01,2,1358,卖盘
2059,11:19:12,6.78,--,2,1356,卖盘
2060,11:19:09,6.78,-0.02,4,2712,卖盘
2061,11:19:06,6.8,--,76,51680,买盘
2062,11:19:03,6.8,0.01,19,12920,买盘
2063,11:18:57,6.79,--,27,18333,买盘
2064,11:18:54,6.79,--,37,25123,买盘
2065,11:18:51,6.79,--,167,113393,卖盘
2066,11:18:45,6.79,--,32,21728,卖盘
2067,11:18:42,6.79,--,16,10864,卖盘
2068,11:18:39,6.79,--,2,1358,卖盘
2069,11:18:36,6.79,--,4,2716,卖盘
2070,11:18:33,6.79,--,33,22407,卖盘
2071,11:18:30,6.79,-0.01,45,30555,卖盘
2072,11:18:27,6.8,0.01,96,65280,买盘
2073,11:18:24,6.79,--,2,1358,卖盘
2074,11:18:21,6.79,--,69,46851,卖盘
2075,11:18:18,6.79,--,4,2716,卖盘
2076,11:18:15,6.79,0.01,13,8827,卖盘
2077,11:18:12,6.78,--,20,13560,卖盘
2078,11:18:09,6.78,--,4,2712,卖盘
2079,11:18:06,6.78,--,4,2712,卖盘
2080,11:18:03,6.78,-0.01,67,45426,卖盘
2081,11:18:00,6.79,0.01,61,41419,买盘
2082,11:17:57,6.78,--,2,1356,卖盘
2083,11:17:51,6.78,--,20,13560,卖盘
2084,11:17:48,6.78,--,20,13560,卖盘
2085,11:17:45,6.78,--,19,12882,卖盘
2086,11:17:42,6.78,--,4,2712,卖盘
2087,11:17:39,6.78,-0.01,23,15594,卖盘
2088,11:17:36,6.79,0.01,28,19012,买盘
2089,11:17:33,6.78,--,17,11526,卖盘
2090,11:17:30,6.78,--,62,42036,卖盘
2091,11:17:27,6.78,-0.01,26,17628,卖盘
2092,11:17:24,6.79,--,44,29876,买盘
2093,11:17:21,6.79,0.01,10,6790,买盘
2094,11:17:15,6.78,-0.01,21,14238,卖盘
2095,11:17:12,6.79,0.01,17,11543,买盘
2096,11:17:06,6.78,-0.01,23,15594,卖盘
2097,11:17:03,6.79,--,19,12901,买盘
2098,11:16:54,6.79,0.01,27,18333,买盘
2099,11:16:51,6.78,-0.01,4,2712,卖盘
2100,11:16:42,6.79,--,42,28518,买盘
2101,11:16:36,6.79,--,4,2716,买盘
2102,11:16:33,6.79,--,71,48209,买盘
2103,11:16:30,6.79,--,2,1358,买盘
2104,11:16:27,6.79,--,7,4753,买盘
2105,11:16:24,6.79,0.01,8,5432,买盘
2106,11:16:21,6.78,--,22,14916,卖盘
2107,11:16:18,6.78,-0.02,127,86106,卖盘
2108,11:16:15,6.8,0.01,37,25160,买盘
2109,11:16:12,6.79,-0.01,19,12901,买盘
2110,11:16:09,6.8,0.02,32,21760,买盘
2111,11:16:06,6.78,-0.02,2,1356,卖盘
2112,11:16:03,6.8,0.01,440,299200,买盘
2113,11:16:00,6.79,0.01,2,1358,买盘
2114,11:15:57,6.78,--,19,12882,卖盘
2115,11:15:51,6.78,--,10,6780,卖盘
2116,11:15:48,6.78,-0.01,21,14238,卖盘
2117,11:15:45,6.79,--,5,3395,买盘
2118,11:15:42,6.79,--,17,11543,买盘
2119,11:15:36,6.79,--,43,29197,卖盘
2120,11:15:33,6.79,--,8,5432,买盘
2121,11:15:30,6.79,0.01,6,4074,买盘
2122,11:15:24,6.78,-0.01,18,12204,卖盘
2123,11:15:18,6.79,--,13,8827,卖盘
2124,11:15:15,6.79,--,22,14938,卖盘
2125,11:15:12,6.79,--,58,39382,卖盘
2126,11:15:06,6.79,--,50,33950,卖盘
2127,11:15:03,6.79,--,82,55678,卖盘
2128,11:15:00,6.79,-0.01,5,3395,卖盘
2129,11:14:54,6.8,0.01,27,18360,买盘
2130,11:14:51,6.79,--,19,12901,卖盘
2131,11:14:48,6.79,-0.01,20,13580,卖盘
2132,11:14:42,6.8,0.01,30,20400,买盘
2133,11:14:39,6.79,--,200,135800,卖盘
2134,11:14:36,6.79,--,46,31234,卖盘
2135,11:14:33,6.79,0.01,178,120862,买盘
2136,11:14:30,6.78,-0.01,19,12882,卖盘
2137,11:14:27,6.79,--,10,6790,买盘
2138,11:14:24,6.79,0.01,21,14259,买盘
2139,11:14:18,6.78,-0.01,120,81360,卖盘
2140,11:14:15,6.79,--,60,40740,买盘
2141,11:14:12,6.79,0.01,400,271600,买盘
2142,11:14:06,6.78,--,24,16272,卖盘
2143,11:14:03,6.78,-0.01,3,2034,卖盘
2144,11:14:00,6.79,0.01,700,475300,买盘
2145,11:13:57,6.78,-0.01,409,277302,卖盘
2146,11:13:54,6.79,0.01,1,679,买盘
2147,11:13:51,6.78,--,15,10170,卖盘
2148,11:13:45,6.78,--,39,26442,卖盘
2149,11:13:42,6.78,--,27,18306,卖盘
2150,11:13:39,6.78,--,400,271200,卖盘
2151,11:13:36,6.78,--,90,61020,卖盘
2152,11:13:33,6.78,--,168,113904,卖盘
2153,11:13:30,6.78,-0.01,183,124074,卖盘
2154,11:13:27,6.79,--,313,212527,买盘
2155,11:13:24,6.79,--,22,14938,买盘
2156,11:13:15,6.79,--,24,16296,买盘
2157,11:13:12,6.79,-0.01,1516,1029364,卖盘
2158,11:13:09,6.8,--,25,17000,买盘
2159,11:13:03,6.8,--,9,6120,买盘
2160,11:13:00,6.8,--,23,15640,买盘
2161,11:12:57,6.8,--,18,12240,买盘
2162,11:12:54,6.8,0.01,7,4760,买盘
2163,11:12:51,6.79,--,106,71974,卖盘
2164,11:12:48,6.79,--,40,27160,卖盘
2165,11:12:45,6.79,-0.01,64,43456,卖盘
2166,11:12:42,6.8,0.01,18,12240,买盘
2167,11:12:39,6.79,-0.01,20,13580,卖盘
2168,11:12:36,6.8,0.01,70,47600,买盘
2169,11:12:33,6.79,--,210,142590,卖盘
2170,11:12:30,6.79,--,22,14938,卖盘
2171,11:12:27,6.79,-0.01,58,39382,卖盘
2172,11:12:24,6.8,--,9,6120,买盘
2173,11:12:18,6.8,0.01,23,15640,买盘
2174,11:12:15,6.79,-0.01,21,14259,卖盘
2175,11:12:12,6.8,0.01,20,13600,买盘
2176,11:12:09,6.79,--,20,13580,卖盘
2177,11:12:06,6.79,-0.01,20,13580,卖盘
2178,11:12:03,6.8,--,21,14280,买盘
2179,11:12:00,6.8,--,57,38760,买盘
2180,11:11:57,6.8,0.01,10,6800,买盘
2181,11:11:54,6.79,-0.01,29,19691,卖盘
2182,11:11:51,6.8,0.01,24,16320,买盘
2183,11:11:48,6.79,-0.01,90,61110,卖盘
2184,11:11:42,6.8,0.01,75,51000,买盘
2185,11:11:33,6.79,-0.01,33,22407,卖盘
2186,11:11:30,6.8,--,6,4080,买盘
2187,11:11:27,6.8,--,4,2720,买盘
2188,11:11:24,6.8,0.01,21,14280,买盘
2189,11:11:21,6.79,--,19,12901,卖盘
2190,11:11:18,6.79,-0.01,5,3395,卖盘
2191,11:11:15,6.8,--,19,12920,买盘
2192,11:11:12,6.8,0.01,22,14960,买盘
2193,11:11:09,6.79,--,21,14259,卖盘
2194,11:11:06,6.79,--,40,27160,卖盘
2195,11:11:03,6.79,--,12,8148,卖盘
2196,11:11:00,6.79,-0.02,71,48209,卖盘
2197,11:10:57,6.81,0.01,53,36093,买盘
2198,11:10:51,6.8,--,7,4760,买盘
2199,11:10:48,6.8,--,505,343400,卖盘
2200,11:10:45,6.8,-0.01,152,103360,卖盘
2201,11:10:42,6.81,--,53,36093,买盘
2202,11:10:39,6.81,0.01,5,3405,买盘
2203,11:10:36,6.8,-0.01,20,13600,卖盘
2204,11:10:33,6.81,--,201,136881,买盘
2205,11:10:30,6.81,0.01,4,2724,买盘
2206,11:10:27,6.8,--,5025,3417000,卖盘
2207,11:10:15,6.8,-0.01,19,12920,卖盘
2208,11:10:12,6.81,0.01,18,12258,买盘
2209,11:10:09,6.8,-0.01,476,323680,卖盘
2210,11:10:06,6.81,-0.01,41,27921,卖盘
2211,11:10:03,6.82,--,32,21824,买盘
2212,11:10:00,6.82,--,15,10230,买盘
2213,11:09:57,6.82,0.01,3,2046,买盘
2214,11:09:54,6.81,--,8,5448,卖盘
2215,11:09:51,6.81,-0.01,29,19749,卖盘
2216,11:09:48,6.82,0.01,477,325314,买盘
2217,11:09:45,6.81,-0.01,110,74910,卖盘
2218,11:09:42,6.82,0.01,29,19778,买盘
2219,11:09:39,6.81,--,678,461718,卖盘
2220,11:09:36,6.81,--,33,22473,卖盘
2221,11:09:30,6.81,--,248,168888,卖盘
2222,11:09:27,6.81,--,543,369783,卖盘
2223,11:09:24,6.81,--,10,6810,卖盘
2224,11:09:21,6.81,--,380,258779,卖盘
2225,11:09:18,6.81,--,51,34731,卖盘
2226,11:09:15,6.81,--,41,27921,卖盘
2227,11:09:12,6.81,-0.01,47,32006,卖盘
2228,11:09:09,6.82,0.01,474,323268,买盘
2229,11:09:03,6.81,--,56,38136,卖盘
2230,11:09:00,6.81,--,23,15663,卖盘
2231,11:08:57,6.81,--,113,76953,卖盘
2232,11:08:54,6.81,-0.01,187,127346,卖盘
2233,11:08:48,6.82,0.01,459,313038,买盘
2234,11:08:45,6.81,--,18,12258,卖盘
2235,11:08:42,6.81,--,10,6810,卖盘
2236,11:08:39,6.81,--,2,1362,卖盘
2237,11:08:36,6.81,--,20,13620,卖盘
2238,11:08:33,6.81,--,25,17025,卖盘
2239,11:08:30,6.81,-0.01,18,12258,卖盘
2240,11:08:27,6.82,0.01,470,320540,买盘
2241,11:08:24,6.81,-0.01,37,25197,卖盘
2242,11:08:21,6.82,0.01,106,72292,买盘
2243,11:08:18,6.81,-0.01,3,2042,卖盘
2244,11:08:15,6.82,0.01,328,223696,买盘
2245,11:08:12,6.81,-0.01,37,25197,卖盘
2246,11:08:09,6.82,--,559,381238,买盘
2247,11:08:06,6.82,0.01,6,4092,买盘
2248,11:08:03,6.81,-0.01,23,15663,卖盘
2249,11:08:00,6.82,0.01,108,73656,买盘
2250,11:07:57,6.81,-0.01,137,93297,卖盘
2251,11:07:51,6.82,--,51,34782,买盘
2252,11:07:48,6.82,--,468,319176,买盘
2253,11:07:45,6.82,0.01,34,23188,买盘
2254,11:07:42,6.81,-0.01,4,2724,卖盘
2255,11:07:39,6.82,--,358,244156,买盘
2256,11:07:36,6.82,0.01,22,15004,买盘
2257,11:07:33,6.81,-0.01,30,20430,卖盘
2258,11:07:30,6.82,--,480,327360,买盘
2259,11:07:27,6.82,0.01,35,23870,买盘
2260,11:07:24,6.81,-0.01,757,515516,卖盘
2261,11:07:21,6.82,0.01,51,34782,买盘
2262,11:07:18,6.81,-0.01,621,422901,卖盘
2263,11:07:15,6.82,--,5,3410,买盘
2264,11:07:12,6.82,--,2,1364,买盘
2265,11:07:09,6.82,--,481,328042,买盘
2266,11:07:06,6.82,0.01,142,96844,买盘
2267,11:07:03,6.81,-0.01,30,20430,卖盘
2268,11:07:00,6.82,--,94,64108,买盘
2269,11:06:57,6.82,0.01,46,31372,买盘
2270,11:06:54,6.81,-0.01,246,167526,卖盘
2271,11:06:51,6.82,--,49,33418,买盘
2272,11:06:48,6.82,0.01,682,465124,买盘
2273,11:06:45,6.81,-0.01,22,14982,卖盘
2274,11:06:39,6.82,0.01,2,1364,买盘
2275,11:06:36,6.81,--,84,57204,卖盘
2276,11:06:33,6.81,-0.01,70,47670,卖盘
2277,11:06:30,6.82,--,10,6820,买盘
2278,11:06:27,6.82,--,719,490358,买盘
2279,11:06:24,6.82,--,49,33418,买盘
2280,11:06:21,6.82,0.01,59,40238,买盘
2281,11:06:18,6.81,-0.01,8,5448,卖盘
2282,11:06:15,6.82,0.01,172,117304,买盘
2283,11:06:09,6.81,--,72,49032,卖盘
2284,11:06:06,6.81,--,501,341181,卖盘
2285,11:06:03,6.81,-0.01,37,25197,卖盘
2286,11:06:00,6.82,--,82,55924,买盘
2287,11:05:57,6.82,0.01,20,13640,买盘
2288,11:05:54,6.81,-0.01,27,18387,卖盘
2289,11:05:51,6.82,0.01,19,12958,买盘
2290,11:05:48,6.81,--,542,369102,卖盘
2291,11:05:45,6.81,-0.01,15,10215,卖盘
2292,11:05:42,6.82,--,41,27962,买盘
2293,11:05:39,6.82,0.01,6,4092,买盘
2294,11:05:36,6.81,--,21,14301,卖盘
2295,11:05:30,6.81,-0.01,4,2724,卖盘
2296,11:05:27,6.82,--,477,325314,买盘
2297,11:05:24,6.82,--,5,3410,买盘
2298,11:05:21,6.82,0.01,31,21142,买盘
2299,11:05:18,6.81,--,48,32687,卖盘
2300,11:05:15,6.81,-0.01,114,77634,卖盘
2301,11:05:12,6.82,--,49,33418,买盘
2302,11:05:09,6.82,0.01,2,1364,买盘
2303,11:05:06,6.81,--,486,330966,卖盘
2304,11:05:03,6.81,--,79,53799,卖盘
2305,11:05:00,6.81,--,12,8171,卖盘
2306,11:04:57,6.81,--,119,81039,卖盘
2307,11:04:54,6.81,-0.01,33,22473,卖盘
2308,11:04:51,6.82,0.01,38,25916,买盘
2309,11:04:48,6.81,-0.01,460,313260,卖盘
2310,11:04:45,6.82,0.01,34,23188,买盘
2311,11:04:42,6.81,-0.01,28,19068,卖盘
2312,11:04:39,6.82,0.01,1,682,买盘
2313,11:04:36,6.81,-0.01,19,12939,卖盘
2314,11:04:33,6.82,0.01,14,9548,买盘
2315,11:04:30,6.81,-0.01,29,19749,卖盘
2316,11:04:27,6.82,--,469,319858,买盘
2317,11:04:24,6.82,--,65,44330,买盘
2318,11:04:21,6.82,0.01,41,27962,买盘
2319,11:04:18,6.81,-0.01,7,4767,卖盘
2320,11:04:12,6.82,0.01,26,17732,买盘
2321,11:04:09,6.81,-0.01,64,43584,卖盘
2322,11:04:06,6.82,--,479,326678,买盘
2323,11:04:03,6.82,--,14,9548,买盘
2324,11:04:00,6.82,0.01,15,10230,买盘
2325,11:03:57,6.81,-0.01,22,14982,卖盘
2326,11:03:54,6.82,--,3,2046,买盘
2327,11:03:51,6.82,0.01,174,118668,买盘
2328,11:03:48,6.81,-0.01,478,325518,卖盘
2329,11:03:45,6.82,0.01,21,14322,买盘
2330,11:03:42,6.81,-0.01,5,3405,卖盘
2331,11:03:39,6.82,0.01,26,17732,买盘
2332,11:03:36,6.81,-0.01,57,38817,卖盘
2333,11:03:33,6.82,--,704,480128,买盘
2334,11:03:30,6.82,--,25,17050,买盘
2335,11:03:27,6.82,--,16,10912,买盘
2336,11:03:24,6.82,--,99,67518,买盘
2337,11:03:21,6.82,0.01,42,28644,买盘
2338,11:03:18,6.81,-0.01,28,19068,卖盘
2339,11:03:15,6.82,0.01,1861,1269202,买盘
2340,11:03:12,6.81,-0.01,530,360930,卖盘
2341,11:03:09,6.82,--,95,64790,买盘
2342,11:03:06,6.82,0.01,17,11594,买盘
2343,11:03:03,6.81,-0.01,47,32006,卖盘
2344,11:03:00,6.82,0.01,832,567424,买盘
2345,11:02:57,6.81,-0.01,1002,682362,卖盘
2346,11:02:54,6.82,0.01,25,17050,买盘
2347,11:02:51,6.81,--,261,177741,买盘
2348,11:02:48,6.81,--,4032,2745792,买盘
2349,11:02:45,6.81,--,14,9534,买盘
2350,11:02:42,6.81,0.01,27,18387,买盘
2351,11:02:39,6.8,--,26,17680,卖盘
2352,11:02:36,6.8,-0.01,7,4760,卖盘
2353,11:02:33,6.81,--,49,33369,买盘
2354,11:02:30,6.81,0.01,37,25197,买盘
2355,11:02:27,6.8,--,109,74120,卖盘
2356,11:02:24,6.8,-0.01,13,8840,卖盘
2357,11:02:21,6.81,0.01,34,23154,买盘
2358,11:02:18,6.8,-0.01,229,155720,卖盘
2359,11:02:15,6.81,0.01,1,681,买盘
2360,11:02:12,6.8,--,94,63920,卖盘
2361,11:02:09,6.8,--,52,35360,卖盘
2362,11:02:06,6.8,-0.01,918,624240,卖盘
2363,11:02:03,6.81,--,35,23835,买盘
2364,11:02:00,6.81,0.01,14,9534,买盘
2365,11:01:57,6.8,--,22,14960,卖盘
2366,11:01:54,6.8,-0.01,22,14960,卖盘
2367,11:01:51,6.81,--,459,312579,买盘
2368,11:01:48,6.81,0.01,21,14301,买盘
2369,11:01:45,6.8,-0.01,21,14280,卖盘
2370,11:01:42,6.81,--,20,13620,买盘
2371,11:01:39,6.81,0.01,13,8853,买盘
2372,11:01:33,6.8,--,61,41480,卖盘
2373,11:01:30,6.8,0.01,5,3400,中性盘
2374,11:01:27,6.79,--,23,15617,卖盘
2375,11:01:24,6.79,--,4019,2728989,卖盘
2376,11:01:21,6.79,-0.01,180,122220,卖盘
2377,11:01:15,6.8,0.01,15,10200,买盘
2378,11:01:12,6.79,-0.01,19,12901,卖盘
2379,11:01:09,6.8,--,1,680,买盘
2380,11:01:06,6.8,--,67,45560,买盘
2381,11:01:03,6.8,--,32,21760,买盘
2382,11:01:00,6.8,--,69,46920,买盘
2383,11:00:54,6.8,--,165,112200,买盘
2384,11:00:51,6.8,0.01,226,153680,买盘
2385,11:00:48,6.79,--,22,14938,卖盘
2386,11:00:45,6.79,-0.01,144,97776,卖盘
2387,11:00:42,6.8,0.01,16,10880,买盘
2388,11:00:39,6.79,--,36,24444,卖盘
2389,11:00:33,6.79,-0.01,30,20370,卖盘
2390,11:00:30,6.8,0.01,14,9520,买盘
2391,11:00:27,6.79,--,23,15617,卖盘
2392,11:00:24,6.79,-0.01,2,1358,卖盘
2393,11:00:21,6.8,0.01,57,38760,买盘
2394,11:00:15,6.79,-0.01,23,15617,卖盘
2395,11:00:12,6.8,--,10,6800,买盘
2396,11:00:09,6.8,0.01,122,82960,买盘
2397,11:00:06,6.79,-0.01,20,13580,卖盘
2398,11:00:03,6.8,0.01,23,15640,买盘
2399,11:00:00,6.79,-0.01,106,71974,卖盘
2400,10:59:57,6.8,0.01,15,10200,买盘
2401,10:59:54,6.79,-0.01,20,13580,卖盘
2402,10:59:51,6.8,--,94,63920,买盘
2403,10:59:48,6.8,0.01,14,9520,买盘
2404,10:59:45,6.79,--,16,10864,卖盘
2405,10:59:42,6.79,-0.01,84,57036,卖盘
2406,10:59:39,6.8,0.01,6,4080,买盘
2407,10:59:36,6.79,-0.01,52,35308,卖盘
2408,10:59:33,6.8,0.01,132,89760,买盘
2409,10:59:30,6.79,--,20,13580,卖盘
2410,10:59:27,6.79,-0.01,23,15617,卖盘
2411,10:59:24,6.8,--,15,10200,买盘
2412,10:59:21,6.8,0.01,4,2720,买盘
2413,10:59:15,6.79,-0.01,23,15617,卖盘
2414,10:59:12,6.8,--,26,17680,买盘
2415,10:59:03,6.8,--,28,19040,买盘
2416,10:59:00,6.8,--,21,14280,买盘
2417,10:58:57,6.8,0.01,6,4080,买盘
2418,10:58:51,6.79,--,31,21049,卖盘
2419,10:58:48,6.79,--,9,6111,卖盘
2420,10:58:45,6.79,--,1424,966896,买盘
2421,10:58:42,6.79,--,13,8827,买盘
2422,10:58:36,6.79,--,13,8827,买盘
2423,10:58:33,6.79,--,12,8148,买盘
2424,10:58:30,6.79,0.01,13,8827,买盘
2425,10:58:27,6.78,--,70,47460,卖盘
2426,10:58:24,6.78,-0.01,43,29154,卖盘
2427,10:58:21,6.79,--,2,1358,买盘
2428,10:58:18,6.79,0.01,14,9506,买盘
2429,10:58:15,6.78,-0.01,22,14916,卖盘
2430,10:58:12,6.79,--,1,679,买盘
2431,10:58:09,6.79,0.01,13,8827,买盘
2432,10:58:03,6.78,-0.01,29,19662,卖盘
2433,10:58:00,6.79,--,3,2037,买盘
2434,10:57:57,6.79,--,20,13580,买盘
2435,10:57:51,6.79,--,125,84875,买盘
2436,10:57:48,6.79,--,8,5432,买盘
2437,10:57:45,6.79,0.01,12,8148,买盘
2438,10:57:39,6.78,--,19,12882,卖盘
2439,10:57:36,6.78,--,43,29154,卖盘
2440,10:57:30,6.78,-0.01,47,31866,卖盘
2441,10:57:27,6.79,--,23,15617,买盘
2442,10:57:24,6.79,--,49,33271,买盘
2443,10:57:21,6.79,--,1,679,买盘
2444,10:57:18,6.79,--,32,21728,买盘
2445,10:57:12,6.79,0.01,29,19691,买盘
2446,10:57:09,6.78,-0.01,20,13560,卖盘
2447,10:57:03,6.79,--,43,29197,买盘
2448,10:57:00,6.79,--,2,1358,买盘
2449,10:56:57,6.79,--,54,36666,买盘
2450,10:56:54,6.79,--,36,24444,买盘
2451,10:56:51,6.79,0.01,13,8827,买盘
2452,10:56:48,6.78,--,16,10848,卖盘
2453,10:56:45,6.78,--,34,23052,卖盘
2454,10:56:42,6.78,-0.01,16,10848,卖盘
2455,10:56:39,6.79,0.01,17,11543,买盘
2456,10:56:33,6.78,-0.01,33,22374,卖盘
2457,10:56:30,6.79,0.01,14,9506,买盘
2458,10:56:27,6.78,-0.01,10,6780,卖盘
2459,10:56:24,6.79,--,26,17654,买盘
2460,10:56:21,6.79,--,34,23086,买盘
2461,10:56:18,6.79,0.01,69,46851,买盘
2462,10:56:12,6.78,-0.01,43,29154,卖盘
2463,10:56:06,6.79,--,12,8148,买盘
2464,10:56:03,6.79,0.01,30,20370,买盘
2465,10:56:00,6.78,-0.01,100,67800,卖盘
2466,10:55:57,6.79,--,16,10864,买盘
2467,10:55:54,6.79,--,30,20370,买盘
2468,10:55:51,6.79,0.01,27,18333,买盘
2469,10:55:48,6.78,-0.01,32,21696,卖盘
2470,10:55:45,6.79,0.01,15,10185,买盘
2471,10:55:42,6.78,--,5,3390,卖盘
2472,10:55:39,6.78,--,88,59664,卖盘
2473,10:55:36,6.78,-0.01,2,1356,卖盘
2474,10:55:33,6.79,--,14,9506,买盘
2475,10:55:30,6.79,0.01,5,3395,买盘
2476,10:55:27,6.78,-0.01,28,18984,卖盘
2477,10:55:24,6.79,0.01,15,10185,买盘
2478,10:55:21,6.78,--,39,26442,卖盘
2479,10:55:18,6.78,-0.01,110,74580,卖盘
2480,10:55:12,6.79,--,15,10185,买盘
2481,10:55:09,6.79,0.01,10,6790,买盘
2482,10:55:06,6.78,-0.01,21,14238,卖盘
2483,10:55:00,6.79,0.01,37,25123,买盘
2484,10:54:57,6.78,--,40,27120,卖盘
2485,10:54:54,6.78,-0.01,24,16272,卖盘
2486,10:54:51,6.79,--,27,18333,买盘
2487,10:54:48,6.79,0.01,28,19012,买盘
2488,10:54:45,6.78,--,8,5424,卖盘
2489,10:54:42,6.78,-0.01,26,17628,卖盘
2490,10:54:39,6.79,0.01,13,8827,买盘
2491,10:54:36,6.78,-0.01,1,678,卖盘
2492,10:54:33,6.79,--,21,14259,买盘
2493,10:54:27,6.79,0.01,37,25123,买盘
2494,10:54:24,6.78,-0.01,48,32544,卖盘
2495,10:54:21,6.79,0.01,54,36666,买盘
2496,10:54:18,6.78,--,11,7458,卖盘
2497,10:54:15,6.78,--,68,46104,卖盘
2498,10:54:09,6.78,-0.01,52,35256,卖盘
2499,10:54:06,6.79,0.01,14,9506,买盘
2500,10:54:03,6.78,-0.01,23,15594,卖盘
2501,10:54:00,6.79,0.01,19,12901,买盘
2502,10:53:57,6.78,-0.01,13,8814,卖盘
2503,10:53:54,6.79,--,27,18333,买盘
2504,10:53:51,6.79,0.01,24,16296,买盘
2505,10:53:48,6.78,--,39,26442,卖盘
2506,10:53:42,6.78,--,73,49494,卖盘
2507,10:53:36,6.78,-0.01,22,14916,卖盘
2508,10:53:33,6.79,0.01,52,35308,买盘
2509,10:53:27,6.78,--,22,14916,卖盘
2510,10:53:24,6.78,-0.01,22,14916,卖盘
2511,10:53:21,6.79,0.01,42,28518,买盘
2512,10:53:18,6.78,--,33,22374,卖盘
2513,10:53:15,6.78,-0.01,21,14238,卖盘
2514,10:53:09,6.79,0.01,14,9506,买盘
2515,10:53:06,6.78,--,30,20340,卖盘
2516,10:53:03,6.78,-0.01,20,13560,卖盘
2517,10:53:00,6.79,0.01,16,10864,买盘
2518,10:52:57,6.78,--,8,5424,卖盘
2519,10:52:54,6.78,-0.01,35,23730,卖盘
2520,10:52:51,6.79,--,16,10864,买盘
2521,10:52:48,6.79,0.01,13,8827,买盘
2522,10:52:42,6.78,-0.01,20,13560,卖盘
2523,10:52:39,6.79,-0.01,3,2037,中性盘
2524,10:52:36,6.8,0.01,36,24480,买盘
2525,10:52:33,6.79,--,1,679,卖盘
2526,10:52:30,6.79,-0.01,38,25802,中性盘
2527,10:52:27,6.8,0.02,19,12920,买盘
2528,10:52:24,6.78,-0.02,38,25764,卖盘
2529,10:52:21,6.8,0.01,37,25160,买盘
2530,10:52:18,6.79,-0.01,7,4753,卖盘
2531,10:52:15,6.8,0.02,14,9520,买盘
2532,10:52:09,6.78,-0.02,24,16272,卖盘
2533,10:52:06,6.8,--,1,680,买盘
2534,10:52:03,6.8,0.01,81,55080,买盘
2535,10:52:00,6.79,-0.01,158,107282,中性盘
2536,10:51:57,6.8,0.01,90,61200,买盘
2537,10:51:54,6.79,--,222,150738,买盘
2538,10:51:51,6.79,--,32,21728,买盘
2539,10:51:48,6.79,--,143,97097,买盘
2540,10:51:45,6.79,--,35,23765,买盘
2541,10:51:42,6.79,--,23,15617,买盘
2542,10:51:39,6.79,0.01,348,236292,买盘
2543,10:51:36,6.78,-0.01,50,33900,卖盘
2544,10:51:33,6.79,--,91,61789,买盘
2545,10:51:30,6.79,0.01,34,23086,买盘
2546,10:51:27,6.78,--,5,3390,卖盘
2547,10:51:24,6.78,-0.01,110,74580,卖盘
2548,10:51:21,6.79,--,106,71974,买盘
2549,10:51:18,6.79,--,202,137158,买盘
2550,10:51:15,6.79,0.01,51,34629,买盘
2551,10:51:12,6.78,-0.01,88,59664,卖盘
2552,10:51:09,6.79,--,115,78085,买盘
2553,10:51:06,6.79,0.01,90,61110,买盘
2554,10:51:03,6.78,--,117,79326,卖盘
2555,10:51:00,6.78,-0.01,46,31188,卖盘
2556,10:50:57,6.79,--,105,71295,买盘
2557,10:50:54,6.79,--,113,76727,买盘
2558,10:50:51,6.79,--,32,21728,买盘
2559,10:50:48,6.79,--,105,71295,买盘
2560,10:50:45,6.79,--,5,3395,买盘
2561,10:50:42,6.79,--,150,101850,买盘
2562,10:50:39,6.79,--,14,9506,买盘
2563,10:50:36,6.79,--,155,105245,买盘
2564,10:50:30,6.79,--,109,74011,买盘
2565,10:50:27,6.79,--,93,63147,买盘
2566,10:50:24,6.79,--,27,18333,买盘
2567,10:50:21,6.79,0.01,94,63826,买盘
2568,10:50:18,6.78,-0.01,217,147126,卖盘
2569,10:50:15,6.79,--,104,70616,买盘
2570,10:50:09,6.79,-0.01,120,81480,卖盘
2571,10:50:06,6.8,--,8,5440,买盘
2572,10:50:03,6.8,--,103,70040,买盘
2573,10:50:00,6.8,0.02,86,58480,买盘
2574,10:49:57,6.78,-0.02,113,76614,卖盘
2575,10:49:54,6.8,--,92,62560,买盘
2576,10:49:51,6.8,--,42,28560,买盘
2577,10:49:48,6.8,0.03,94,63920,买盘
2578,10:49:45,6.77,-0.03,121,81917,卖盘
2579,10:49:42,6.8,0.01,132,89760,买盘
2580,10:49:39,6.79,--,16,10864,买盘
2581,10:49:36,6.79,--,482,327278,买盘
2582,10:49:33,6.79,--,146,99134,卖盘
2583,10:49:30,6.79,-0.01,10,6790,买盘
2584,10:49:27,6.8,0.03,90,61200,买盘
2585,10:49:24,6.77,-0.03,36,24372,卖盘
2586,10:49:18,6.8,--,107,72760,买盘
2587,10:49:15,6.8,0.03,109,74120,买盘
2588,10:49:12,6.77,-0.02,123,83271,卖盘
2589,10:49:09,6.79,-0.01,7,4753,中性盘
2590,10:49:06,6.8,0.03,181,123080,买盘
2591,10:49:03,6.77,-0.02,33,22341,卖盘
2592,10:49:00,6.79,0.02,91,61789,买盘
2593,10:48:57,6.77,-0.03,78,52806,卖盘
2594,10:48:54,6.8,0.04,4000,2720000,买盘
2595,10:48:51,6.76,-0.02,42,28392,卖盘
2596,10:48:48,6.78,--,492,333576,买盘
2597,10:48:45,6.78,--,108,73224,买盘
2598,10:48:42,6.78,0.02,102,69156,买盘
2599,10:48:39,6.76,-0.02,64,43264,卖盘
2600,10:48:36,6.78,0.01,96,65088,买盘
2601,10:48:33,6.77,0.01,19,12863,中性盘
2602,10:48:30,6.76,--,134,90584,卖盘
2603,10:48:27,6.76,-0.01,16,10816,卖盘
2604,10:48:24,6.77,--,118,79886,买盘
2605,10:48:21,6.77,0.01,92,62283,买盘
2606,10:48:18,6.76,-0.02,46,31096,卖盘
2607,10:48:15,6.78,--,8,5424,买盘
2608,10:48:12,6.78,--,122,82716,买盘
2609,10:48:09,6.78,0.02,91,61698,买盘
2610,10:48:06,6.76,-0.02,44,29744,卖盘
2611,10:48:03,6.78,--,90,61020,买盘
2612,10:48:00,6.78,--,104,70512,买盘
2613,10:47:57,6.78,0.01,91,61698,买盘
2614,10:47:54,6.77,-0.01,44,29787,中性盘
2615,10:47:51,6.78,0.01,103,69834,买盘
2616,10:47:48,6.77,--,98,66346,买盘
2617,10:47:45,6.77,--,192,129983,买盘
2618,10:47:42,6.77,--,48,32495,买盘
2619,10:47:39,6.77,--,145,98165,卖盘
2620,10:47:36,6.77,--,5,3385,卖盘
2621,10:47:33,6.77,--,152,102904,卖盘
2622,10:47:30,6.77,-0.01,125,84625,卖盘
2623,10:47:27,6.78,--,120,81360,买盘
2624,10:47:21,6.78,--,128,86784,买盘
2625,10:47:18,6.78,--,20,13560,买盘
2626,10:47:15,6.78,--,100,67800,买盘
2627,10:47:12,6.78,0.02,112,75936,买盘
2628,10:47:09,6.76,-0.02,105,70980,卖盘
2629,10:47:06,6.78,--,105,71190,买盘
2630,10:47:03,6.78,0.02,2,1356,买盘
2631,10:47:00,6.76,-0.02,125,84500,卖盘
2632,10:46:57,6.78,--,91,61698,买盘
2633,10:46:54,6.78,--,57,38646,买盘
2634,10:46:51,6.78,0.02,92,62376,买盘
2635,10:46:48,6.76,-0.02,136,91936,卖盘
2636,10:46:45,6.78,--,107,72546,买盘
2637,10:46:42,6.78,--,5,3390,买盘
2638,10:46:39,6.78,0.02,224,151872,买盘
2639,10:46:36,6.76,-0.02,33,22308,卖盘
2640,10:46:33,6.78,--,135,91530,买盘
2641,10:46:30,6.78,0.01,120,81360,买盘
2642,10:46:27,6.77,--,78,52806,买盘
2643,10:46:24,6.77,0.01,161,108997,买盘
2644,10:46:21,6.76,-0.02,312,210912,卖盘
2645,10:46:18,6.78,0.02,6,4068,买盘
2646,10:46:15,6.76,-0.01,123,83148,卖盘
2647,10:46:12,6.77,-0.01,201,136077,中性盘
2648,10:46:09,6.78,--,93,63054,买盘
2649,10:46:06,6.78,0.02,91,61698,买盘
2650,10:46:03,6.76,--,127,85852,卖盘
2651,10:46:00,6.76,-0.02,126,85176,卖盘
2652,10:45:57,6.78,0.02,90,61020,买盘
2653,10:45:54,6.76,-0.02,144,97344,卖盘
2654,10:45:51,6.78,0.02,182,123396,买盘
2655,10:45:48,6.76,-0.02,448,302848,卖盘
2656,10:45:45,6.78,0.02,101,68478,买盘
2657,10:45:42,6.76,-0.02,236,159536,卖盘
2658,10:45:39,6.78,0.01,116,78648,买盘
2659,10:45:36,6.77,--,90,60929,买盘
2660,10:45:33,6.77,-0.01,151,102227,卖盘
2661,10:45:30,6.78,--,34,23052,买盘
2662,10:45:27,6.78,0.01,195,132210,买盘
2663,10:45:24,6.77,0.01,6,4061,买盘
2664,10:45:21,6.76,-0.02,139,93964,卖盘
2665,10:45:18,6.78,--,7,4746,买盘
2666,10:45:15,6.78,--,188,127464,买盘
2667,10:45:12,6.78,0.02,90,61020,买盘
2668,10:45:09,6.76,-0.01,68,45968,卖盘
2669,10:45:06,6.77,-0.01,254,171958,卖盘
2670,10:45:03,6.78,--,91,61698,买盘
2671,10:45:00,6.78,0.01,93,63054,买盘
2672,10:44:57,6.77,-0.01,123,83271,卖盘
2673,10:44:54,6.78,--,1,678,买盘
2674,10:44:51,6.78,--,92,62376,买盘
2675,10:44:48,6.78,--,409,277302,买盘
2676,10:44:45,6.78,--,126,85428,买盘
2677,10:44:42,6.78,0.01,99,67122,买盘
2678,10:44:36,6.77,-0.01,137,92749,卖盘
2679,10:44:33,6.78,0.01,2,1356,买盘
2680,10:44:27,6.77,--,17,11509,卖盘
2681,10:44:24,6.77,-0.01,62,41974,卖盘
2682,10:44:21,6.78,--,3,2034,买盘
2683,10:44:18,6.78,0.01,35,23730,买盘
2684,10:44:15,6.77,--,30,20310,卖盘
2685,10:44:12,6.77,--,5,3385,卖盘
2686,10:44:09,6.77,--,64,43328,卖盘
2687,10:44:06,6.77,-0.01,1,677,卖盘
2688,10:44:03,6.78,--,33,22374,买盘
2689,10:43:54,6.78,0.01,39,26442,买盘
2690,10:43:51,6.77,-0.01,41,27757,卖盘
2691,10:43:48,6.78,--,10,6780,买盘
2692,10:43:45,6.78,0.01,19,12882,买盘
2693,10:43:42,6.77,-0.01,20,13540,卖盘
2694,10:43:39,6.78,0.01,5,3390,买盘
2695,10:43:36,6.77,--,21,14217,卖盘
2696,10:43:30,6.77,-0.01,54,36558,卖盘
2697,10:43:24,6.78,0.01,1,678,买盘
2698,10:43:21,6.77,-0.01,14,9478,卖盘
2699,10:43:18,6.78,--,35,23730,买盘
2700,10:43:15,6.78,0.01,101,68478,买盘
2701,10:43:09,6.77,--,33,22341,卖盘
2702,10:43:03,6.77,--,322,217994,卖盘
2703,10:43:00,6.77,--,27,18279,卖盘
2704,10:42:57,6.77,--,89,60252,卖盘
2705,10:42:54,6.77,--,18,12186,卖盘
2706,10:42:51,6.77,--,1,677,卖盘
2707,10:42:48,6.77,--,100,67700,卖盘
2708,10:42:45,6.77,-0.01,76,51452,卖盘
2709,10:42:42,6.78,0.01,6,4068,买盘
2710,10:42:39,6.77,-0.01,1000,677000,卖盘
2711,10:42:36,6.78,--,23,15594,买盘
2712,10:42:33,6.78,0.01,8,5424,买盘
2713,10:42:30,6.77,--,20,13540,卖盘
2714,10:42:27,6.77,--,1,677,卖盘
2715,10:42:24,6.77,--,53,35881,卖盘
2716,10:42:21,6.77,--,67,45359,卖盘
2717,10:42:15,6.77,-0.01,21,14217,卖盘
2718,10:42:12,6.78,--,67,45426,买盘
2719,10:42:06,6.78,--,10,6780,买盘
2720,10:42:03,6.78,0.01,80,54240,买盘
2721,10:42:00,6.77,-0.01,35,23695,卖盘
2722,10:41:57,6.78,0.01,2047,1387866,买盘
2723,10:41:54,6.77,--,58,39266,卖盘
2724,10:41:51,6.77,-0.01,44,29787,卖盘
2725,10:41:48,6.78,--,1,678,买盘
2726,10:41:42,6.78,0.01,130,88140,买盘
2727,10:41:39,6.77,-0.01,46,31141,卖盘
2728,10:41:36,6.78,-0.01,337,228486,卖盘
2729,10:41:33,6.79,0.01,16,10864,买盘
2730,10:41:30,6.78,--,1,678,卖盘
2731,10:41:27,6.78,--,46,31188,卖盘
2732,10:41:24,6.78,--,35,23730,卖盘
2733,10:41:18,6.78,-0.01,43,29154,卖盘
2734,10:41:12,6.79,0.01,1,679,买盘
2735,10:41:06,6.78,--,102,69156,卖盘
2736,10:40:57,6.78,-0.01,11,7458,卖盘
2737,10:40:54,6.79,0.01,35,23765,买盘
2738,10:40:51,6.78,--,1,678,卖盘
2739,10:40:45,6.78,-0.01,24,16272,卖盘
2740,10:40:42,6.79,--,1,679,买盘
2741,10:40:39,6.79,--,24,16296,买盘
2742,10:40:36,6.79,0.01,2,1358,买盘
2743,10:40:33,6.78,-0.01,54,36612,卖盘
2744,10:40:30,6.79,--,25,16975,买盘
2745,10:40:24,6.79,--,23,15617,买盘
2746,10:40:21,6.79,--,15,10185,买盘
2747,10:40:18,6.79,0.01,100,67900,买盘
2748,10:40:15,6.78,-0.01,2001,1356678,卖盘
2749,10:40:12,6.79,0.01,64,43456,买盘
2750,10:40:09,6.78,--,2,1356,卖盘
2751,10:40:06,6.78,--,1,678,卖盘
2752,10:40:03,6.78,--,2,1356,卖盘
2753,10:40:00,6.78,-0.01,106,71868,卖盘
2754,10:39:57,6.79,--,10,6790,买盘
2755,10:39:54,6.79,--,45,30555,买盘
2756,10:39:51,6.79,--,332,225428,买盘
2757,10:39:48,6.79,--,15,10185,买盘
2758,10:39:45,6.79,--,1,679,买盘
2759,10:39:42,6.79,0.01,5,3395,买盘
2760,10:39:39,6.78,-0.01,101,68478,卖盘
2761,10:39:36,6.79,--,19,12901,买盘
2762,10:39:33,6.79,--,6,4074,买盘
2763,10:39:30,6.79,0.01,2004,1360716,买盘
2764,10:39:27,6.78,--,15,10170,卖盘
2765,10:39:24,6.78,-0.01,20,13560,卖盘
2766,10:39:21,6.79,0.01,2,1358,买盘
2767,10:39:18,6.78,--,10,6780,卖盘
2768,10:39:15,6.78,--,2,1356,卖盘
2769,10:39:09,6.78,--,7,4746,卖盘
2770,10:39:06,6.78,-0.01,26,17628,卖盘
2771,10:39:03,6.79,0.01,14,9506,买盘
2772,10:39:00,6.78,-0.01,5,3390,卖盘
2773,10:38:57,6.79,0.01,27,18333,买盘
2774,10:38:54,6.78,-0.01,48,32544,卖盘
2775,10:38:51,6.79,0.01,13,8827,买盘
2776,10:38:45,6.78,--,1,678,卖盘
2777,10:38:42,6.78,--,17,11526,卖盘
2778,10:38:39,6.78,--,18,12204,卖盘
2779,10:38:36,6.78,-0.01,386,261708,卖盘
2780,10:38:33,6.79,0.01,20,13580,买盘
2781,10:38:30,6.78,--,14,9492,卖盘
2782,10:38:27,6.78,--,10,6780,卖盘
2783,10:38:24,6.78,--,161,109158,买盘
2784,10:38:21,6.78,--,16,10848,买盘
2785,10:38:18,6.78,--,17,11526,买盘
2786,10:38:15,6.78,0.01,15,10170,买盘
2787,10:38:12,6.77,-0.01,2,1354,卖盘
2788,10:38:09,6.78,--,14,9492,买盘
2789,10:38:06,6.78,--,7,4746,买盘
2790,10:38:00,6.78,-0.01,189,128142,卖盘
2791,10:37:54,6.79,0.02,9,6111,买盘
2792,10:37:48,6.77,-0.01,33,22341,卖盘
2793,10:37:45,6.78,0.01,6,4068,卖盘
2794,10:37:39,6.77,-0.02,3,2030,卖盘
2795,10:37:36,6.79,--,523,355388,买盘
2796,10:37:33,6.79,--,104,70616,买盘
2797,10:37:30,6.79,--,26,17654,买盘
2798,10:37:27,6.79,0.01,8,5432,买盘
2799,10:37:24,6.78,-0.01,90,61020,卖盘
2800,10:37:21,6.79,--,13,8827,买盘
2801,10:37:18,6.79,0.01,24,16703,买盘
2802,10:37:15,6.78,-0.01,13,8814,卖盘
2803,10:37:09,6.79,0.01,98,66542,买盘
2804,10:37:03,6.78,--,73,49494,卖盘
2805,10:37:00,6.78,--,56,37968,卖盘
2806,10:36:54,6.78,-0.01,111,75258,卖盘
2807,10:36:51,6.79,0.01,117,79443,买盘
2808,10:36:48,6.78,-0.01,45,30510,卖盘
2809,10:36:45,6.79,0.01,2,1358,买盘
2810,10:36:42,6.78,--,116,78648,卖盘
2811,10:36:39,6.78,-0.01,40,27120,卖盘
2812,10:36:36,6.79,0.01,25,16975,买盘
2813,10:36:33,6.78,--,20,13560,卖盘
2814,10:36:30,6.78,-0.01,66,44748,卖盘
2815,10:36:24,6.79,0.01,41,27839,买盘
2816,10:36:21,6.78,--,21,14238,卖盘
2817,10:36:18,6.78,-0.01,12,8136,卖盘
2818,10:36:15,6.79,--,82,55678,买盘
2819,10:36:12,6.79,0.01,3,2037,买盘
2820,10:36:09,6.78,-0.01,1,678,卖盘
2821,10:36:06,6.79,--,7,4753,买盘
2822,10:36:03,6.79,--,723,490917,卖盘
2823,10:36:00,6.79,-0.01,73,49567,卖盘
2824,10:35:57,6.8,0.01,6,4080,买盘
2825,10:35:54,6.79,-0.01,81,54999,卖盘
2826,10:35:51,6.8,--,15,10200,买盘
2827,10:35:48,6.8,--,45,30600,买盘
2828,10:35:45,6.8,--,52,35360,买盘
2829,10:35:42,6.8,--,22,14960,买盘
2830,10:35:39,6.8,--,2,1360,买盘
2831,10:35:36,6.8,--,209,142120,买盘
2832,10:35:33,6.8,--,532,362263,卖盘
2833,10:35:30,6.8,--,108,73440,卖盘
2834,10:35:27,6.8,-0.01,708,481440,卖盘
2835,10:35:24,6.81,0.01,54,36774,买盘
2836,10:35:21,6.8,--,30,20400,卖盘
2837,10:35:18,6.8,-0.01,177,120360,卖盘
2838,10:35:15,6.81,0.01,35,23835,买盘
2839,10:35:12,6.8,-0.01,75,51000,卖盘
2840,10:35:09,6.81,0.01,30,20430,买盘
2841,10:35:06,6.8,--,4,2720,卖盘
2842,10:35:03,6.8,-0.01,223,151640,卖盘
2843,10:35:00,6.81,0.01,133,90573,买盘
2844,10:34:57,6.8,--,42,28560,卖盘
2845,10:34:54,6.8,--,21,14456,卖盘
2846,10:34:51,6.8,-0.01,74,50320,卖盘
2847,10:34:48,6.81,--,115,78315,买盘
2848,10:34:45,6.81,--,24,16343,买盘
2849,10:34:42,6.81,0.01,4,2724,买盘
2850,10:34:39,6.8,--,71,48280,卖盘
2851,10:34:36,6.8,-0.01,97,65960,卖盘
2852,10:34:33,6.81,0.01,66,44946,买盘
2853,10:34:30,6.8,--,203,138040,卖盘
2854,10:34:27,6.8,-0.01,29,19720,卖盘
2855,10:34:24,6.81,0.01,39,26559,买盘
2856,10:34:21,6.8,--,227,154360,卖盘
2857,10:34:18,6.8,-0.01,11,7480,卖盘
2858,10:34:15,6.81,--,34,23154,买盘
2859,10:34:12,6.81,0.01,40,27240,买盘
2860,10:34:09,6.8,--,106,72080,卖盘
2861,10:34:06,6.8,--,23,15640,卖盘
2862,10:34:03,6.8,--,20,13600,卖盘
2863,10:34:00,6.8,-0.01,18,12240,卖盘
2864,10:33:57,6.81,--,43,29283,买盘
2865,10:33:54,6.81,--,25,17025,买盘
2866,10:33:51,6.81,--,32,21792,买盘
2867,10:33:48,6.81,0.01,30,20430,买盘
2868,10:33:45,6.8,--,4,2720,卖盘
2869,10:33:42,6.8,-0.01,138,93840,卖盘
2870,10:33:39,6.81,0.01,34,23154,买盘
2871,10:33:36,6.8,--,349,237320,卖盘
2872,10:33:33,6.8,--,16,10880,卖盘
2873,10:33:30,6.8,--,29,19720,卖盘
2874,10:33:27,6.8,-0.01,18,12240,卖盘
2875,10:33:24,6.81,--,7,4767,买盘
2876,10:33:21,6.81,--,15,10215,买盘
2877,10:33:18,6.81,--,30,20430,买盘
2878,10:33:15,6.81,0.01,116,78996,买盘
2879,10:33:12,6.8,-0.01,6,4080,卖盘
2880,10:33:09,6.81,--,15,10215,买盘
2881,10:33:06,6.81,--,13,8853,买盘
2882,10:33:03,6.81,0.01,6,4085,买盘
2883,10:33:00,6.8,-0.01,11,7480,卖盘
2884,10:32:57,6.81,--,51,34731,买盘
2885,10:32:54,6.81,--,10,6810,买盘
2886,10:32:51,6.81,--,127,86487,买盘
2887,10:32:48,6.81,--,20,13620,买盘
2888,10:32:45,6.81,0.01,13,8853,买盘
2889,10:32:42,6.8,-0.01,23,15640,卖盘
2890,10:32:39,6.81,--,7,4767,买盘
2891,10:32:36,6.81,--,16,10896,买盘
2892,10:32:33,6.81,--,17,11577,买盘
2893,10:32:30,6.81,0.01,42,28602,买盘
2894,10:32:27,6.8,-0.01,678,461040,卖盘
2895,10:32:24,6.81,--,204,138924,买盘
2896,10:32:21,6.81,--,27,18387,买盘
2897,10:32:18,6.81,--,3,2042,买盘
2898,10:32:15,6.81,--,34,23154,买盘
2899,10:32:12,6.81,--,14,9534,买盘
2900,10:32:09,6.81,0.01,12,8171,买盘
2901,10:32:06,6.8,-0.01,5,3400,卖盘
2902,10:32:03,6.81,--,17,11577,买盘
2903,10:32:00,6.81,--,89,60609,买盘
2904,10:31:57,6.81,0.01,10,6810,买盘
2905,10:31:54,6.8,-0.01,21,14280,卖盘
2906,10:31:51,6.81,--,35,23835,买盘
2907,10:31:48,6.81,-0.01,121,82401,卖盘
2908,10:31:45,6.82,0.01,27,18414,买盘
2909,10:31:42,6.81,-0.01,624,424944,卖盘
