,time,price,change,volume,amount,type
0,15:00:03,13.2,--,6837,9024840,买盘
1,14:57:00,13.2,--,66,87120,买盘
2,14:56:57,13.2,0.01,58,76560,买盘
3,14:56:54,13.19,--,98,129262,卖盘
4,14:56:51,13.19,--,160,211040,卖盘
5,14:56:48,13.19,-0.01,11,14509,卖盘
6,14:56:45,13.2,0.01,103,135960,买盘
7,14:56:42,13.19,--,1220,1609180,卖盘
8,14:56:39,13.19,0.01,135,178065,卖盘
9,14:56:36,13.18,-0.01,2010,2649180,卖盘
10,14:56:33,13.19,--,9,11871,卖盘
11,14:56:30,13.19,--,51,67269,买盘
12,14:56:27,13.19,--,427,563213,买盘
13,14:56:24,13.19,--,312,411528,买盘
14,14:56:21,13.19,--,242,319198,买盘
15,14:56:18,13.19,--,64,84416,买盘
16,14:56:15,13.19,0.01,111,146409,买盘
17,14:56:12,13.18,--,102,134436,卖盘
18,14:56:09,13.18,-0.01,93,122574,卖盘
19,14:56:06,13.19,0.01,39,51441,买盘
20,14:56:03,13.18,-0.01,50,65900,卖盘
21,14:56:00,13.19,0.01,192,253248,买盘
22,14:55:57,13.18,-0.01,35,46130,卖盘
23,14:55:54,13.19,--,46,60674,买盘
24,14:55:51,13.19,--,74,97606,买盘
25,14:55:48,13.19,--,152,200488,买盘
26,14:55:45,13.19,-0.01,76,100244,卖盘
27,14:55:42,13.2,--,60,79200,买盘
28,14:55:39,13.2,0.01,71,93720,买盘
29,14:55:36,13.19,-0.01,1192,1572248,卖盘
30,14:55:33,13.2,--,32,42240,买盘
31,14:55:30,13.2,--,161,212520,买盘
32,14:55:27,13.2,--,43,56760,买盘
33,14:55:24,13.2,--,469,619080,买盘
34,14:55:21,13.2,--,47,62040,买盘
35,14:55:18,13.2,--,20,26400,买盘
36,14:55:15,13.2,0.01,197,260040,买盘
37,14:55:12,13.19,-0.01,37,48803,卖盘
38,14:55:09,13.2,0.01,122,161040,买盘
39,14:55:06,13.19,-0.01,32,42208,卖盘
40,14:55:03,13.2,--,264,348968,卖盘
41,14:55:00,13.2,--,211,278520,卖盘
42,14:54:57,13.2,--,80,105600,卖盘
43,14:54:54,13.2,--,26,34320,卖盘
44,14:54:51,13.2,0.01,855,1129431,买盘
45,14:54:48,13.19,-0.01,768,1013348,卖盘
46,14:54:45,13.2,0.01,45,59400,买盘
47,14:54:42,13.19,-0.01,230,303370,卖盘
48,14:54:39,13.2,--,17,22440,买盘
49,14:54:36,13.2,--,155,204600,买盘
50,14:54:33,13.2,--,63,83160,买盘
51,14:54:30,13.2,0.01,21,27720,买盘
52,14:54:27,13.19,--,369,486711,卖盘
53,14:54:24,13.19,-0.01,99,130581,卖盘
54,14:54:21,13.2,--,687,906840,买盘
55,14:54:18,13.2,0.01,192,253440,买盘
56,14:54:15,13.19,--,97,127943,卖盘
57,14:54:09,13.19,--,15,20747,买盘
58,14:54:06,13.19,0.01,146,192574,买盘
59,14:54:03,13.18,-0.01,122,160796,卖盘
60,14:54:00,13.19,--,24,31656,买盘
61,14:53:57,13.19,0.01,176,232144,买盘
62,14:53:54,13.18,-0.01,231,304458,卖盘
63,14:53:51,13.19,--,128,168832,买盘
64,14:53:48,13.19,0.01,447,589593,买盘
65,14:53:45,13.18,--,137,180566,卖盘
66,14:53:42,13.18,-0.01,48,63264,卖盘
67,14:53:39,13.19,--,259,341621,买盘
68,14:53:36,13.19,--,580,765020,卖盘
69,14:53:33,13.19,--,113,149047,卖盘
70,14:53:30,13.19,-0.01,52,68588,卖盘
71,14:53:24,13.2,0.01,52,68640,买盘
72,14:53:21,13.19,0.01,126,166194,买盘
73,14:53:18,13.18,-0.01,132,173976,卖盘
74,14:53:15,13.19,--,164,216316,买盘
75,14:53:12,13.19,--,305,402295,卖盘
76,14:53:09,13.19,-0.01,89,117391,卖盘
77,14:53:06,13.2,--,120,158400,买盘
78,14:53:03,13.2,0.01,125,165000,买盘
79,14:53:00,13.19,-0.01,321,423399,卖盘
80,14:52:57,13.2,--,3,3960,买盘
81,14:52:54,13.2,--,17,22440,买盘
82,14:52:51,13.2,--,110,145200,买盘
83,14:52:48,13.2,0.01,235,310200,买盘
84,14:52:45,13.19,-0.01,105,138495,中性盘
85,14:52:42,13.2,--,459,605880,买盘
86,14:52:39,13.2,--,187,246840,买盘
87,14:52:36,13.2,--,36,47520,买盘
88,14:52:33,13.2,0.01,53,69960,买盘
89,14:52:30,13.19,--,37,48803,卖盘
90,14:52:27,13.19,--,131,172789,买盘
91,14:52:24,13.19,--,267,352173,卖盘
92,14:52:21,13.19,--,20,26380,卖盘
93,14:52:18,13.19,--,43,56717,卖盘
94,14:52:15,13.19,--,3,3957,卖盘
95,14:52:12,13.19,0.01,139,183341,买盘
96,14:52:09,13.18,--,174,229332,买盘
97,14:52:06,13.18,0.01,70,92260,卖盘
98,14:52:03,13.17,-0.02,734,966678,卖盘
99,14:52:00,13.19,0.01,240,316560,买盘
100,14:51:57,13.18,-0.01,851,1121618,卖盘
101,14:51:54,13.19,--,207,273033,买盘
102,14:51:51,13.19,--,53,69907,买盘
103,14:51:48,13.19,--,22,29018,买盘
104,14:51:45,13.19,0.01,45,59355,买盘
105,14:51:42,13.18,--,395,520610,卖盘
106,14:51:39,13.18,--,687,905466,买盘
107,14:51:36,13.18,0.01,293,386174,买盘
108,14:51:33,13.17,--,53,69801,卖盘
109,14:51:30,13.17,--,4,5268,卖盘
110,14:51:27,13.17,--,16,21072,卖盘
111,14:51:24,13.17,--,164,215988,买盘
112,14:51:21,13.17,0.01,141,185697,买盘
113,14:51:18,13.16,-0.01,143,188188,卖盘
114,14:51:15,13.17,0.02,2344,3087048,买盘
115,14:51:12,13.15,--,103,135445,卖盘
116,14:51:09,13.15,-0.01,161,211715,卖盘
117,14:51:06,13.16,--,308,405328,买盘
118,14:51:03,13.16,--,91,119756,买盘
119,14:51:00,13.16,--,82,107912,买盘
120,14:50:57,13.16,--,215,282940,卖盘
121,14:50:54,13.16,--,187,246092,卖盘
122,14:50:51,13.16,--,452,594832,卖盘
123,14:50:48,13.16,-0.01,383,504028,卖盘
124,14:50:45,13.17,--,78,102726,买盘
125,14:50:42,13.17,--,163,214671,买盘
126,14:50:39,13.17,--,1727,2274459,卖盘
127,14:50:36,13.17,-0.01,201,264717,卖盘
128,14:50:33,13.18,--,13,17134,买盘
129,14:50:30,13.18,--,153,201654,买盘
130,14:50:27,13.18,--,75,98850,卖盘
131,14:50:24,13.18,--,41,54038,卖盘
132,14:50:21,13.18,--,213,280734,卖盘
133,14:50:18,13.18,-0.01,41,54038,卖盘
134,14:50:15,13.19,--,2068,2727692,买盘
135,14:50:12,13.19,0.01,100,131900,买盘
136,14:50:09,13.18,--,80,105440,卖盘
137,14:50:06,13.18,-0.01,18,23724,卖盘
138,14:50:03,13.19,0.02,220,290180,买盘
139,14:50:00,13.17,-0.01,176,231792,卖盘
140,14:49:57,13.18,-0.01,171,225378,卖盘
141,14:49:54,13.19,0.02,202,266438,买盘
142,14:49:51,13.17,-0.01,689,907413,卖盘
143,14:49:48,13.18,--,252,332136,买盘
144,14:49:45,13.18,--,253,333454,买盘
145,14:49:42,13.18,--,28,36904,买盘
146,14:49:39,13.18,--,143,188474,买盘
147,14:49:36,13.18,-0.01,1558,2053444,卖盘
148,14:49:33,13.19,--,550,725450,买盘
149,14:49:30,13.19,--,43,56717,买盘
150,14:49:27,13.19,--,130,171470,买盘
151,14:49:24,13.19,0.01,133,175427,买盘
152,14:49:21,13.18,-0.01,50,65900,卖盘
153,14:49:18,13.19,--,99,130581,买盘
154,14:49:15,13.19,--,105,138495,买盘
155,14:49:12,13.19,--,1127,1486513,卖盘
156,14:49:09,13.19,--,169,222911,卖盘
157,14:49:06,13.19,--,244,321836,卖盘
158,14:49:03,13.19,-0.01,228,300732,卖盘
159,14:49:00,13.2,0.01,52,68640,买盘
160,14:48:57,13.19,-0.01,366,482754,卖盘
161,14:48:54,13.2,0.01,40,52800,买盘
162,14:48:51,13.19,-0.01,79,104201,卖盘
163,14:48:48,13.2,0.01,20,26400,买盘
164,14:48:45,13.19,-0.01,162,213678,卖盘
165,14:48:42,13.2,--,124,163680,买盘
166,14:48:39,13.2,--,247,326040,卖盘
167,14:48:36,13.2,--,94,124080,买盘
168,14:48:33,13.2,0.01,445,587400,买盘
169,14:48:30,13.19,-0.01,569,750511,卖盘
170,14:48:27,13.2,--,837,1104840,卖盘
171,14:48:24,13.2,--,5,6600,卖盘
172,14:48:21,13.2,--,31,40920,卖盘
173,14:48:18,13.2,--,309,407880,买盘
174,14:48:15,13.2,0.01,81,106920,买盘
175,14:48:12,13.19,-0.01,5,6595,卖盘
176,14:48:09,13.2,0.01,169,223080,买盘
177,14:48:06,13.19,-0.01,718,947042,卖盘
178,14:48:03,13.2,-0.01,215,283800,卖盘
179,14:48:00,13.21,0.01,409,540289,买盘
180,14:47:57,13.2,--,30,39600,卖盘
181,14:47:54,13.2,-0.01,33,43560,卖盘
182,14:47:51,13.21,0.01,109,143989,买盘
183,14:47:48,13.2,--,94,124080,卖盘
184,14:47:45,13.2,--,47,62040,卖盘
185,14:47:42,13.2,--,142,187440,卖盘
186,14:47:39,13.2,--,33,43560,卖盘
187,14:47:36,13.2,--,176,232320,卖盘
188,14:47:33,13.2,-0.01,33,43560,卖盘
189,14:47:30,13.21,0.01,59,77939,买盘
190,14:47:27,13.2,-0.01,240,316800,卖盘
191,14:47:24,13.21,0.01,167,220607,买盘
192,14:47:21,13.2,--,728,960960,卖盘
193,14:47:18,13.2,--,193,254760,买盘
194,14:47:15,13.2,--,196,258720,卖盘
195,14:47:12,13.2,-0.01,617,814440,卖盘
196,14:47:09,13.21,--,213,281373,买盘
197,14:47:06,13.21,0.01,36,47556,买盘
198,14:47:03,13.2,-0.01,356,469920,卖盘
199,14:47:00,13.21,--,169,223249,卖盘
200,14:46:57,13.21,--,92,121532,卖盘
201,14:46:54,13.21,--,270,356670,买盘
202,14:46:51,13.21,--,125,165125,买盘
203,14:46:48,13.21,--,78,103038,卖盘
204,14:46:45,13.21,--,6,7926,卖盘
205,14:46:42,13.21,-0.01,566,747686,卖盘
206,14:46:39,13.22,0.01,34,44948,买盘
207,14:46:36,13.21,0.01,20,26420,卖盘
208,14:46:33,13.2,-0.02,839,1107480,卖盘
209,14:46:30,13.22,0.01,479,633238,买盘
210,14:46:27,13.21,--,88,116248,买盘
211,14:46:24,13.21,--,122,161162,买盘
212,14:46:21,13.21,--,173,228533,买盘
213,14:46:18,13.21,--,164,216644,买盘
214,14:46:15,13.21,0.01,162,214002,买盘
215,14:46:12,13.2,--,92,121440,卖盘
216,14:46:09,13.2,-0.02,148,195360,卖盘
217,14:46:06,13.22,0.01,133,175826,买盘
218,14:46:03,13.21,--,118,155878,买盘
219,14:46:00,13.21,0.01,28,36988,中性盘
220,14:45:57,13.2,-0.01,64,84480,卖盘
221,14:45:54,13.21,--,67,88507,卖盘
222,14:45:51,13.21,-0.01,87,114927,中性盘
223,14:45:48,13.22,0.02,27,35694,买盘
224,14:45:45,13.2,--,121,159720,卖盘
225,14:45:42,13.2,-0.01,226,298320,卖盘
226,14:45:39,13.21,-0.01,46,60766,卖盘
227,14:45:36,13.22,--,23,30406,买盘
228,14:45:33,13.22,0.01,69,91218,买盘
229,14:45:30,13.21,--,47,62087,买盘
230,14:45:27,13.21,--,64,84544,卖盘
231,14:45:24,13.21,0.01,44,58124,卖盘
232,14:45:21,13.2,--,71,93720,卖盘
233,14:45:18,13.2,--,40,52800,卖盘
234,14:45:15,13.2,--,23,30360,买盘
235,14:45:12,13.2,--,41,54120,买盘
236,14:45:09,13.2,-0.01,2157,2847240,卖盘
237,14:45:06,13.21,-0.01,53,70013,卖盘
238,14:45:03,13.22,-0.01,40,52880,卖盘
239,14:45:00,13.23,0.01,719,951237,买盘
240,14:44:57,13.22,0.01,355,469310,买盘
241,14:44:54,13.21,--,2,2642,卖盘
242,14:44:51,13.21,-0.01,51,67371,卖盘
243,14:44:48,13.22,--,43,56846,买盘
244,14:44:45,13.22,0.01,2225,2941450,买盘
245,14:44:42,13.21,-0.01,231,305151,卖盘
246,14:44:39,13.22,0.01,139,183758,买盘
247,14:44:36,13.21,-0.01,1,1321,卖盘
248,14:44:33,13.22,--,7,9254,买盘
249,14:44:30,13.22,--,7,9254,卖盘
250,14:44:27,13.22,--,103,136166,卖盘
251,14:44:24,13.22,--,16,21152,卖盘
252,14:44:21,13.22,-0.03,68,89896,卖盘
253,14:44:15,13.25,0.04,66,87450,买盘
254,14:44:12,13.21,--,33,43593,卖盘
255,14:44:09,13.21,--,2,2642,中性盘
256,14:44:06,13.21,--,150,198150,买盘
257,14:44:03,13.21,-0.05,2241,2960611,卖盘
258,14:44:00,13.26,0.01,169,224094,买盘
259,14:43:57,13.25,-0.01,39,51675,卖盘
260,14:43:54,13.26,0.01,38,50388,买盘
261,14:43:51,13.25,-0.01,26,34450,卖盘
262,14:43:48,13.26,0.01,49,64974,买盘
263,14:43:45,13.25,--,24,31800,卖盘
264,14:43:42,13.25,--,7,9275,卖盘
265,14:43:39,13.25,--,30,39750,卖盘
266,14:43:36,13.25,0.01,27,36848,买盘
267,14:43:33,13.24,--,1,1324,卖盘
268,14:43:30,13.24,--,5,6620,卖盘
269,14:43:27,13.24,-0.01,16,21184,买盘
270,14:43:24,13.25,0.02,207,274275,买盘
271,14:43:21,13.23,-0.01,80,105840,卖盘
272,14:43:18,13.24,-0.01,25,33100,卖盘
273,14:43:15,13.25,0.04,23,30475,买盘
274,14:43:12,13.21,-0.03,2252,2974892,卖盘
275,14:43:09,13.24,-0.01,13,17212,卖盘
276,14:43:06,13.25,0.02,3,3975,买盘
277,14:43:03,13.23,-0.02,47,62181,卖盘
278,14:43:00,13.25,0.01,15,19875,买盘
279,14:42:54,13.24,0.01,6,7944,卖盘
280,14:42:51,13.23,-0.02,79,104517,卖盘
281,14:42:48,13.25,0.01,576,763200,买盘
282,14:42:45,13.24,--,46,60904,买盘
283,14:42:42,13.24,0.01,44,58256,中性盘
284,14:42:39,13.23,-0.01,520,687960,卖盘
285,14:42:36,13.24,--,8,10592,卖盘
286,14:42:33,13.24,0.02,203,268772,买盘
287,14:42:30,13.22,-0.01,87,115014,卖盘
288,14:42:27,13.23,--,26,34398,卖盘
289,14:42:24,13.23,-0.01,290,383670,卖盘
290,14:42:21,13.24,0.01,67,88708,买盘
291,14:42:18,13.23,--,45,59535,卖盘
292,14:42:15,13.23,--,53,70119,卖盘
293,14:42:12,13.23,--,50,66150,卖盘
294,14:42:09,13.23,--,41,54243,卖盘
295,14:42:06,13.23,-0.01,19,25137,卖盘
296,14:42:03,13.24,0.01,221,292604,买盘
297,14:42:00,13.23,-0.01,149,197127,卖盘
298,14:41:57,13.24,--,14,18536,买盘
299,14:41:54,13.24,-0.01,400,529600,卖盘
300,14:41:51,13.25,--,24,31800,买盘
301,14:41:48,13.25,--,27,35775,买盘
302,14:41:45,13.25,--,110,145750,买盘
303,14:41:42,13.25,--,108,143100,买盘
304,14:41:39,13.25,-0.01,822,1089150,卖盘
305,14:41:36,13.26,-0.01,61,80886,中性盘
306,14:41:33,13.27,0.02,15,19905,买盘
307,14:41:30,13.25,-0.02,27,35775,卖盘
308,14:41:27,13.27,0.02,101,134027,买盘
309,14:41:21,13.25,-0.01,1606,2127950,卖盘
310,14:41:18,13.26,-0.02,540,716040,卖盘
311,14:41:15,13.28,0.01,166,220448,买盘
312,14:41:12,13.27,--,48,63696,卖盘
313,14:41:09,13.27,-0.01,519,688713,卖盘
314,14:41:06,13.28,0.01,12,15936,买盘
315,14:41:03,13.27,-0.01,33,43791,卖盘
316,14:41:00,13.28,--,102,135456,卖盘
317,14:40:57,13.28,--,29,38512,卖盘
318,14:40:54,13.28,--,2,2656,卖盘
319,14:40:51,13.28,--,30,39840,卖盘
320,14:40:48,13.28,--,2,2656,卖盘
321,14:40:45,13.28,--,37,49136,卖盘
322,14:40:42,13.28,--,181,240368,卖盘
323,14:40:39,13.28,--,112,148736,卖盘
324,14:40:36,13.28,--,12,15936,卖盘
325,14:40:33,13.28,--,16,21248,买盘
326,14:40:30,13.28,0.01,14,18592,买盘
327,14:40:27,13.27,-0.01,102,135354,卖盘
328,14:40:24,13.28,--,36,47808,买盘
329,14:40:21,13.28,0.01,43,57104,买盘
330,14:40:18,13.27,-0.01,2,2654,卖盘
331,14:40:12,13.28,--,29,38512,卖盘
332,14:40:09,13.28,--,35,46480,卖盘
333,14:40:06,13.28,--,3,3984,卖盘
334,14:40:03,13.28,-0.01,26,34528,中性盘
335,14:39:57,13.29,0.02,3,3986,买盘
336,14:39:54,13.27,-0.02,2005,2660635,卖盘
337,14:39:51,13.29,--,200,265800,买盘
338,14:39:48,13.29,--,5,6645,买盘
339,14:39:45,13.29,--,791,1051239,卖盘
340,14:39:42,13.29,--,40,53160,卖盘
341,14:39:39,13.29,--,166,220614,卖盘
342,14:39:36,13.29,--,94,124925,卖盘
343,14:39:30,13.29,--,7,9303,卖盘
344,14:39:24,13.29,--,74,98346,卖盘
345,14:39:21,13.29,-0.01,11,14618,卖盘
346,14:39:18,13.3,0.01,2,2660,买盘
347,14:39:15,13.29,--,30,39870,卖盘
348,14:39:12,13.29,-0.01,25,33225,卖盘
349,14:39:09,13.3,0.01,17,22610,买盘
350,14:39:06,13.29,-0.01,1,1329,卖盘
351,14:39:03,13.3,--,15,19950,买盘
352,14:39:00,13.3,--,52,69160,买盘
353,14:38:54,13.3,--,89,118370,买盘
354,14:38:51,13.3,--,100,133000,买盘
355,14:38:48,13.3,--,330,438900,卖盘
356,14:38:45,13.3,--,107,142310,卖盘
357,14:38:42,13.3,-0.01,8,10640,卖盘
358,14:38:39,13.31,--,157,208967,买盘
359,14:38:36,13.31,0.01,61,81191,买盘
360,14:38:33,13.3,-0.01,23,30590,卖盘
361,14:38:30,13.31,0.01,508,676148,买盘
362,14:38:27,13.3,--,146,194180,卖盘
363,14:38:24,13.3,--,61,81130,卖盘
364,14:38:21,13.3,--,114,151620,买盘
365,14:38:15,13.3,0.01,10,13300,买盘
366,14:38:12,13.29,--,84,111636,卖盘
367,14:38:09,13.29,--,83,110307,卖盘
368,14:38:06,13.29,-0.01,64,85056,卖盘
369,14:38:03,13.3,0.01,34,45220,买盘
370,14:38:00,13.29,-0.01,6,7973,卖盘
371,14:37:57,13.3,--,132,175560,买盘
372,14:37:54,13.3,0.01,22,29260,买盘
373,14:37:51,13.29,--,5,6645,卖盘
374,14:37:48,13.29,-0.01,64,85056,卖盘
375,14:37:45,13.3,--,37,49210,买盘
376,14:37:42,13.3,0.01,20,26600,买盘
377,14:37:39,13.29,-0.01,30,39870,卖盘
378,14:37:36,13.3,0.01,28,37240,买盘
379,14:37:33,13.29,--,11,14618,卖盘
380,14:37:30,13.29,--,226,300354,卖盘
381,14:37:27,13.29,--,23,30566,卖盘
382,14:37:24,13.29,-0.01,1,1329,卖盘
383,14:37:21,13.3,0.01,52,69160,买盘
384,14:37:18,13.29,--,3,3986,卖盘
385,14:37:15,13.29,--,167,221943,买盘
386,14:37:12,13.29,0.01,103,136887,买盘
387,14:37:09,13.28,-0.01,113,150064,卖盘
388,14:37:06,13.29,--,110,146190,买盘
389,14:37:03,13.29,--,119,158151,买盘
390,14:37:00,13.29,0.01,80,106320,买盘
391,14:36:57,13.28,--,32,42496,卖盘
392,14:36:54,13.28,-0.01,300,398400,卖盘
393,14:36:48,13.29,0.01,32,42528,卖盘
394,14:36:42,13.28,--,534,709152,卖盘
395,14:36:36,13.28,--,27,35856,卖盘
396,14:36:33,13.28,--,47,62416,卖盘
397,14:36:30,13.28,-0.01,43,57104,卖盘
398,14:36:27,13.29,--,170,225930,买盘
399,14:36:24,13.29,0.01,13,17277,买盘
400,14:36:21,13.28,-0.01,1,1328,卖盘
401,14:36:18,13.29,--,38,50502,买盘
402,14:36:15,13.29,--,78,103662,卖盘
403,14:36:12,13.29,0.01,1035,1375515,买盘
404,14:36:09,13.28,-0.01,3,3984,卖盘
405,14:36:06,13.29,0.01,100,132900,买盘
406,14:36:03,13.28,--,18,23904,卖盘
407,14:35:57,13.28,--,23,30544,卖盘
408,14:35:54,13.28,--,66,87648,卖盘
409,14:35:51,13.28,-0.01,9,11952,卖盘
410,14:35:48,13.29,0.01,123,163467,买盘
411,14:35:45,13.28,--,66,87648,买盘
412,14:35:42,13.28,0.01,24,31872,买盘
413,14:35:33,13.27,-0.01,19,25213,卖盘
414,14:35:30,13.28,--,95,126160,买盘
415,14:35:27,13.28,-0.01,257,341296,卖盘
416,14:35:24,13.29,--,44,58475,买盘
417,14:35:21,13.29,--,26,34554,买盘
418,14:35:18,13.29,0.01,52,69108,买盘
419,14:35:15,13.28,-0.01,115,152720,卖盘
420,14:35:12,13.29,0.01,3,3986,买盘
421,14:35:09,13.28,--,22,29216,卖盘
422,14:35:06,13.28,-0.01,1,1328,卖盘
423,14:35:03,13.29,0.01,38,50502,买盘
424,14:35:00,13.28,-0.01,22,29216,卖盘
425,14:34:57,13.29,0.01,8,10632,买盘
426,14:34:54,13.28,0.01,13,17264,中性盘
427,14:34:48,13.27,-0.01,242,321134,卖盘
428,14:34:45,13.28,--,5,6640,买盘
429,14:34:42,13.28,0.01,8,10624,买盘
430,14:34:36,13.27,--,76,100852,卖盘
431,14:34:33,13.27,--,205,272035,卖盘
432,14:34:30,13.27,-0.02,5,6635,卖盘
433,14:34:27,13.29,0.02,724,962195,买盘
434,14:34:21,13.27,--,137,181799,买盘
435,14:34:18,13.27,-0.01,57,75639,卖盘
436,14:34:15,13.28,0.01,5,6640,买盘
437,14:34:12,13.27,--,1,1327,卖盘
438,14:34:09,13.27,--,2,2654,卖盘
439,14:34:06,13.27,--,18,23886,卖盘
440,14:34:00,13.27,0.01,11,14597,卖盘
441,14:33:57,13.26,-0.02,50,66300,卖盘
442,14:33:54,13.28,--,35,46480,买盘
443,14:33:51,13.28,0.01,36,47808,买盘
444,14:33:48,13.27,0.01,39,51753,买盘
445,14:33:45,13.26,-0.01,300,397800,卖盘
446,14:33:42,13.27,0.01,138,183126,买盘
447,14:33:39,13.26,--,64,84864,卖盘
448,14:33:36,13.26,0.01,274,363324,买盘
449,14:33:33,13.25,-0.01,1,1325,卖盘
450,14:33:30,13.26,--,41,54366,买盘
451,14:33:27,13.26,0.01,148,196248,买盘
452,14:33:24,13.25,-0.01,2,2650,卖盘
453,14:33:21,13.26,--,25,33150,买盘
454,14:33:15,13.26,0.01,86,114036,买盘
455,14:33:12,13.25,--,38,50350,买盘
456,14:33:09,13.25,--,490,649250,买盘
457,14:33:06,13.25,0.01,413,547225,买盘
458,14:33:03,13.24,-0.01,53,70172,卖盘
459,14:33:00,13.25,0.01,222,294150,买盘
460,14:32:57,13.24,--,26,34424,卖盘
461,14:32:54,13.24,--,30,39720,卖盘
462,14:32:51,13.24,--,62,82088,卖盘
463,14:32:48,13.24,-0.01,24,31776,卖盘
464,14:32:45,13.25,0.01,1,1325,买盘
465,14:32:42,13.24,--,26,34424,卖盘
466,14:32:39,13.24,-0.01,15,19860,卖盘
467,14:32:36,13.25,0.01,2,2650,买盘
468,14:32:33,13.24,--,119,157556,卖盘
469,14:32:30,13.24,-0.01,11,14564,卖盘
470,14:32:27,13.25,0.01,100,132500,买盘
471,14:32:24,13.24,--,59,78116,卖盘
472,14:32:21,13.24,--,302,399848,卖盘
473,14:32:18,13.24,-0.01,53,70172,卖盘
474,14:32:15,13.25,0.01,31,41075,买盘
475,14:32:12,13.24,-0.01,30,39720,卖盘
476,14:32:09,13.25,--,45,59625,买盘
477,14:32:06,13.25,0.01,62,82150,买盘
478,14:32:03,13.24,-0.01,133,176092,卖盘
479,14:32:00,13.25,--,58,76850,买盘
480,14:31:54,13.25,-0.01,253,335225,卖盘
481,14:31:51,13.26,0.01,74,99383,买盘
482,14:31:48,13.25,0.01,791,1048075,买盘
483,14:31:45,13.24,-0.01,544,720322,卖盘
484,14:31:42,13.25,-0.01,420,556500,卖盘
485,14:31:39,13.26,--,562,745212,买盘
486,14:31:36,13.26,--,19,25194,买盘
487,14:31:33,13.26,0.01,525,696150,买盘
488,14:31:30,13.25,-0.01,62,82150,卖盘
489,14:31:27,13.26,--,30,39780,买盘
490,14:31:24,13.26,--,20,26520,买盘
491,14:31:21,13.26,--,45,59670,买盘
492,14:31:18,13.26,0.01,57,75582,买盘
493,14:31:15,13.25,-0.01,38,50350,卖盘
494,14:31:12,13.26,--,260,344760,卖盘
495,14:31:09,13.26,-0.01,2,2652,卖盘
496,14:31:06,13.27,0.01,33,43791,买盘
497,14:31:03,13.26,--,117,155142,卖盘
498,14:31:00,13.26,--,10,13260,卖盘
499,14:30:57,13.26,-0.01,60,79560,卖盘
500,14:30:54,13.27,--,72,95544,卖盘
501,14:30:51,13.27,0.02,68,90236,买盘
502,14:30:48,13.25,--,13,17225,卖盘
503,14:30:45,13.25,-0.01,11,14575,卖盘
504,14:30:42,13.26,--,4,5304,买盘
505,14:30:39,13.26,--,173,229398,买盘
506,14:30:36,13.26,-0.01,170,225420,卖盘
507,14:30:33,13.27,--,24,31848,买盘
508,14:30:30,13.27,--,14,18578,买盘
509,14:30:27,13.27,--,1101,1461027,买盘
510,14:30:24,13.27,0.01,268,355636,买盘
511,14:30:21,13.26,-0.01,1,1326,卖盘
512,14:30:18,13.27,--,93,123411,买盘
513,14:30:15,13.27,--,225,298575,买盘
514,14:30:12,13.27,--,47,62369,买盘
515,14:30:09,13.27,--,2,2654,买盘
516,14:30:06,13.27,-0.01,255,338385,卖盘
517,14:30:03,13.28,--,30,39840,买盘
518,14:30:00,13.28,--,31,41168,买盘
519,14:29:57,13.28,--,23,30544,买盘
520,14:29:54,13.28,--,151,200528,买盘
521,14:29:51,13.28,--,1005,1334640,买盘
522,14:29:48,13.28,0.01,18,23904,买盘
523,14:29:42,13.27,-0.02,47,62369,卖盘
524,14:29:39,13.29,--,18,23922,买盘
525,14:29:36,13.29,0.02,54,71766,买盘
526,14:29:33,13.27,-0.02,22,29194,卖盘
527,14:29:30,13.29,--,42,55818,买盘
528,14:29:27,13.29,0.01,14,18606,买盘
529,14:29:24,13.28,--,10,13280,卖盘
530,14:29:21,13.28,--,1,1328,卖盘
531,14:29:18,13.28,0.01,215,285520,买盘
532,14:29:12,13.27,0.01,20,26540,中性盘
533,14:29:09,13.26,-0.01,75,99450,卖盘
534,14:29:06,13.27,0.01,30,39810,买盘
535,14:29:03,13.26,-0.01,300,397800,卖盘
536,14:29:00,13.27,-0.01,41,54407,卖盘
537,14:28:57,13.28,0.02,401,532528,买盘
538,14:28:54,13.26,-0.01,161,213486,卖盘
539,14:28:51,13.27,--,100,132700,买盘
540,14:28:48,13.27,-0.01,358,475066,卖盘
541,14:28:45,13.28,0.01,65,86320,买盘
542,14:28:42,13.27,-0.01,24,31848,卖盘
543,14:28:39,13.28,0.01,21,27888,买盘
544,14:28:36,13.27,--,3,3981,卖盘
545,14:28:33,13.27,-0.01,2,2654,卖盘
546,14:28:30,13.28,0.01,37,49136,买盘
547,14:28:27,13.27,--,108,143316,买盘
548,14:28:24,13.27,--,210,278670,买盘
549,14:28:21,13.27,--,206,273362,买盘
550,14:28:18,13.27,--,10,13270,买盘
551,14:28:15,13.27,-0.01,251,333077,卖盘
552,14:28:12,13.28,--,32,42496,买盘
553,14:28:09,13.28,0.01,663,880464,买盘
554,14:28:06,13.27,--,29,38483,卖盘
555,14:28:03,13.27,--,1,1327,卖盘
556,14:28:00,13.27,--,252,334404,买盘
557,14:27:57,13.27,0.01,101,134027,买盘
558,14:27:54,13.26,-0.01,40,53040,卖盘
559,14:27:51,13.27,0.01,39,51753,买盘
560,14:27:48,13.26,--,87,115362,卖盘
561,14:27:45,13.26,-0.01,103,136578,卖盘
562,14:27:42,13.27,--,303,402081,买盘
563,14:27:39,13.27,--,11,14597,买盘
564,14:27:36,13.27,0.02,34,45118,买盘
565,14:27:33,13.25,-0.02,71,94075,卖盘
566,14:27:30,13.27,0.01,16,21232,买盘
567,14:27:27,13.26,--,78,103428,卖盘
568,14:27:24,13.26,-0.01,8,10608,卖盘
569,14:27:21,13.27,--,18,23886,买盘
570,14:27:18,13.27,0.02,46,61042,买盘
571,14:27:15,13.25,-0.02,1523,2017975,卖盘
572,14:27:12,13.27,0.01,243,322461,买盘
573,14:27:09,13.26,--,44,58344,卖盘
574,14:27:06,13.26,--,8,10608,卖盘
575,14:27:03,13.26,--,61,80886,卖盘
576,14:27:00,13.26,0.01,194,258503,买盘
577,14:26:57,13.25,-0.01,57,75525,卖盘
578,14:26:54,13.26,--,152,201552,买盘
579,14:26:51,13.26,0.01,31,41106,买盘
580,14:26:48,13.25,-0.01,162,214650,卖盘
581,14:26:45,13.26,--,11,14586,买盘
582,14:26:42,13.26,0.01,30,39780,买盘
583,14:26:39,13.25,--,212,280900,卖盘
584,14:26:36,13.25,-0.01,76,100700,卖盘
585,14:26:33,13.26,0.01,185,245310,买盘
586,14:26:30,13.25,-0.01,331,438575,卖盘
587,14:26:27,13.26,--,28,37128,买盘
588,14:26:24,13.26,0.01,21,27846,买盘
589,14:26:21,13.25,--,3,3975,卖盘
590,14:26:18,13.25,--,2,2650,卖盘
591,14:26:15,13.25,--,430,569750,卖盘
592,14:26:12,13.25,--,21,27825,卖盘
593,14:26:09,13.25,0.01,136,180200,买盘
594,14:26:06,13.24,-0.01,60,79440,卖盘
595,14:26:03,13.25,--,139,184175,买盘
596,14:26:00,13.25,--,158,209350,卖盘
597,14:25:57,13.25,--,138,182850,买盘
598,14:25:54,13.25,--,261,345825,买盘
599,14:25:51,13.25,--,80,106000,买盘
600,14:25:48,13.25,--,213,282225,买盘
601,14:25:45,13.25,--,509,674425,卖盘
602,14:25:42,13.25,--,28,37100,卖盘
603,14:25:39,13.25,--,50,66250,卖盘
604,14:25:33,13.25,--,29,38425,卖盘
605,14:25:30,13.25,-0.01,46,60950,中性盘
606,14:25:27,13.26,0.02,190,251940,买盘
607,14:25:24,13.24,--,57,75468,买盘
608,14:25:21,13.24,--,34,45016,卖盘
609,14:25:18,13.24,-0.01,67,88708,卖盘
610,14:25:15,13.25,0.01,909,1204425,买盘
611,14:25:12,13.24,--,44,58256,卖盘
612,14:25:09,13.24,-0.01,35,46340,卖盘
613,14:25:06,13.25,--,197,261025,买盘
614,14:25:03,13.25,0.01,407,539275,买盘
615,14:25:00,13.24,-0.01,5,6620,卖盘
616,14:24:57,13.25,0.01,14,18550,买盘
617,14:24:54,13.24,-0.01,35,46340,卖盘
618,14:24:51,13.25,0.01,17,22525,买盘
619,14:24:48,13.24,--,27,35748,卖盘
620,14:24:45,13.24,--,4,5296,卖盘
621,14:24:42,13.24,--,322,426328,买盘
622,14:24:39,13.24,0.01,20,26480,买盘
623,14:24:36,13.23,--,43,56889,卖盘
624,14:24:33,13.23,-0.01,53,70119,卖盘
625,14:24:30,13.24,0.01,175,231700,买盘
626,14:24:27,13.23,-0.01,33,43659,卖盘
627,14:24:24,13.24,0.02,4,5296,买盘
628,14:24:21,13.22,-0.01,369,487818,卖盘
629,14:24:18,13.23,0.01,525,694575,买盘
630,14:24:15,13.22,-0.01,102,134844,卖盘
631,14:24:12,13.23,0.01,46,60858,买盘
632,14:24:09,13.22,--,42,55524,卖盘
633,14:24:06,13.22,--,34,44948,卖盘
634,14:24:03,13.22,--,19,25118,卖盘
635,14:24:00,13.22,-0.01,57,75354,卖盘
636,14:23:57,13.23,-0.02,12,15876,买盘
637,14:23:54,13.25,--,39,51675,买盘
638,14:23:51,13.25,--,401,531325,买盘
639,14:23:48,13.25,--,297,393525,卖盘
640,14:23:45,13.25,-0.01,591,783075,卖盘
641,14:23:42,13.26,--,334,442884,买盘
642,14:23:39,13.26,--,140,185706,卖盘
643,14:23:36,13.26,--,414,548964,卖盘
644,14:23:33,13.26,-0.02,571,757146,卖盘
645,14:23:30,13.28,0.01,78,103584,买盘
646,14:23:27,13.27,-0.01,2,2654,中性盘
647,14:23:24,13.28,-0.01,510,677280,买盘
648,14:23:21,13.29,0.01,236,313644,买盘
649,14:23:18,13.28,--,179,237712,卖盘
650,14:23:15,13.28,--,181,240368,卖盘
651,14:23:12,13.28,--,33,43824,卖盘
652,14:23:09,13.28,--,514,682592,卖盘
653,14:23:06,13.28,-0.01,241,320048,卖盘
654,14:23:03,13.29,0.01,32,42528,卖盘
655,14:23:00,13.28,-0.01,40,53120,卖盘
656,14:22:57,13.29,--,63,84630,买盘
657,14:22:54,13.29,--,27,35883,买盘
658,14:22:51,13.29,0.01,165,219285,买盘
659,14:22:48,13.28,-0.01,1,1328,卖盘
660,14:22:45,13.29,-0.01,1010,1342715,卖盘
661,14:22:42,13.3,0.01,5,6650,买盘
662,14:22:39,13.29,-0.01,2,2658,卖盘
663,14:22:36,13.3,--,85,113050,卖盘
664,14:22:33,13.3,--,99,131670,卖盘
665,14:22:30,13.3,--,350,465500,卖盘
666,14:22:27,13.3,--,156,207480,卖盘
667,14:22:24,13.3,-0.01,5,6650,卖盘
668,14:22:21,13.31,--,8,10648,买盘
669,14:22:18,13.31,0.01,78,103818,买盘
670,14:22:15,13.3,--,77,102410,卖盘
671,14:22:12,13.3,--,30,39900,卖盘
672,14:22:09,13.3,--,117,155610,卖盘
673,14:22:06,13.3,--,12,15960,卖盘
674,14:22:03,13.3,--,51,67830,卖盘
675,14:22:00,13.3,--,43,57190,卖盘
676,14:21:57,13.3,-0.01,16,21280,卖盘
677,14:21:54,13.31,--,52,69212,买盘
678,14:21:51,13.31,--,143,190333,买盘
679,14:21:48,13.31,--,7,9317,买盘
680,14:21:45,13.31,--,10,13310,买盘
681,14:21:42,13.31,--,1,1331,买盘
682,14:21:39,13.31,--,9,11979,买盘
683,14:21:36,13.31,--,126,167706,买盘
684,14:21:33,13.31,0.01,2,2662,买盘
685,14:21:30,13.3,-0.01,100,133000,卖盘
686,14:21:27,13.31,0.01,81,107811,买盘
687,14:21:24,13.3,-0.01,196,260680,卖盘
688,14:21:21,13.31,0.01,74,98494,买盘
689,14:21:18,13.3,--,81,107730,卖盘
690,14:21:12,13.3,0.01,475,631750,买盘
691,14:21:09,13.29,--,101,134229,卖盘
692,14:21:06,13.29,--,16,22167,卖盘
693,14:21:03,13.29,--,55,73095,卖盘
694,14:21:00,13.29,-0.01,8,10632,卖盘
695,14:20:57,13.3,0.01,6,7980,买盘
696,14:20:51,13.29,--,21,27909,卖盘
697,14:20:48,13.29,--,68,90372,卖盘
698,14:20:45,13.29,--,37,49173,卖盘
699,14:20:42,13.29,--,70,93030,买盘
700,14:20:39,13.29,--,50,66450,卖盘
701,14:20:36,13.29,0.01,261,346869,买盘
702,14:20:33,13.28,-0.02,85,112880,卖盘
703,14:20:30,13.3,--,6,7980,买盘
704,14:20:27,13.3,0.01,97,129010,买盘
705,14:20:24,13.29,--,449,596721,卖盘
706,14:20:21,13.29,--,21,27909,卖盘
707,14:20:18,13.29,--,175,232574,卖盘
708,14:20:15,13.29,-0.01,121,160809,卖盘
709,14:20:12,13.3,-0.01,102,135660,中性盘
710,14:20:09,13.31,0.02,49,65219,买盘
711,14:20:06,13.29,-0.01,57,75753,卖盘
712,14:20:03,13.3,0.01,217,288610,买盘
713,14:20:00,13.29,-0.01,2,2658,卖盘
714,14:19:57,13.3,--,2,2660,买盘
715,14:19:54,13.3,-0.01,398,529340,卖盘
716,14:19:48,13.31,0.01,1,1331,买盘
717,14:19:45,13.3,-0.01,108,143640,卖盘
718,14:19:42,13.31,--,28,37268,买盘
719,14:19:39,13.31,0.01,28,37268,买盘
720,14:19:36,13.3,--,33,43890,卖盘
721,14:19:33,13.3,--,30,39900,卖盘
722,14:19:30,13.3,--,35,46550,卖盘
723,14:19:27,13.3,--,74,98420,卖盘
724,14:19:24,13.3,--,33,43890,卖盘
725,14:19:21,13.3,--,50,66500,卖盘
726,14:19:18,13.3,-0.01,54,71820,卖盘
727,14:19:15,13.31,0.01,145,192995,买盘
728,14:19:12,13.3,--,70,93100,买盘
729,14:19:09,13.3,0.01,124,164920,买盘
730,14:19:06,13.29,-0.01,27,35883,卖盘
731,14:19:03,13.3,0.01,21,27930,买盘
732,14:19:00,13.29,-0.01,4,5316,卖盘
733,14:18:57,13.3,--,41,54530,买盘
734,14:18:54,13.3,0.01,35,46550,买盘
735,14:18:51,13.29,--,56,74424,买盘
736,14:18:48,13.29,--,233,309657,卖盘
737,14:18:45,13.29,-0.01,210,279090,卖盘
738,14:18:42,13.3,0.01,86,114380,买盘
739,14:18:39,13.29,--,13,17277,卖盘
740,14:18:36,13.29,--,17,22593,卖盘
741,14:18:30,13.29,--,138,183402,买盘
742,14:18:27,13.29,0.01,23,30566,买盘
743,14:18:24,13.28,-0.01,53,70384,卖盘
744,14:18:21,13.29,0.01,15,19935,买盘
745,14:18:18,13.28,-0.01,496,658688,卖盘
746,14:18:15,13.29,--,183,243206,卖盘
747,14:18:12,13.29,--,71,94359,卖盘
748,14:18:09,13.29,--,24,31895,卖盘
749,14:18:06,13.29,-0.01,10,13290,卖盘
750,14:18:03,13.3,0.01,31,41230,买盘
751,14:18:00,13.29,--,42,55818,卖盘
752,14:17:57,13.29,--,39,51831,卖盘
753,14:17:54,13.29,--,22,29237,卖盘
754,14:17:51,13.29,--,5,6645,卖盘
755,14:17:48,13.29,--,45,59804,卖盘
756,14:17:45,13.29,--,18,23922,卖盘
757,14:17:42,13.29,0.01,74,98346,买盘
758,14:17:39,13.28,-0.02,121,160688,卖盘
759,14:17:36,13.3,0.01,60,79800,买盘
760,14:17:33,13.29,--,68,90372,买盘
761,14:17:30,13.29,--,62,82398,买盘
762,14:17:27,13.29,0.01,36,47844,买盘
763,14:17:24,13.28,--,1,1328,卖盘
764,14:17:21,13.28,-0.01,69,91632,卖盘
765,14:17:18,13.29,0.01,210,279448,买盘
766,14:17:15,13.28,--,14,18592,买盘
767,14:17:12,13.28,-0.02,3102,4119456,卖盘
768,14:17:09,13.3,--,9,11970,卖盘
769,14:17:06,13.3,--,54,71820,买盘
770,14:17:03,13.3,--,64,85120,买盘
771,14:17:00,13.3,--,56,74480,买盘
772,14:16:57,13.3,--,10,13300,买盘
773,14:16:54,13.3,--,29,38570,买盘
774,14:16:51,13.3,-0.01,999,1328670,卖盘
775,14:16:48,13.31,--,100,133100,买盘
776,14:16:45,13.31,--,42,55902,买盘
777,14:16:42,13.31,0.01,219,291489,买盘
778,14:16:39,13.3,--,11,14630,卖盘
779,14:16:36,13.3,-0.01,30,39900,卖盘
780,14:16:33,13.31,0.01,11,14641,买盘
781,14:16:30,13.3,-0.01,79,105070,卖盘
782,14:16:27,13.31,0.01,3,3993,买盘
783,14:16:24,13.3,--,23,30590,卖盘
784,14:16:21,13.3,--,49,65170,卖盘
785,14:16:18,13.3,-0.01,32,42560,卖盘
786,14:16:15,13.31,--,34,45254,买盘
787,14:16:12,13.31,--,159,211629,买盘
788,14:16:09,13.31,0.02,246,327426,买盘
789,14:16:06,13.29,-0.01,390,518309,卖盘
790,14:16:03,13.3,--,175,232750,买盘
791,14:16:00,13.3,-0.02,70,93100,卖盘
792,14:15:57,13.32,--,22,29304,买盘
793,14:15:54,13.32,0.01,13,17316,买盘
794,14:15:51,13.31,0.01,136,181016,中性盘
795,14:15:48,13.3,--,70,93100,卖盘
796,14:15:45,13.3,-0.01,100,133000,卖盘
797,14:15:42,13.31,--,87,115797,买盘
798,14:15:36,13.31,0.01,42,55902,买盘
799,14:15:33,13.3,0.02,172,228760,买盘
800,14:15:30,13.28,--,136,180608,买盘
801,14:15:27,13.28,0.01,603,800784,买盘
802,14:15:24,13.27,--,340,451180,卖盘
803,14:15:21,13.27,--,101,134027,卖盘
804,14:15:18,13.27,--,62,82274,买盘
805,14:15:15,13.27,--,347,460469,买盘
806,14:15:12,13.27,0.01,59,78293,买盘
807,14:15:09,13.26,--,102,135252,卖盘
808,14:15:06,13.26,-0.01,281,372606,卖盘
809,14:15:03,13.27,-0.01,146,193742,卖盘
810,14:15:00,13.28,0.01,177,235056,买盘
811,14:14:57,13.27,-0.01,185,245495,卖盘
812,14:14:54,13.28,--,87,115536,买盘
813,14:14:51,13.28,-0.03,1142,1516576,卖盘
814,14:14:48,13.31,-0.01,187,248897,卖盘
815,14:14:45,13.32,--,13,17316,买盘
816,14:14:42,13.32,-0.03,97,129204,卖盘
817,14:14:36,13.35,0.05,24,32040,买盘
818,14:14:33,13.3,-0.05,3564,4740120,卖盘
819,14:14:30,13.35,--,36,48060,卖盘
820,14:14:27,13.35,--,10,13350,卖盘
821,14:14:24,13.35,--,42,56070,卖盘
822,14:14:21,13.35,0.01,57,76095,买盘
823,14:14:15,13.34,-0.02,155,206770,卖盘
824,14:14:12,13.36,0.01,17,22712,买盘
825,14:14:09,13.35,--,58,77430,卖盘
826,14:14:06,13.35,--,82,109470,卖盘
827,14:14:03,13.35,0.01,2,2670,卖盘
828,14:14:00,13.34,-0.01,57,76038,卖盘
829,14:13:57,13.35,-0.01,97,129495,卖盘
830,14:13:54,13.36,0.01,248,331328,买盘
831,14:13:51,13.35,-0.01,20,26700,卖盘
832,14:13:48,13.36,--,24,32064,买盘
833,14:13:45,13.36,--,157,209752,买盘
834,14:13:42,13.36,-0.02,133,178609,卖盘
835,14:13:39,13.38,--,4,5352,卖盘
836,14:13:36,13.38,0.02,32,42816,买盘
837,14:13:33,13.36,-0.01,114,152304,卖盘
838,14:13:30,13.37,--,2,2674,买盘
839,14:13:27,13.37,--,19,25403,卖盘
840,14:13:24,13.37,--,7,9359,卖盘
841,14:13:21,13.37,--,43,57491,卖盘
842,14:13:18,13.37,--,12,16043,卖盘
843,14:13:15,13.37,0.01,189,252692,买盘
844,14:13:12,13.36,-0.01,21,28056,卖盘
845,14:13:09,13.37,0.01,3,4010,买盘
846,14:13:06,13.36,-0.01,111,148296,卖盘
847,14:13:03,13.37,--,93,124341,买盘
848,14:13:00,13.37,--,1215,1624561,卖盘
849,14:12:57,13.37,-0.01,12,16043,卖盘
850,14:12:51,13.38,0.01,113,151194,买盘
851,14:12:45,13.37,--,70,93590,卖盘
852,14:12:39,13.37,--,60,80220,卖盘
853,14:12:36,13.37,--,19,25403,卖盘
854,14:12:30,13.37,--,86,114982,买盘
855,14:12:27,13.37,0.01,35,46795,买盘
856,14:12:24,13.36,--,101,134936,卖盘
857,14:12:21,13.36,--,15,20040,卖盘
858,14:12:18,13.36,-0.02,69,92184,卖盘
859,14:12:15,13.38,0.01,31,41478,买盘
860,14:12:12,13.37,--,70,93590,卖盘
861,14:12:09,13.37,-0.01,4,5348,卖盘
862,14:12:06,13.38,0.01,53,70914,买盘
863,14:12:03,13.37,--,48,64175,卖盘
864,14:12:00,13.37,--,15,20055,卖盘
865,14:11:57,13.37,--,17,22729,卖盘
866,14:11:54,13.37,-0.01,196,262051,卖盘
867,14:11:51,13.38,0.01,11,14718,买盘
868,14:11:48,13.37,--,161,215257,卖盘
869,14:11:45,13.37,--,25,33425,卖盘
870,14:11:42,13.37,--,23,30751,卖盘
871,14:11:39,13.37,--,141,188517,卖盘
872,14:11:36,13.37,-0.01,16,21392,卖盘
873,14:11:33,13.38,--,38,50844,买盘
874,14:11:30,13.38,0.01,12,16056,买盘
875,14:11:27,13.37,0.01,308,411796,卖盘
876,14:11:24,13.36,-0.02,182,243152,卖盘
877,14:11:21,13.38,--,2,2676,买盘
878,14:11:18,13.38,--,125,167250,买盘
879,14:11:15,13.38,0.02,4,5352,买盘
880,14:11:12,13.36,-0.04,2267,3029259,卖盘
881,14:11:09,13.4,0.02,234,313560,买盘
882,14:11:06,13.38,-0.02,1035,1384830,卖盘
883,14:11:03,13.4,0.01,17,22780,买盘
884,14:11:00,13.39,-0.01,177,237003,卖盘
885,14:10:57,13.4,--,26,34840,买盘
886,14:10:54,13.4,--,1,1340,买盘
887,14:10:45,13.4,--,105,141504,卖盘
888,14:10:42,13.4,-0.01,109,146060,卖盘
889,14:10:39,13.41,--,378,506898,买盘
890,14:10:36,13.41,--,124,166284,买盘
891,14:10:33,13.41,--,301,403641,买盘
892,14:10:30,13.41,0.01,103,138123,买盘
893,14:10:27,13.4,--,29,38860,卖盘
894,14:10:24,13.4,--,4,5360,卖盘
895,14:10:21,13.4,-0.01,10,13400,卖盘
896,14:10:18,13.41,--,126,168966,买盘
897,14:10:15,13.41,0.01,857,1149237,买盘
898,14:10:12,13.4,--,25,33500,卖盘
899,14:10:09,13.4,--,47,63516,卖盘
900,14:10:06,13.4,--,36,48240,卖盘
901,14:10:03,13.4,-0.01,7,9380,卖盘
902,14:10:00,13.41,--,20,26820,买盘
903,14:09:57,13.41,0.01,26,34866,买盘
904,14:09:54,13.4,--,5,6700,卖盘
905,14:09:51,13.4,-0.01,25,33500,卖盘
906,14:09:48,13.41,0.01,22,29502,买盘
907,14:09:45,13.4,--,60,80400,卖盘
908,14:09:42,13.4,--,26,34840,卖盘
909,14:09:36,13.4,--,135,180900,卖盘
910,14:09:33,13.4,-0.01,1,1340,卖盘
911,14:09:30,13.41,--,101,135441,卖盘
912,14:09:27,13.41,--,87,116667,卖盘
913,14:09:24,13.41,-0.01,1,1341,卖盘
914,14:09:21,13.42,--,60,80520,买盘
915,14:09:18,13.42,0.01,200,268400,买盘
916,14:09:15,13.41,--,17,22797,买盘
917,14:09:12,13.41,--,48,64368,买盘
918,14:09:09,13.41,0.01,4,5364,买盘
919,14:09:06,13.4,-0.01,177,237180,卖盘
920,14:09:03,13.41,--,1,1341,卖盘
921,14:09:00,13.41,-0.01,13,17433,卖盘
922,14:08:57,13.42,--,34,45628,买盘
923,14:08:51,13.42,--,11,14762,买盘
924,14:08:48,13.42,0.01,120,161040,买盘
925,14:08:45,13.41,--,191,256131,卖盘
926,14:08:39,13.41,--,234,313794,卖盘
927,14:08:36,13.41,--,35,46935,卖盘
928,14:08:30,13.41,-0.01,1,1341,卖盘
929,14:08:27,13.42,0.01,119,159698,买盘
930,14:08:24,13.41,-0.01,24,32184,卖盘
931,14:08:21,13.42,0.01,365,489830,买盘
932,14:08:15,13.41,--,19,25479,卖盘
933,14:08:12,13.41,-0.02,96,128736,卖盘
934,14:08:09,13.43,0.01,104,139672,买盘
935,14:08:06,13.42,--,54,72468,卖盘
936,14:08:03,13.42,--,7,9394,卖盘
937,14:08:00,13.42,--,15,20130,卖盘
938,14:07:57,13.42,0.01,89,119438,买盘
939,14:07:54,13.41,-0.01,52,69732,卖盘
940,14:07:51,13.42,0.01,14,18788,买盘
941,14:07:48,13.41,-0.01,11,14751,卖盘
942,14:07:45,13.42,--,207,277794,买盘
943,14:07:42,13.42,--,1,1342,买盘
944,14:07:39,13.42,0.01,24,32208,买盘
945,14:07:36,13.41,-0.01,1,1341,卖盘
946,14:07:33,13.42,0.01,8,10736,买盘
947,14:07:30,13.41,-0.01,51,68391,卖盘
948,14:07:27,13.42,--,1,1342,买盘
949,14:07:24,13.42,--,37,49654,买盘
950,14:07:21,13.42,--,3,4026,买盘
951,14:07:18,13.42,-0.01,1,1342,中性盘
952,14:07:15,13.43,0.02,208,279344,买盘
953,14:07:12,13.41,-0.01,27,36207,卖盘
954,14:07:09,13.42,--,7,9394,卖盘
955,14:07:06,13.42,--,2,2684,卖盘
956,14:07:03,13.42,--,220,295240,卖盘
957,14:07:00,13.42,-0.01,3,4026,卖盘
958,14:06:57,13.43,0.01,188,252484,买盘
959,14:06:54,13.42,--,77,103334,买盘
960,14:06:51,13.42,--,2,2684,买盘
961,14:06:48,13.42,--,22,29524,买盘
962,14:06:45,13.42,--,70,93940,买盘
963,14:06:42,13.42,--,22,29524,卖盘
964,14:06:39,13.42,--,123,165066,卖盘
965,14:06:36,13.42,-0.01,141,189222,卖盘
966,14:06:33,13.43,0.01,358,480794,买盘
967,14:06:30,13.42,--,99,132858,卖盘
968,14:06:27,13.42,--,18,24156,卖盘
969,14:06:24,13.42,-0.01,43,57706,卖盘
970,14:06:21,13.43,--,23,30889,买盘
971,14:06:18,13.43,0.01,1,1343,买盘
972,14:06:15,13.42,-0.01,275,369050,卖盘
973,14:06:12,13.43,--,316,424388,买盘
974,14:06:09,13.43,0.01,31,41633,买盘
975,14:06:06,13.42,--,1,1342,卖盘
976,14:06:03,13.42,--,12,16104,卖盘
977,14:06:00,13.42,--,30,40260,卖盘
978,14:05:57,13.42,0.01,702,942084,买盘
979,14:05:54,13.41,--,171,229311,买盘
980,14:05:51,13.41,--,43,57663,卖盘
981,14:05:48,13.41,--,143,191763,卖盘
982,14:05:42,13.41,--,43,57663,卖盘
983,14:05:39,13.41,--,41,54981,卖盘
984,14:05:36,13.41,--,29,38889,买盘
985,14:05:33,13.41,--,15,20115,买盘
986,14:05:30,13.41,0.01,74,99234,中性盘
987,14:05:27,13.4,-0.02,15,20100,卖盘
988,14:05:24,13.42,0.01,20,26840,买盘
989,14:05:21,13.41,-0.01,10,13410,卖盘
990,14:05:18,13.42,0.01,1,1342,买盘
991,14:05:15,13.41,0.02,22,29502,买盘
992,14:05:12,13.39,-0.02,1323,1771497,卖盘
993,14:05:09,13.41,0.01,7,9387,买盘
994,14:05:06,13.4,-0.01,12,16080,卖盘
995,14:05:03,13.41,-0.01,106,142146,卖盘
996,14:05:00,13.42,0.01,422,566324,买盘
997,14:04:57,13.41,--,3,4023,卖盘
998,14:04:51,13.41,-0.01,2,2682,卖盘
999,14:04:48,13.42,--,34,45628,买盘
1000,14:04:45,13.42,--,5,6710,买盘
1001,14:04:42,13.42,--,3,4026,买盘
1002,14:04:39,13.42,--,38,50996,买盘
1003,14:04:36,13.42,--,9,12078,买盘
1004,14:04:33,13.42,0.01,24,32208,买盘
1005,14:04:30,13.41,-0.01,114,152874,卖盘
1006,14:04:27,13.42,0.01,27,36234,买盘
1007,14:04:24,13.41,--,1,1341,卖盘
1008,14:04:21,13.41,--,44,59004,卖盘
1009,14:04:18,13.41,0.01,37,49617,买盘
1010,14:04:15,13.4,--,22,29480,卖盘
1011,14:04:12,13.4,--,1,1340,卖盘
1012,14:04:09,13.4,--,20,26800,卖盘
1013,14:04:06,13.4,-0.01,2,2680,卖盘
1014,14:04:03,13.41,0.01,10,13410,中性盘
1015,14:03:57,13.4,-0.01,50,67000,卖盘
1016,14:03:54,13.41,--,118,158238,卖盘
1017,14:03:51,13.41,-0.01,1,1341,卖盘
1018,14:03:48,13.42,0.01,9,12078,买盘
1019,14:03:45,13.41,--,3,4023,卖盘
1020,14:03:42,13.41,--,5,6705,买盘
1021,14:03:39,13.41,0.01,28,37548,买盘
1022,14:03:36,13.4,-0.01,32,42880,卖盘
1023,14:03:30,13.41,--,23,30843,买盘
1024,14:03:27,13.41,0.01,5,6705,买盘
1025,14:03:24,13.4,--,77,103180,卖盘
1026,14:03:21,13.4,-0.01,41,54940,卖盘
1027,14:03:18,13.41,0.01,34,45594,买盘
1028,14:03:15,13.4,-0.01,21,28140,卖盘
1029,14:03:12,13.41,0.01,248,332568,买盘
1030,14:03:09,13.4,--,66,88440,卖盘
1031,14:03:03,13.4,-0.01,20,26800,卖盘
1032,14:03:00,13.41,0.01,67,89847,买盘
1033,14:02:57,13.4,--,33,44220,卖盘
1034,14:02:54,13.4,--,10,13400,卖盘
1035,14:02:51,13.4,--,63,84420,卖盘
1036,14:02:48,13.4,-0.01,33,44220,卖盘
1037,14:02:45,13.41,0.01,2,2682,买盘
1038,14:02:39,13.4,--,230,308200,卖盘
1039,14:02:36,13.4,--,130,174200,卖盘
1040,14:02:33,13.4,--,30,40200,卖盘
1041,14:02:30,13.4,-0.01,39,52260,卖盘
1042,14:02:27,13.41,0.01,44,59004,买盘
1043,14:02:24,13.4,--,1,1340,卖盘
1044,14:02:21,13.4,-0.01,296,396640,卖盘
1045,14:02:18,13.41,0.01,25,33525,买盘
1046,14:02:15,13.4,-0.01,13,17420,卖盘
1047,14:02:09,13.41,--,5,6705,买盘
1048,14:02:06,13.41,0.01,53,71073,买盘
1049,14:02:03,13.4,--,3,4020,卖盘
1050,14:02:00,13.4,-0.01,69,92460,卖盘
1051,14:01:57,13.41,0.01,72,96552,买盘
1052,14:01:54,13.4,-0.01,21,28140,卖盘
1053,14:01:51,13.41,0.01,1,1341,买盘
1054,14:01:48,13.4,--,63,84420,卖盘
1055,14:01:45,13.4,--,44,58960,卖盘
1056,14:01:42,13.4,-0.01,32,42880,卖盘
1057,14:01:39,13.41,--,337,451917,买盘
1058,14:01:36,13.41,--,54,72414,买盘
1059,14:01:33,13.41,0.01,14,18774,买盘
1060,14:01:27,13.4,-0.02,223,298820,卖盘
1061,14:01:24,13.42,0.01,22,29524,买盘
1062,14:01:21,13.41,--,8,10728,卖盘
1063,14:01:18,13.41,--,206,276246,买盘
1064,14:01:15,13.41,0.01,35,46935,买盘
1065,14:01:09,13.4,-0.01,7,9380,卖盘
1066,14:01:03,13.41,--,28,37548,买盘
1067,14:01:00,13.41,-0.01,86,115326,卖盘
1068,14:00:54,13.42,0.01,1,1342,买盘
1069,14:00:51,13.41,-0.01,5,6705,卖盘
1070,14:00:48,13.42,--,5,6710,买盘
1071,14:00:45,13.42,--,14,18788,买盘
1072,14:00:42,13.42,--,96,128832,买盘
1073,14:00:39,13.42,0.01,17,22814,买盘
1074,14:00:36,13.41,-0.01,40,53640,卖盘
1075,14:00:33,13.42,0.01,20,26840,买盘
1076,14:00:30,13.41,--,15,20115,买盘
1077,14:00:27,13.41,--,73,97893,卖盘
1078,14:00:24,13.41,-0.01,1,1341,卖盘
1079,14:00:21,13.42,--,78,104676,买盘
1080,14:00:18,13.42,--,398,534116,卖盘
1081,14:00:15,13.42,--,90,120780,卖盘
1082,14:00:12,13.42,--,57,76494,卖盘
1083,14:00:09,13.42,-0.01,2,2684,卖盘
1084,14:00:06,13.43,--,116,155788,买盘
1085,14:00:03,13.43,0.01,32,42976,买盘
1086,14:00:00,13.42,--,2,2684,卖盘
1087,13:59:57,13.42,-0.01,38,50996,卖盘
1088,13:59:54,13.43,--,3,4029,买盘
1089,13:59:51,13.43,0.01,142,190706,买盘
1090,13:59:48,13.42,-0.01,10,13420,卖盘
1091,13:59:45,13.43,--,9,12087,买盘
1092,13:59:42,13.43,0.01,54,72522,买盘
1093,13:59:39,13.42,--,99,132858,卖盘
1094,13:59:36,13.42,--,65,87230,卖盘
1095,13:59:30,13.42,-0.01,64,85888,卖盘
1096,13:59:27,13.43,--,161,216223,买盘
1097,13:59:24,13.43,0.01,48,64464,买盘
1098,13:59:21,13.42,-0.01,87,116754,卖盘
1099,13:59:18,13.43,--,25,33575,买盘
1100,13:59:15,13.43,0.01,60,80580,买盘
1101,13:59:12,13.42,--,136,182512,卖盘
1102,13:59:09,13.42,--,2,2684,卖盘
1103,13:59:06,13.42,-0.01,21,28182,卖盘
1104,13:59:03,13.43,0.01,59,79237,买盘
1105,13:59:00,13.42,-0.01,89,119438,卖盘
1106,13:58:57,13.43,0.01,47,63121,买盘
1107,13:58:54,13.42,-0.01,65,87230,卖盘
1108,13:58:51,13.43,--,18,24174,买盘
1109,13:58:48,13.43,--,2,2686,买盘
1110,13:58:45,13.43,--,97,130271,买盘
1111,13:58:42,13.43,--,116,155788,买盘
1112,13:58:39,13.43,0.01,8,10744,买盘
1113,13:58:36,13.42,-0.01,105,140910,卖盘
1114,13:58:33,13.43,-0.01,106,142358,卖盘
1115,13:58:30,13.44,0.01,489,657216,买盘
1116,13:58:27,13.43,-0.01,2,2686,买盘
1117,13:58:24,13.44,0.01,29,38976,买盘
1118,13:58:21,13.43,-0.01,336,451248,卖盘
1119,13:58:18,13.44,0.01,290,389760,买盘
1120,13:58:15,13.43,--,158,212194,买盘
1121,13:58:12,13.43,--,104,139672,买盘
1122,13:58:09,13.43,--,121,162503,卖盘
1123,13:58:06,13.43,--,10,13430,买盘
1124,13:58:03,13.43,--,136,182648,买盘
1125,13:58:00,13.43,0.01,41,55063,买盘
1126,13:57:57,13.42,-0.01,18,24156,卖盘
1127,13:57:54,13.43,--,32,42976,买盘
1128,13:57:51,13.43,--,89,119527,买盘
1129,13:57:48,13.43,0.02,96,128928,买盘
1130,13:57:45,13.41,--,172,230652,卖盘
1131,13:57:42,13.41,--,766,1027206,卖盘
1132,13:57:39,13.41,--,199,266859,卖盘
1133,13:57:36,13.41,--,666,893106,卖盘
1134,13:57:33,13.41,--,59,79119,卖盘
1135,13:57:30,13.41,--,145,194445,买盘
1136,13:57:27,13.41,--,128,171648,买盘
1137,13:57:24,13.41,0.01,108,144828,买盘
1138,13:57:21,13.4,-0.01,241,322940,卖盘
1139,13:57:18,13.41,--,19,25479,买盘
1140,13:57:15,13.41,--,1,1341,买盘
1141,13:57:12,13.41,--,29,38889,买盘
1142,13:57:09,13.41,0.01,2,2682,买盘
1143,13:57:06,13.4,--,60,80400,卖盘
1144,13:57:03,13.4,--,65,87100,买盘
1145,13:57:00,13.4,--,11,14740,买盘
1146,13:56:57,13.4,--,8,10720,买盘
1147,13:56:51,13.4,0.01,1600,2144000,买盘
1148,13:56:45,13.39,--,64,85696,卖盘
1149,13:56:42,13.39,-0.01,183,245037,卖盘
1150,13:56:39,13.4,--,66,88440,买盘
1151,13:56:33,13.4,--,406,544040,买盘
1152,13:56:30,13.4,0.01,33,44220,买盘
1153,13:56:27,13.39,--,36,48204,卖盘
1154,13:56:24,13.39,--,26,34814,卖盘
1155,13:56:21,13.39,--,9,13148,卖盘
1156,13:56:18,13.39,--,109,145951,卖盘
1157,13:56:15,13.39,-0.01,50,66950,卖盘
1158,13:56:12,13.4,--,6,8040,买盘
1159,13:56:09,13.4,0.01,29,38860,买盘
1160,13:56:00,13.39,--,3,4017,卖盘
1161,13:55:57,13.39,-0.01,31,41509,卖盘
1162,13:55:54,13.4,0.02,37,49580,买盘
1163,13:55:51,13.38,-0.02,57,76266,卖盘
1164,13:55:48,13.4,0.01,50,67000,买盘
1165,13:55:45,13.39,0.01,26,34814,买盘
1166,13:55:42,13.38,-0.01,55,73590,卖盘
1167,13:55:39,13.39,0.01,101,135239,买盘
1168,13:55:36,13.38,-0.01,37,49506,卖盘
1169,13:55:33,13.39,--,16,21424,买盘
1170,13:55:30,13.39,--,84,112476,买盘
1171,13:55:27,13.39,0.01,70,93730,买盘
1172,13:55:24,13.38,-0.01,1,1338,卖盘
1173,13:55:21,13.39,0.01,2,2678,买盘
1174,13:55:18,13.38,-0.01,1,1338,卖盘
1175,13:55:15,13.39,--,20,26780,买盘
1176,13:55:12,13.39,--,125,167375,买盘
1177,13:55:09,13.39,0.01,2,2678,买盘
1178,13:55:06,13.38,-0.01,71,94998,卖盘
1179,13:55:03,13.39,0.01,10,13390,买盘
1180,13:55:00,13.38,-0.01,40,53520,卖盘
1181,13:54:57,13.39,0.01,374,500786,买盘
1182,13:54:54,13.38,-0.01,15,20070,卖盘
1183,13:54:51,13.39,--,17,22763,买盘
1184,13:54:48,13.39,--,1,1339,买盘
1185,13:54:45,13.39,0.01,205,274495,买盘
1186,13:54:42,13.38,-0.01,4,5352,卖盘
1187,13:54:39,13.39,0.01,83,111137,买盘
1188,13:54:36,13.38,--,16,21408,卖盘
1189,13:54:33,13.38,-0.01,137,183306,卖盘
1190,13:54:30,13.39,0.01,17,22763,买盘
1191,13:54:27,13.38,--,71,94998,卖盘
1192,13:54:24,13.38,--,9,12042,卖盘
1193,13:54:21,13.38,-0.01,67,89646,卖盘
1194,13:54:18,13.39,--,1,1339,买盘
1195,13:54:15,13.39,0.01,47,62933,买盘
1196,13:54:12,13.38,-0.01,14,18732,卖盘
1197,13:54:09,13.39,0.01,4,5356,买盘
1198,13:54:06,13.38,-0.01,16,21408,卖盘
1199,13:54:03,13.39,--,20,26780,买盘
1200,13:54:00,13.39,0.01,109,145951,买盘
1201,13:53:57,13.38,-0.01,2,2676,卖盘
1202,13:53:54,13.39,--,129,172731,买盘
1203,13:53:51,13.39,--,21,28119,买盘
1204,13:53:48,13.39,--,51,68289,买盘
1205,13:53:45,13.39,--,7,9373,买盘
1206,13:53:42,13.39,--,281,376259,买盘
1207,13:53:39,13.39,--,10,13390,买盘
1208,13:53:36,13.39,--,5,6695,买盘
1209,13:53:30,13.39,--,36,48204,买盘
1210,13:53:27,13.39,--,51,68289,买盘
1211,13:53:24,13.39,--,20,26780,买盘
1212,13:53:21,13.39,-0.01,339,453921,卖盘
1213,13:53:18,13.4,0.01,91,121940,买盘
1214,13:53:15,13.39,-0.01,29,38831,卖盘
1215,13:53:12,13.4,0.01,3,4020,买盘
1216,13:53:09,13.39,-0.01,26,34814,卖盘
1217,13:53:06,13.4,0.01,89,119260,买盘
1218,13:53:03,13.39,-0.01,124,166036,卖盘
1219,13:53:00,13.4,0.01,25,33500,买盘
1220,13:52:57,13.39,-0.01,32,42848,卖盘
1221,13:52:54,13.4,--,53,71020,买盘
1222,13:52:51,13.4,0.01,86,115240,买盘
1223,13:52:48,13.39,--,93,124527,卖盘
1224,13:52:45,13.39,--,25,33475,买盘
1225,13:52:42,13.39,--,201,269139,买盘
1226,13:52:39,13.39,--,106,141934,买盘
1227,13:52:36,13.39,--,13,17407,买盘
1228,13:52:33,13.39,--,47,62933,买盘
1229,13:52:30,13.39,0.01,109,145951,买盘
1230,13:52:27,13.38,-0.01,101,135138,卖盘
1231,13:52:24,13.39,--,28,37492,买盘
1232,13:52:21,13.39,0.01,1,1339,买盘
1233,13:52:18,13.38,--,7,9366,卖盘
1234,13:52:15,13.38,-0.01,47,62886,卖盘
1235,13:52:12,13.39,--,74,99086,买盘
1236,13:52:09,13.39,0.01,113,151307,买盘
1237,13:52:03,13.38,0.01,12,16056,中性盘
1238,13:52:00,13.37,--,253,338261,卖盘
1239,13:51:57,13.37,-0.02,18,24066,卖盘
1240,13:51:54,13.39,0.02,1662,2225418,买盘
1241,13:51:51,13.37,-0.01,8,10696,卖盘
1242,13:51:48,13.38,0.01,27,36126,买盘
1243,13:51:45,13.37,-0.01,114,152418,卖盘
1244,13:51:42,13.38,0.01,26,34788,买盘
1245,13:51:39,13.37,-0.01,10,13370,卖盘
1246,13:51:36,13.38,0.01,130,173940,买盘
1247,13:51:33,13.37,-0.01,1,1337,卖盘
1248,13:51:30,13.38,--,25,33450,买盘
1249,13:51:27,13.38,0.01,7,9366,买盘
1250,13:51:24,13.37,-0.01,102,136374,卖盘
1251,13:51:21,13.38,--,8,10704,买盘
1252,13:51:18,13.38,0.01,1,1338,买盘
1253,13:51:15,13.37,-0.01,16,21392,卖盘
1254,13:51:12,13.38,0.01,4,5352,买盘
1255,13:51:09,13.37,--,3,4010,卖盘
1256,13:51:06,13.37,--,160,213920,买盘
1257,13:51:03,13.37,--,61,81557,买盘
1258,13:51:00,13.37,--,7,9359,买盘
1259,13:50:57,13.37,--,13,17381,买盘
1260,13:50:54,13.37,--,8,10696,买盘
1261,13:50:51,13.37,--,79,105623,卖盘
1262,13:50:48,13.37,--,203,271411,卖盘
1263,13:50:45,13.37,--,161,215257,卖盘
1264,13:50:36,13.37,-0.01,6,8021,卖盘
1265,13:50:33,13.38,0.01,5,6690,买盘
1266,13:50:30,13.37,0.01,211,282107,买盘
1267,13:50:27,13.36,-0.01,74,98864,卖盘
1268,13:50:24,13.37,0.01,2,2674,买盘
1269,13:50:21,13.36,-0.01,18,24048,卖盘
1270,13:50:18,13.37,--,14,18718,买盘
1271,13:50:15,13.37,--,84,112308,买盘
1272,13:50:12,13.37,--,86,114982,买盘
1273,13:50:09,13.37,--,15,20055,买盘
1274,13:50:06,13.37,--,97,129688,卖盘
1275,13:50:03,13.37,--,30,40110,卖盘
1276,13:50:00,13.37,--,38,50806,卖盘
1277,13:49:57,13.37,--,12,16043,卖盘
1278,13:49:54,13.37,--,106,141722,卖盘
1279,13:49:51,13.37,-0.01,5,6685,卖盘
1280,13:49:48,13.38,0.01,117,156546,买盘
1281,13:49:45,13.37,-0.01,9,12033,卖盘
1282,13:49:42,13.38,--,104,139152,买盘
1283,13:49:39,13.38,0.01,20,26760,买盘
1284,13:49:36,13.37,-0.01,24,32087,卖盘
1285,13:49:33,13.38,0.01,95,127110,买盘
1286,13:49:30,13.37,-0.01,42,56154,卖盘
1287,13:49:27,13.38,-0.01,3,4014,买盘
1288,13:49:24,13.39,--,24,32136,买盘
1289,13:49:21,13.39,0.01,61,81679,买盘
1290,13:49:18,13.38,--,165,220770,卖盘
1291,13:49:15,13.38,--,776,1039358,买盘
1292,13:49:12,13.38,0.01,16,21408,买盘
1293,13:49:06,13.37,--,134,179158,卖盘
1294,13:49:03,13.37,-0.01,2,2674,卖盘
1295,13:49:00,13.38,-0.01,133,178221,卖盘
1296,13:48:57,13.39,0.01,82,109798,买盘
1297,13:48:54,13.38,-0.01,3,4014,卖盘
1298,13:48:51,13.39,--,25,33475,买盘
1299,13:48:48,13.39,--,137,183443,卖盘
1300,13:48:45,13.39,--,367,492484,买盘
1301,13:48:42,13.39,--,23,30797,买盘
1302,13:48:39,13.39,--,128,171392,买盘
1303,13:48:36,13.39,--,66,88374,买盘
1304,13:48:33,13.39,0.01,32,42848,买盘
1305,13:48:30,13.38,-0.01,135,180630,卖盘
1306,13:48:27,13.39,--,3,4017,买盘
1307,13:48:24,13.39,0.01,2,2678,买盘
1308,13:48:21,13.38,--,60,80280,卖盘
1309,13:48:15,13.38,-0.01,104,139152,卖盘
1310,13:48:12,13.39,-0.01,136,182907,卖盘
1311,13:48:09,13.4,0.01,40,53600,买盘
1312,13:48:06,13.39,-0.01,57,76323,卖盘
1313,13:48:03,13.4,--,100,134000,买盘
1314,13:48:00,13.4,--,223,298820,卖盘
1315,13:47:57,13.4,--,101,135340,卖盘
1316,13:47:54,13.4,--,218,292120,买盘
1317,13:47:51,13.4,--,1,1340,买盘
1318,13:47:48,13.4,0.01,87,116580,买盘
1319,13:47:42,13.39,--,16,21424,卖盘
1320,13:47:36,13.39,--,21,28119,卖盘
1321,13:47:33,13.39,--,3,4017,卖盘
1322,13:47:30,13.39,--,22,29458,卖盘
1323,13:47:27,13.39,--,2,2678,卖盘
1324,13:47:24,13.39,--,41,54899,卖盘
1325,13:47:21,13.39,0.01,467,625848,买盘
1326,13:47:18,13.38,--,4,5352,买盘
1327,13:47:15,13.38,--,10,13380,买盘
1328,13:47:12,13.38,0.01,98,131124,卖盘
1329,13:47:09,13.37,-0.01,406,542822,卖盘
1330,13:47:06,13.38,--,27,36126,买盘
1331,13:47:03,13.38,-0.01,43,57534,买盘
1332,13:47:00,13.39,0.01,33,44187,买盘
1333,13:46:57,13.38,--,8,10704,买盘
1334,13:46:54,13.38,--,27,36126,卖盘
1335,13:46:51,13.38,-0.01,26,34788,卖盘
1336,13:46:48,13.39,0.01,25,33475,买盘
1337,13:46:45,13.38,--,11,14718,买盘
1338,13:46:42,13.38,--,88,117744,中性盘
1339,13:46:39,13.38,--,38,50844,买盘
1340,13:46:36,13.38,-0.01,2,2676,买盘
1341,13:46:33,13.39,--,24,32939,买盘
1342,13:46:30,13.39,0.01,17,22763,买盘
1343,13:46:27,13.38,--,100,133800,卖盘
1344,13:46:24,13.38,-0.01,63,84294,卖盘
1345,13:46:21,13.39,--,126,168714,买盘
1346,13:46:18,13.39,--,4,5356,买盘
1347,13:46:15,13.39,--,1,1339,买盘
1348,13:46:12,13.39,0.01,30,40170,买盘
1349,13:46:06,13.38,--,1,1338,卖盘
1350,13:46:03,13.38,--,22,29971,买盘
1351,13:46:00,13.38,0.01,90,120420,买盘
1352,13:45:57,13.37,-0.01,21,28077,卖盘
1353,13:45:54,13.38,0.01,26,34788,买盘
1354,13:45:51,13.37,-0.01,9,12033,卖盘
1355,13:45:48,13.38,0.01,24,32112,买盘
1356,13:45:45,13.37,--,72,96264,卖盘
1357,13:45:42,13.37,--,81,108297,卖盘
1358,13:45:39,13.37,--,63,84231,卖盘
1359,13:45:36,13.37,--,60,80220,买盘
1360,13:45:33,13.37,0.01,32,42784,买盘
1361,13:45:30,13.36,-0.01,57,76152,卖盘
1362,13:45:27,13.37,0.01,92,123004,买盘
1363,13:45:24,13.36,-0.01,26,34736,卖盘
1364,13:45:18,13.37,--,26,34762,买盘
1365,13:45:15,13.37,0.01,60,80220,买盘
1366,13:45:12,13.36,-0.01,76,101536,卖盘
1367,13:45:09,13.37,--,142,189854,买盘
1368,13:45:06,13.37,--,123,164451,买盘
1369,13:45:03,13.37,--,40,53480,买盘
1370,13:45:00,13.37,0.01,20,26740,买盘
1371,13:44:57,13.36,-0.01,40,53440,卖盘
1372,13:44:54,13.37,0.01,155,207235,买盘
1373,13:44:51,13.36,--,6,8016,卖盘
1374,13:44:48,13.36,--,21,28056,卖盘
1375,13:44:45,13.36,0.01,16,21376,买盘
1376,13:44:42,13.35,-0.01,131,174885,卖盘
1377,13:44:39,13.36,0.01,46,61456,买盘
1378,13:44:36,13.35,--,33,44055,卖盘
1379,13:44:33,13.35,--,23,30705,卖盘
1380,13:44:30,13.35,--,31,41385,卖盘
1381,13:44:27,13.35,--,13,17355,卖盘
1382,13:44:24,13.35,--,68,90780,卖盘
1383,13:44:21,13.35,0.01,50,66750,中性盘
1384,13:44:18,13.34,-0.01,115,153410,卖盘
1385,13:44:15,13.35,--,50,66750,买盘
1386,13:44:12,13.35,0.01,34,45390,买盘
1387,13:44:09,13.34,-0.01,159,212106,卖盘
1388,13:44:06,13.35,0.01,5,6675,中性盘
1389,13:44:03,13.34,-0.02,125,166750,卖盘
1390,13:44:00,13.36,0.01,192,256512,买盘
1391,13:43:57,13.35,-0.01,73,97455,卖盘
1392,13:43:54,13.36,0.01,553,738808,买盘
1393,13:43:51,13.35,--,141,188235,卖盘
1394,13:43:48,13.35,-0.01,126,168210,卖盘
1395,13:43:42,13.36,0.01,21,28056,中性盘
1396,13:43:39,13.35,--,77,102795,卖盘
1397,13:43:36,13.35,--,59,78765,卖盘
1398,13:43:33,13.35,--,143,190905,卖盘
1399,13:43:30,13.35,--,221,295035,卖盘
1400,13:43:27,13.35,--,68,90780,卖盘
1401,13:43:24,13.35,--,291,388485,卖盘
1402,13:43:21,13.35,-0.01,234,312390,卖盘
1403,13:43:18,13.36,-0.01,44,58784,卖盘
1404,13:43:15,13.37,0.01,28,37436,买盘
1405,13:43:12,13.36,-0.01,88,117568,卖盘
1406,13:43:09,13.37,--,2,2674,买盘
1407,13:43:06,13.37,--,57,76209,卖盘
1408,13:43:03,13.37,--,936,1251432,卖盘
1409,13:43:00,13.37,-0.01,5,6685,卖盘
1410,13:42:57,13.38,--,29,38802,买盘
1411,13:42:54,13.38,--,3,4014,买盘
1412,13:42:51,13.38,--,84,112392,买盘
1413,13:42:48,13.38,-0.03,4763,6373683,卖盘
1414,13:42:45,13.41,-0.01,10,13410,卖盘
1415,13:42:42,13.42,0.01,34,45628,买盘
1416,13:42:39,13.41,--,78,104598,卖盘
1417,13:42:33,13.41,--,15,20115,卖盘
1418,13:42:30,13.41,--,170,227970,卖盘
1419,13:42:27,13.41,-0.01,11,14751,卖盘
1420,13:42:24,13.42,0.01,3,4026,买盘
1421,13:42:21,13.41,-0.01,7,9387,卖盘
1422,13:42:18,13.42,0.01,23,30866,买盘
1423,13:42:15,13.41,-0.01,30,40230,卖盘
1424,13:42:12,13.42,0.01,31,41602,买盘
1425,13:42:09,13.41,--,86,115326,卖盘
1426,13:42:06,13.41,-0.01,60,80460,卖盘
1427,13:42:03,13.42,--,126,169092,买盘
1428,13:42:00,13.42,0.01,43,57706,买盘
1429,13:41:57,13.41,--,44,59004,卖盘
1430,13:41:54,13.41,--,59,79119,卖盘
1431,13:41:51,13.41,-0.01,16,21456,卖盘
1432,13:41:48,13.42,--,11,14762,买盘
1433,13:41:45,13.42,0.01,20,26840,买盘
1434,13:41:42,13.41,-0.01,19,25479,卖盘
1435,13:41:39,13.42,0.01,43,57706,买盘
1436,13:41:36,13.41,-0.01,6,8046,卖盘
1437,13:41:33,13.42,--,73,97966,买盘
1438,13:41:30,13.42,0.01,40,53680,买盘
1439,13:41:27,13.41,--,10,13410,卖盘
1440,13:41:24,13.41,-0.01,4,5364,卖盘
1441,13:41:21,13.42,0.01,10,13420,买盘
1442,13:41:18,13.41,-0.01,18,24138,卖盘
1443,13:41:15,13.42,0.01,1,1342,买盘
1444,13:41:09,13.41,--,100,134100,卖盘
1445,13:41:06,13.41,--,27,36207,卖盘
1446,13:41:03,13.41,--,60,80460,卖盘
1447,13:41:00,13.41,-0.01,7,9387,卖盘
1448,13:40:57,13.42,--,92,123464,买盘
1449,13:40:54,13.42,0.01,29,38918,买盘
1450,13:40:51,13.41,-0.01,26,34866,卖盘
1451,13:40:45,13.42,0.01,70,93940,买盘
1452,13:40:42,13.41,--,114,152874,买盘
1453,13:40:39,13.41,-0.01,5,6705,卖盘
1454,13:40:33,13.42,--,12,16104,买盘
1455,13:40:30,13.42,0.01,5,6710,买盘
1456,13:40:27,13.41,--,58,77778,卖盘
1457,13:40:24,13.41,--,83,111303,卖盘
1458,13:40:21,13.41,--,25,33525,卖盘
1459,13:40:18,13.41,0.01,188,252108,买盘
1460,13:40:15,13.4,-0.01,50,67000,卖盘
1461,13:40:12,13.41,0.01,2,2682,买盘
1462,13:40:09,13.4,--,86,115240,卖盘
1463,13:40:06,13.4,--,59,79060,卖盘
1464,13:40:03,13.4,--,81,108540,卖盘
1465,13:40:00,13.4,--,5,6700,卖盘
1466,13:39:57,13.4,-0.01,20,26800,卖盘
1467,13:39:54,13.41,0.01,32,42912,买盘
1468,13:39:51,13.4,--,74,99160,卖盘
1469,13:39:48,13.4,-0.01,120,160800,卖盘
1470,13:39:45,13.41,0.01,23,30843,买盘
1471,13:39:42,13.4,-0.01,73,97820,卖盘
1472,13:39:39,13.41,--,318,426438,买盘
1473,13:39:36,13.41,0.01,101,135441,买盘
1474,13:39:33,13.4,-0.01,9,12060,卖盘
1475,13:39:30,13.41,0.01,23,30843,买盘
1476,13:39:27,13.4,-0.01,1221,1636140,卖盘
1477,13:39:24,13.41,--,23,30843,卖盘
1478,13:39:21,13.41,--,100,134100,卖盘
1479,13:39:18,13.41,--,4,5364,卖盘
1480,13:39:15,13.41,0.01,76,102465,买盘
1481,13:39:12,13.4,-0.01,12,16080,卖盘
1482,13:39:09,13.41,--,1,1341,买盘
1483,13:39:06,13.41,--,21,28952,卖盘
1484,13:39:03,13.41,--,75,100575,卖盘
1485,13:39:00,13.41,--,23,31392,卖盘
1486,13:38:57,13.41,--,30,40230,卖盘
1487,13:38:54,13.41,--,119,159579,卖盘
1488,13:38:51,13.41,-0.01,77,103257,卖盘
1489,13:38:48,13.42,0.01,147,197274,买盘
1490,13:38:45,13.41,-0.01,12,16092,卖盘
1491,13:38:42,13.42,0.01,20,26840,买盘
1492,13:38:39,13.41,-0.01,76,101916,卖盘
1493,13:38:36,13.42,0.01,45,60390,卖盘
1494,13:38:33,13.41,-0.01,53,71073,卖盘
1495,13:38:30,13.42,0.01,14,18788,中性盘
1496,13:38:27,13.41,--,8,10728,卖盘
1497,13:38:24,13.41,-0.02,14,18774,买盘
1498,13:38:21,13.43,0.03,89,119527,买盘
1499,13:38:18,13.4,--,54,72360,卖盘
1500,13:38:15,13.4,-0.03,12,16080,卖盘
1501,13:38:12,13.43,--,1883,2528869,买盘
1502,13:38:09,13.43,--,30,41095,卖盘
1503,13:38:06,13.43,--,244,327692,卖盘
1504,13:38:03,13.43,--,86,116035,卖盘
1505,13:38:00,13.43,--,90,120870,卖盘
1506,13:37:57,13.43,--,7,9401,卖盘
1507,13:37:54,13.43,--,317,425731,买盘
1508,13:37:51,13.43,--,6,8058,买盘
1509,13:37:48,13.43,-0.01,47,63121,卖盘
1510,13:37:45,13.44,--,152,204288,买盘
1511,13:37:42,13.44,0.01,133,178752,买盘
1512,13:37:39,13.43,--,54,72522,卖盘
1513,13:37:36,13.43,-0.01,8,10744,卖盘
1514,13:37:33,13.44,--,4,5376,买盘
1515,13:37:30,13.44,--,2,2688,买盘
1516,13:37:27,13.44,--,43,57792,卖盘
1517,13:37:24,13.44,--,38,51072,买盘
1518,13:37:21,13.44,0.01,252,338688,买盘
1519,13:37:18,13.43,-0.01,45,60435,卖盘
1520,13:37:15,13.44,--,23,30912,买盘
1521,13:37:12,13.44,--,41,55104,买盘
1522,13:37:09,13.44,--,16,21504,买盘
1523,13:37:06,13.44,--,211,283584,买盘
1524,13:37:03,13.44,--,10,13440,买盘
1525,13:37:00,13.44,--,101,135744,买盘
1526,13:36:57,13.44,0.02,91,122304,买盘
1527,13:36:54,13.42,-0.01,156,209352,卖盘
1528,13:36:51,13.43,--,207,278001,买盘
1529,13:36:48,13.43,--,52,69836,买盘
1530,13:36:45,13.43,--,70,94010,买盘
1531,13:36:42,13.43,--,14,18802,买盘
1532,13:36:39,13.43,--,14,18802,买盘
1533,13:36:36,13.43,0.01,18,24174,买盘
1534,13:36:30,13.42,--,131,175802,买盘
1535,13:36:27,13.42,0.01,1065,1429230,买盘
1536,13:36:24,13.41,-0.01,44,59379,卖盘
1537,13:36:21,13.42,0.01,157,210694,买盘
1538,13:36:18,13.41,-0.01,27,36207,卖盘
1539,13:36:15,13.42,0.01,142,190564,买盘
1540,13:36:12,13.41,--,65,87165,卖盘
1541,13:36:09,13.41,--,60,80460,卖盘
1542,13:36:06,13.41,--,20,26820,卖盘
1543,13:36:03,13.41,--,1121,1503261,买盘
1544,13:36:00,13.41,0.01,10,13410,买盘
1545,13:35:57,13.4,-0.02,62,83080,卖盘
1546,13:35:54,13.42,--,64,85888,买盘
1547,13:35:51,13.42,0.02,18,24156,买盘
1548,13:35:45,13.4,--,153,205556,买盘
1549,13:35:42,13.4,-0.02,879,1178664,卖盘
1550,13:35:39,13.42,--,61,81862,买盘
1551,13:35:36,13.42,--,32,42944,买盘
1552,13:35:33,13.42,--,177,237534,买盘
1553,13:35:30,13.42,0.01,34,45628,买盘
1554,13:35:27,13.41,--,29,38889,卖盘
1555,13:35:24,13.41,--,832,1115712,买盘
1556,13:35:21,13.41,0.01,309,414369,买盘
1557,13:35:18,13.4,--,10,13400,卖盘
1558,13:35:15,13.4,--,75,100500,卖盘
1559,13:35:12,13.4,0.01,1618,2168656,买盘
1560,13:35:09,13.39,--,233,311987,买盘
1561,13:35:06,13.39,--,159,212901,买盘
1562,13:35:03,13.39,0.01,14,18746,买盘
1563,13:35:00,13.38,--,31,41478,卖盘
1564,13:34:57,13.38,--,211,282318,卖盘
1565,13:34:54,13.38,--,56,74928,卖盘
1566,13:34:51,13.38,-0.01,51,68238,卖盘
1567,13:34:48,13.39,0.01,819,1096641,卖盘
1568,13:34:45,13.38,-0.01,480,642240,卖盘
1569,13:34:42,13.39,--,343,459277,买盘
1570,13:34:39,13.39,0.01,115,153985,买盘
1571,13:34:36,13.38,-0.01,50,66900,卖盘
1572,13:34:33,13.39,--,75,100425,买盘
1573,13:34:30,13.39,0.01,27,36153,买盘
1574,13:34:27,13.38,-0.01,51,68238,卖盘
1575,13:34:24,13.39,0.01,54,72306,买盘
1576,13:34:21,13.38,--,25,33450,卖盘
1577,13:34:18,13.38,-0.01,37,49506,卖盘
1578,13:34:15,13.39,--,67,89713,买盘
1579,13:34:12,13.39,0.01,82,109798,买盘
1580,13:34:09,13.38,--,100,133800,卖盘
1581,13:34:06,13.38,--,100,133800,卖盘
1582,13:34:03,13.38,--,589,788082,卖盘
1583,13:34:00,13.38,--,1,1338,卖盘
1584,13:33:57,13.38,-0.01,547,731886,卖盘
1585,13:33:54,13.39,0.01,19,25441,买盘
1586,13:33:51,13.38,--,70,93660,卖盘
1587,13:33:48,13.38,--,18,24084,卖盘
1588,13:33:45,13.38,-0.01,441,590058,卖盘
1589,13:33:42,13.39,-0.01,8,10712,卖盘
1590,13:33:39,13.4,0.01,9,12060,买盘
1591,13:33:36,13.39,--,32,42848,卖盘
1592,13:33:33,13.39,--,97,129883,卖盘
1593,13:33:30,13.39,--,130,174070,卖盘
1594,13:33:27,13.39,--,11,14729,卖盘
1595,13:33:24,13.39,0.01,143,191477,买盘
1596,13:33:21,13.38,-0.01,556,743928,卖盘
1597,13:33:18,13.39,--,315,421785,买盘
1598,13:33:15,13.39,0.01,177,237003,买盘
1599,13:33:12,13.38,--,120,160560,卖盘
1600,13:33:09,13.38,--,147,196686,卖盘
1601,13:33:06,13.38,--,17,22746,卖盘
1602,13:33:03,13.38,--,79,105702,卖盘
1603,13:33:00,13.38,-0.01,178,238164,卖盘
1604,13:32:57,13.39,0.01,64,85696,买盘
1605,13:32:54,13.38,--,404,540552,卖盘
1606,13:32:51,13.38,--,29,38802,卖盘
1607,13:32:48,13.38,-0.01,236,315768,卖盘
1608,13:32:45,13.39,--,232,310648,卖盘
1609,13:32:42,13.39,-0.01,782,1047098,卖盘
1610,13:32:39,13.4,--,15,20100,买盘
1611,13:32:36,13.4,-0.01,503,674288,卖盘
1612,13:32:33,13.41,0.01,486,651726,买盘
1613,13:32:30,13.4,--,420,562800,卖盘
1614,13:32:27,13.4,--,92,123280,卖盘
1615,13:32:24,13.4,--,111,149812,卖盘
1616,13:32:21,13.4,--,24,32160,卖盘
1617,13:32:18,13.4,--,17,22780,卖盘
1618,13:32:15,13.4,--,142,190280,卖盘
1619,13:32:12,13.4,--,63,84420,卖盘
1620,13:32:09,13.4,-0.01,10,13400,卖盘
1621,13:32:06,13.41,--,54,72414,买盘
1622,13:32:03,13.41,-0.01,990,1327590,卖盘
1623,13:32:00,13.42,0.01,41,55022,买盘
1624,13:31:57,13.41,-0.01,38,50958,卖盘
1625,13:31:54,13.42,--,26,34892,买盘
1626,13:31:51,13.42,--,517,693814,卖盘
1627,13:31:48,13.42,--,127,170434,买盘
1628,13:31:45,13.42,--,76,101992,卖盘
1629,13:31:42,13.42,--,17,22814,卖盘
1630,13:31:39,13.42,0.01,25,33550,买盘
1631,13:31:36,13.41,--,101,135441,卖盘
1632,13:31:33,13.41,-0.01,152,203832,卖盘
1633,13:31:30,13.42,--,9,12078,买盘
1634,13:31:27,13.42,-0.01,27,36234,中性盘
1635,13:31:24,13.43,0.01,27,36261,买盘
1636,13:31:21,13.42,0.01,17,22814,买盘
1637,13:31:18,13.41,--,91,122031,卖盘
1638,13:31:15,13.41,--,309,414369,卖盘
1639,13:31:12,13.41,-0.01,76,101916,卖盘
1640,13:31:09,13.42,0.01,24,32208,买盘
1641,13:31:06,13.41,-0.01,11,14751,卖盘
1642,13:31:03,13.42,0.01,9,12078,买盘
1643,13:31:00,13.41,-0.01,82,109962,卖盘
1644,13:30:57,13.42,0.01,190,254980,买盘
1645,13:30:54,13.41,-0.01,68,91188,卖盘
1646,13:30:51,13.42,--,431,578402,买盘
1647,13:30:48,13.42,--,82,110044,买盘
1648,13:30:45,13.42,0.01,106,142252,买盘
1649,13:30:42,13.41,-0.01,171,229311,卖盘
1650,13:30:39,13.42,0.01,58,77836,买盘
1651,13:30:36,13.41,-0.01,197,264177,卖盘
1652,13:30:33,13.42,--,38,50996,卖盘
1653,13:30:30,13.42,-0.01,317,425414,卖盘
1654,13:30:27,13.43,0.01,177,237711,买盘
1655,13:30:24,13.42,--,34,45628,卖盘
1656,13:30:21,13.42,--,42,56364,卖盘
1657,13:30:18,13.42,--,121,162382,卖盘
1658,13:30:15,13.42,--,149,199958,卖盘
1659,13:30:12,13.42,0.01,213,285846,买盘
1660,13:30:09,13.41,0.01,81,108621,中性盘
1661,13:30:06,13.4,--,282,377880,卖盘
1662,13:30:03,13.4,--,170,227800,卖盘
1663,13:30:00,13.4,--,199,266660,卖盘
1664,13:29:57,13.4,--,54,72360,卖盘
1665,13:29:54,13.4,--,52,69680,卖盘
1666,13:29:51,13.4,--,350,469000,买盘
1667,13:29:48,13.4,--,18,24120,买盘
1668,13:29:45,13.4,--,353,473020,卖盘
1669,13:29:42,13.4,-0.01,480,643200,卖盘
1670,13:29:39,13.41,--,62,83142,买盘
1671,13:29:36,13.41,0.01,338,453258,买盘
1672,13:29:33,13.4,-0.01,268,359120,卖盘
1673,13:29:30,13.41,0.01,53,71073,中性盘
1674,13:29:27,13.4,-0.02,343,459620,卖盘
1675,13:29:21,13.42,--,55,73810,卖盘
1676,13:29:18,13.42,-0.01,115,154330,卖盘
1677,13:29:15,13.43,0.03,23,30889,中性盘
1678,13:29:12,13.4,-0.03,5061,6781740,卖盘
1679,13:29:09,13.43,--,234,314262,卖盘
1680,13:29:06,13.43,--,59,79237,买盘
1681,13:29:03,13.43,0.01,553,742679,买盘
1682,13:29:00,13.42,-0.01,3,4026,卖盘
1683,13:28:57,13.43,-0.01,135,181305,卖盘
1684,13:28:54,13.44,0.01,73,98112,买盘
1685,13:28:51,13.43,--,43,57749,卖盘
1686,13:28:48,13.43,0.01,111,149073,买盘
1687,13:28:45,13.42,-0.01,28,37576,卖盘
1688,13:28:42,13.43,--,85,114155,买盘
1689,13:28:39,13.43,--,15,20145,买盘
1690,13:28:36,13.43,0.01,23,30889,买盘
1691,13:28:33,13.42,-0.01,28,37576,中性盘
1692,13:28:30,13.43,--,384,515712,买盘
1693,13:28:27,13.43,--,52,69836,买盘
1694,13:28:24,13.43,--,100,134300,买盘
1695,13:28:21,13.43,--,9,12087,买盘
1696,13:28:18,13.43,0.03,750,1007250,买盘
1697,13:28:15,13.4,-0.04,3489,4675260,卖盘
1698,13:28:12,13.44,0.01,35,47040,买盘
1699,13:28:09,13.43,-0.01,381,511683,卖盘
1700,13:28:06,13.44,0.02,67,90048,买盘
1701,13:28:03,13.42,-0.02,126,169092,卖盘
1702,13:28:00,13.44,0.02,99,133056,买盘
1703,13:27:57,13.42,-0.01,68,91256,卖盘
1704,13:27:54,13.43,-0.01,118,158474,卖盘
1705,13:27:51,13.44,0.01,40,53760,买盘
1706,13:27:48,13.43,0.01,21,28203,卖盘
1707,13:27:45,13.42,-0.01,654,877668,卖盘
1708,13:27:42,13.43,-0.01,144,193392,中性盘
1709,13:27:39,13.44,-0.01,6,8064,卖盘
1710,13:27:36,13.45,-0.01,30,40350,买盘
1711,13:27:33,13.46,0.01,5,6730,买盘
1712,13:27:30,13.45,--,5578,7502410,卖盘
1713,13:27:27,13.45,--,189,254205,卖盘
1714,13:27:24,13.45,-0.01,22,29590,卖盘
1715,13:27:21,13.46,0.01,175,235550,买盘
1716,13:27:18,13.45,--,4,5380,买盘
1717,13:27:15,13.45,-0.01,10,13450,买盘
1718,13:27:12,13.46,-0.01,12,16152,卖盘
1719,13:27:09,13.47,--,2,2694,买盘
1720,13:27:06,13.47,0.07,4,5388,买盘
1721,13:27:03,13.4,-0.08,2325,3115500,卖盘
1722,13:27:00,13.48,--,137,184676,卖盘
1723,13:26:57,13.48,-0.01,203,273644,卖盘
1724,13:26:54,13.49,--,144,194256,买盘
1725,13:26:51,13.49,0.01,186,250914,买盘
1726,13:26:48,13.48,-0.01,21,28308,卖盘
1727,13:26:45,13.49,0.01,386,520714,买盘
1728,13:26:42,13.48,-0.01,822,1108056,卖盘
1729,13:26:39,13.49,-0.01,65,87685,卖盘
1730,13:26:36,13.5,--,78,105300,买盘
1731,13:26:33,13.5,--,107,144450,买盘
1732,13:26:30,13.5,-0.01,477,643950,卖盘
1733,13:26:27,13.51,--,266,359366,买盘
1734,13:26:24,13.51,--,181,244531,买盘
1735,13:26:21,13.51,--,129,174279,买盘
1736,13:26:18,13.51,--,590,797900,卖盘
1737,13:26:15,13.51,--,197,266147,卖盘
1738,13:26:12,13.51,-0.01,40,54040,卖盘
1739,13:26:09,13.52,--,200,270400,买盘
1740,13:26:06,13.52,0.01,241,325832,买盘
1741,13:26:03,13.51,--,76,102676,卖盘
1742,13:26:00,13.51,--,230,310730,卖盘
1743,13:25:57,13.51,--,120,162120,卖盘
1744,13:25:54,13.51,0.01,1989,2687679,买盘
1745,13:25:51,13.5,--,315,425250,买盘
1746,13:25:48,13.5,0.01,57,76950,买盘
1747,13:25:45,13.49,--,367,495083,卖盘
1748,13:25:42,13.49,--,374,504526,卖盘
1749,13:25:39,13.49,--,262,353438,卖盘
1750,13:25:36,13.49,--,480,647520,卖盘
1751,13:25:33,13.49,-0.01,19,25631,卖盘
1752,13:25:30,13.5,--,41,55350,买盘
1753,13:25:27,13.5,--,107,144450,买盘
1754,13:25:24,13.5,-0.02,1503,2029050,卖盘
1755,13:25:21,13.52,0.01,57,77064,买盘
1756,13:25:18,13.51,-0.01,153,206703,中性盘
1757,13:25:15,13.52,0.01,569,769288,买盘
1758,13:25:12,13.51,-0.01,80,108080,卖盘
1759,13:25:09,13.52,-0.01,101,136552,卖盘
1760,13:25:06,13.53,0.01,1702,2302806,买盘
1761,13:25:03,13.52,0.01,41,55432,买盘
1762,13:25:00,13.51,-0.02,143,193193,卖盘
1763,13:24:57,13.53,0.02,269,363957,买盘
1764,13:24:54,13.51,-0.01,1051,1419901,卖盘
1765,13:24:51,13.52,0.01,414,559728,买盘
1766,13:24:48,13.51,-0.01,39,52689,卖盘
1767,13:24:45,13.52,--,742,1003184,卖盘
1768,13:24:42,13.52,--,131,177112,卖盘
1769,13:24:39,13.52,-0.01,126,170352,卖盘
1770,13:24:36,13.53,--,600,811800,卖盘
1771,13:24:33,13.53,-0.01,458,619674,卖盘
1772,13:24:30,13.54,0.01,205,277570,买盘
1773,13:24:27,13.53,-0.02,217,293601,卖盘
1774,13:24:24,13.55,--,691,936305,卖盘
1775,13:24:21,13.55,0.01,338,457990,买盘
1776,13:24:18,13.54,-0.01,852,1153608,卖盘
1777,13:24:15,13.55,0.01,1222,1655810,买盘
1778,13:24:12,13.54,-0.01,199,269446,中性盘
1779,13:24:09,13.55,0.02,2289,3101595,买盘
1780,13:24:06,13.53,--,493,667029,买盘
1781,13:24:03,13.53,--,111,150183,买盘
1782,13:24:00,13.53,--,28,37884,买盘
1783,13:23:57,13.53,0.02,231,312543,买盘
1784,13:23:54,13.51,0.01,245,330995,买盘
1785,13:23:51,13.5,--,189,255150,卖盘
1786,13:23:48,13.5,--,230,310770,买盘
1787,13:23:45,13.5,--,1261,1702350,买盘
1788,13:23:42,13.5,0.01,1489,2010150,买盘
1789,13:23:39,13.49,--,91,122759,买盘
1790,13:23:36,13.49,0.01,275,370975,买盘
1791,13:23:33,13.48,0.01,320,431360,买盘
1792,13:23:30,13.47,0.01,400,538800,卖盘
1793,13:23:27,13.46,-0.01,250,336500,卖盘
1794,13:23:24,13.47,--,147,198009,买盘
1795,13:23:21,13.47,--,255,343485,卖盘
1796,13:23:18,13.47,-0.01,24,32328,卖盘
1797,13:23:15,13.48,0.01,234,315432,买盘
1798,13:23:12,13.47,--,60,80820,买盘
1799,13:23:09,13.47,--,8,10776,卖盘
1800,13:23:06,13.47,--,8,10776,买盘
1801,13:23:03,13.47,--,152,204744,买盘
1802,13:23:00,13.47,0.01,2,2694,买盘
1803,13:22:57,13.46,-0.01,13,17498,卖盘
1804,13:22:54,13.47,0.02,14,18858,买盘
1805,13:22:51,13.45,-0.02,30,40350,卖盘
1806,13:22:48,13.47,--,53,71391,买盘
1807,13:22:45,13.47,0.01,34,45798,买盘
1808,13:22:42,13.46,--,553,744338,卖盘
1809,13:22:39,13.46,--,64,86951,买盘
1810,13:22:36,13.46,--,59,79952,卖盘
1811,13:22:33,13.46,--,101,135946,卖盘
1812,13:22:30,13.46,--,67,90182,卖盘
1813,13:22:27,13.46,0.01,141,190593,买盘
1814,13:22:24,13.45,--,156,209820,卖盘
1815,13:22:21,13.45,0.01,172,231878,买盘
1816,13:22:18,13.44,-0.01,281,377664,卖盘
1817,13:22:15,13.45,0.01,121,162745,买盘
1818,13:22:12,13.44,--,175,235200,卖盘
1819,13:22:09,13.44,-0.01,64,86016,中性盘
1820,13:22:06,13.45,--,100,135576,卖盘
1821,13:22:03,13.45,--,5,6725,卖盘
1822,13:22:00,13.45,--,10,13450,卖盘
1823,13:21:57,13.45,0.03,3604,4847649,买盘
1824,13:21:54,13.42,0.01,74,99308,卖盘
1825,13:21:51,13.41,-0.02,172,230652,卖盘
1826,13:21:48,13.43,0.01,54,72522,买盘
1827,13:21:45,13.42,-0.02,327,438834,卖盘
1828,13:21:42,13.44,-0.01,126,169344,卖盘
1829,13:21:39,13.45,--,79,106255,买盘
1830,13:21:36,13.45,-0.01,151,204171,卖盘
1831,13:21:33,13.46,0.01,205,275930,买盘
1832,13:21:30,13.45,-0.01,53,71285,卖盘
1833,13:21:27,13.46,--,26,34996,买盘
1834,13:21:24,13.46,--,70,95296,卖盘
1835,13:21:21,13.46,--,114,153444,卖盘
1836,13:21:18,13.46,-0.02,156,209976,卖盘
1837,13:21:15,13.48,--,186,250728,买盘
1838,13:21:12,13.48,--,523,705004,卖盘
1839,13:21:09,13.48,-0.01,176,237248,卖盘
1840,13:21:06,13.49,0.01,264,356136,买盘
1841,13:21:03,13.48,--,250,337000,卖盘
1842,13:21:00,13.48,-0.02,278,374744,卖盘
1843,13:20:57,13.5,--,96,129600,买盘
1844,13:20:54,13.5,0.02,367,495450,买盘
1845,13:20:51,13.48,-0.02,212,285776,卖盘
1846,13:20:48,13.5,-0.02,24,32400,买盘
1847,13:20:45,13.52,0.02,508,686816,买盘
1848,13:20:42,13.5,--,672,907200,买盘
1849,13:20:39,13.5,--,606,818100,卖盘
1850,13:20:36,13.5,-0.01,1438,1941300,卖盘
1851,13:20:33,13.51,-0.01,347,468797,卖盘
1852,13:20:30,13.52,-0.01,1082,1463147,卖盘
1853,13:20:27,13.53,--,766,1036398,卖盘
1854,13:20:24,13.53,-0.01,298,403194,卖盘
1855,13:20:21,13.54,--,61,82594,买盘
1856,13:20:18,13.54,0.01,1007,1363478,买盘
1857,13:20:15,13.53,0.01,75,102286,买盘
1858,13:20:12,13.52,0.01,1028,1390112,买盘
1859,13:20:09,13.51,--,121,163471,买盘
1860,13:20:06,13.51,0.01,20,27020,买盘
1861,13:20:03,13.5,0.01,1279,1726650,买盘
1862,13:20:00,13.49,-0.01,1292,1742908,卖盘
1863,13:19:57,13.5,0.02,1257,1696950,买盘
1864,13:19:54,13.48,--,37,49876,卖盘
1865,13:19:51,13.48,0.01,148,199504,买盘
1866,13:19:48,13.47,--,307,413529,卖盘
1867,13:19:45,13.47,--,147,198009,卖盘
1868,13:19:42,13.47,--,1000,1347000,卖盘
1869,13:19:39,13.47,--,369,497312,买盘
1870,13:19:36,13.47,0.01,146,196662,买盘
1871,13:19:33,13.46,--,110,148060,卖盘
1872,13:19:30,13.46,--,663,892398,卖盘
1873,13:19:27,13.46,--,552,742992,买盘
1874,13:19:24,13.46,0.01,218,293428,买盘
1875,13:19:21,13.45,-0.01,181,243445,卖盘
1876,13:19:18,13.46,0.01,16,21536,买盘
1877,13:19:15,13.45,--,225,302894,买盘
1878,13:19:12,13.45,0.01,394,529930,买盘
1879,13:19:09,13.44,--,681,915264,买盘
1880,13:19:06,13.44,0.01,59,79296,买盘
1881,13:19:03,13.43,--,26,34918,卖盘
1882,13:19:00,13.43,0.01,2469,3315867,买盘
1883,13:18:57,13.42,--,368,493856,卖盘
1884,13:18:54,13.42,--,174,233508,卖盘
1885,13:18:51,13.42,--,196,263032,卖盘
1886,13:18:48,13.42,--,102,136884,买盘
1887,13:18:45,13.42,--,222,297924,卖盘
1888,13:18:42,13.42,--,139,186538,卖盘
1889,13:18:39,13.42,--,208,279136,卖盘
1890,13:18:36,13.42,--,40,53680,卖盘
1891,13:18:33,13.42,--,51,68442,卖盘
1892,13:18:30,13.42,-0.01,95,127490,卖盘
1893,13:18:27,13.43,0.01,235,315605,买盘
1894,13:18:24,13.42,-0.01,9,12078,卖盘
1895,13:18:21,13.43,--,86,115498,卖盘
1896,13:18:18,13.43,--,110,147730,卖盘
1897,13:18:15,13.43,-0.01,249,334407,卖盘
1898,13:18:12,13.44,--,84,112896,买盘
1899,13:18:09,13.44,--,30,40320,买盘
1900,13:18:06,13.44,--,153,205632,买盘
1901,13:18:03,13.44,--,73,98112,买盘
1902,13:18:00,13.44,--,93,124992,卖盘
1903,13:17:57,13.44,--,95,127680,卖盘
1904,13:17:54,13.44,--,406,545664,卖盘
1905,13:17:51,13.44,-0.01,70,94080,卖盘
1906,13:17:48,13.45,--,260,349700,买盘
1907,13:17:45,13.45,--,267,359115,卖盘
1908,13:17:42,13.45,-0.01,459,617355,卖盘
1909,13:17:39,13.46,--,589,792794,买盘
1910,13:17:36,13.46,--,191,257086,卖盘
1911,13:17:33,13.46,--,325,437450,卖盘
1912,13:17:30,13.46,--,165,222090,卖盘
1913,13:17:27,13.46,-0.01,396,533016,卖盘
1914,13:17:24,13.47,0.01,395,532065,买盘
1915,13:17:21,13.46,--,86,115756,卖盘
1916,13:17:18,13.46,--,253,340538,买盘
1917,13:17:15,13.46,-0.01,83,111718,中性盘
1918,13:17:12,13.47,0.01,724,975228,买盘
1919,13:17:09,13.46,0.01,39,52494,中性盘
1920,13:17:06,13.45,-0.02,206,277070,卖盘
1921,13:17:03,13.47,0.01,455,612885,买盘
1922,13:17:00,13.46,-0.01,519,698574,卖盘
1923,13:16:57,13.47,0.01,79,106413,买盘
1924,13:16:54,13.46,0.01,86,115756,买盘
1925,13:16:51,13.45,--,362,486890,卖盘
1926,13:16:48,13.45,--,106,142570,卖盘
1927,13:16:45,13.45,--,513,689985,买盘
1928,13:16:42,13.45,--,258,347010,买盘
1929,13:16:39,13.45,-0.01,35,47075,中性盘
1930,13:16:36,13.46,0.02,282,379572,买盘
1931,13:16:33,13.44,-0.02,256,344064,卖盘
1932,13:16:30,13.46,0.02,202,271892,买盘
1933,13:16:27,13.44,-0.02,299,401856,卖盘
1934,13:16:24,13.46,0.01,634,853364,中性盘
1935,13:16:21,13.45,--,379,509755,卖盘
1936,13:16:18,13.45,--,70,94150,卖盘
1937,13:16:15,13.45,-0.02,1143,1537335,卖盘
1938,13:16:12,13.47,--,229,308463,买盘
1939,13:16:09,13.47,-0.03,3119,4201293,卖盘
1940,13:16:06,13.5,0.02,393,530550,买盘
1941,13:16:03,13.48,-0.01,312,420576,卖盘
1942,13:16:00,13.49,-0.01,168,226632,中性盘
1943,13:15:57,13.5,0.01,1058,1428300,买盘
1944,13:15:54,13.49,--,334,450566,卖盘
1945,13:15:51,13.49,-0.01,561,756789,卖盘
1946,13:15:48,13.5,--,534,720900,买盘
1947,13:15:45,13.5,-0.01,3566,4814100,卖盘
1948,13:15:42,13.51,0.01,1479,1998129,买盘
1949,13:15:39,13.5,--,669,903150,买盘
1950,13:15:36,13.5,--,270,364500,买盘
1951,13:15:33,13.5,--,446,602100,买盘
1952,13:15:30,13.5,-0.02,1710,2309350,卖盘
1953,13:15:27,13.52,--,293,396136,买盘
1954,13:15:24,13.52,--,333,450216,买盘
1955,13:15:21,13.52,--,312,421824,买盘
1956,13:15:18,13.52,0.02,215,290680,买盘
1957,13:15:15,13.5,0.01,5192,7009699,买盘
1958,13:15:12,13.49,0.02,1857,2505093,买盘
1959,13:15:09,13.47,--,1762,2373414,买盘
1960,13:15:06,13.47,0.01,430,579210,买盘
1961,13:15:03,13.46,0.02,1031,1388533,买盘
1962,13:15:00,13.44,--,1971,2649024,卖盘
1963,13:14:57,13.44,0.01,82,110208,买盘
1964,13:14:54,13.43,--,21,28203,卖盘
1965,13:14:51,13.43,--,50,67150,卖盘
1966,13:14:48,13.43,-0.02,273,366639,中性盘
1967,13:14:45,13.45,--,143,192335,买盘
1968,13:14:42,13.45,0.03,2287,3076015,买盘
1969,13:14:39,13.42,--,331,444202,卖盘
1970,13:14:36,13.42,0.01,104,139568,买盘
1971,13:14:33,13.41,-0.01,520,697320,卖盘
1972,13:14:30,13.42,0.01,400,536800,买盘
1973,13:14:27,13.41,-0.01,804,1078164,卖盘
1974,13:14:24,13.42,--,350,469700,买盘
1975,13:14:21,13.42,--,401,538142,买盘
1976,13:14:18,13.42,0.01,170,228140,买盘
1977,13:14:15,13.41,--,171,229311,卖盘
1978,13:14:12,13.41,-0.01,119,159579,卖盘
1979,13:14:09,13.42,0.01,280,375760,买盘
1980,13:14:06,13.41,-0.01,77,103257,卖盘
1981,13:14:03,13.42,0.01,145,194590,买盘
1982,13:14:00,13.41,-0.01,1004,1346779,卖盘
1983,13:13:57,13.42,0.01,131,176607,买盘
1984,13:13:54,13.41,--,56,75096,卖盘
1985,13:13:51,13.41,--,367,492147,卖盘
1986,13:13:48,13.41,--,170,228533,买盘
1987,13:13:45,13.41,-0.01,1025,1375302,卖盘
1988,13:13:42,13.42,--,652,875547,卖盘
1989,13:13:39,13.42,0.01,2022,2713524,买盘
1990,13:13:36,13.41,--,419,561879,卖盘
1991,13:13:33,13.41,--,317,425097,卖盘
1992,13:13:30,13.41,--,151,202491,卖盘
1993,13:13:27,13.41,--,132,177012,卖盘
1994,13:13:24,13.41,-0.01,683,916680,卖盘
1995,13:13:21,13.42,--,512,687104,卖盘
1996,13:13:18,13.42,--,259,348141,买盘
1997,13:13:15,13.42,-0.01,209,281256,卖盘
1998,13:13:12,13.43,0.01,15,20145,买盘
1999,13:13:09,13.42,-0.01,360,483120,卖盘
2000,13:13:06,13.43,--,625,839375,卖盘
2001,13:13:03,13.43,-0.01,662,889066,卖盘
2002,13:13:00,13.44,--,1728,2322432,卖盘
2003,13:12:57,13.44,0.01,110,147840,买盘
2004,13:12:54,13.43,-0.01,200,268600,中性盘
2005,13:12:51,13.44,--,946,1271424,买盘
2006,13:12:48,13.44,--,300,403200,买盘
2007,13:12:45,13.44,0.01,165,221760,买盘
2008,13:12:42,13.43,0.01,85,114155,买盘
2009,13:12:39,13.42,--,344,461648,卖盘
2010,13:12:36,13.42,-0.01,47,63074,卖盘
2011,13:12:33,13.43,0.02,347,466585,买盘
2012,13:12:30,13.41,0.01,205,274905,买盘
2013,13:12:27,13.4,0.01,756,1013040,买盘
2014,13:12:24,13.39,--,1125,1506375,卖盘
2015,13:12:21,13.39,--,200,267800,卖盘
2016,13:12:18,13.39,--,469,627991,买盘
2017,13:12:15,13.39,--,37,49543,买盘
2018,13:12:12,13.39,-0.01,34,45526,买盘
2019,13:12:09,13.4,--,126,168840,买盘
2020,13:12:06,13.4,--,230,308200,买盘
2021,13:12:03,13.4,--,351,470340,买盘
2022,13:12:00,13.4,--,337,451580,买盘
2023,13:11:57,13.4,--,298,400633,卖盘
2024,13:11:54,13.4,-0.01,775,1038500,卖盘
2025,13:11:51,13.41,0.01,222,297702,买盘
2026,13:11:48,13.4,--,285,381900,卖盘
2027,13:11:45,13.4,--,2583,3461246,买盘
2028,13:11:42,13.4,--,419,561460,买盘
2029,13:11:39,13.4,--,291,389940,买盘
2030,13:11:36,13.4,-0.03,1775,2379813,卖盘
2031,13:11:33,13.43,0.01,652,875636,买盘
2032,13:11:30,13.42,0.01,212,284504,买盘
2033,13:11:27,13.41,-0.01,196,262836,卖盘
2034,13:11:24,13.42,0.02,399,535458,买盘
2035,13:11:21,13.4,--,1195,1601300,卖盘
2036,13:11:18,13.4,0.02,5191,6955966,买盘
2037,13:11:15,13.38,--,691,924558,买盘
2038,13:11:12,13.38,0.01,101,135138,买盘
2039,13:11:09,13.37,--,1617,2161929,买盘
2040,13:11:06,13.37,--,505,675185,买盘
2041,13:11:03,13.37,--,435,581595,买盘
2042,13:11:00,13.37,0.01,3583,4790471,买盘
2043,13:10:57,13.36,--,432,577152,买盘
2044,13:10:54,13.36,0.01,72,96192,买盘
2045,13:10:51,13.35,0.01,55,73425,卖盘
2046,13:10:48,13.34,-0.01,326,435871,卖盘
2047,13:10:45,13.35,0.01,1413,1886355,买盘
2048,13:10:42,13.34,-0.01,125,166750,卖盘
2049,13:10:39,13.35,--,714,953190,买盘
2050,13:10:36,13.35,0.01,491,655485,买盘
2051,13:10:33,13.34,--,42,56028,买盘
2052,13:10:30,13.34,--,5,6670,卖盘
2053,13:10:27,13.34,--,637,849758,卖盘
2054,13:10:24,13.34,--,61,82254,买盘
2055,13:10:21,13.34,--,1092,1456728,买盘
2056,13:10:18,13.34,0.01,827,1103218,买盘
2057,13:10:15,13.33,--,314,418562,买盘
2058,13:10:12,13.33,-0.01,185,246605,卖盘
2059,13:10:09,13.34,0.01,193,257462,买盘
2060,13:10:06,13.33,--,117,155961,买盘
2061,13:10:03,13.33,--,142,189286,买盘
2062,13:10:00,13.33,--,120,159960,买盘
2063,13:09:57,13.33,0.02,17,22661,买盘
2064,13:09:54,13.31,--,71,94501,卖盘
2065,13:09:51,13.31,-0.03,93,123783,卖盘
2066,13:09:48,13.34,0.01,396,528264,买盘
2067,13:09:45,13.33,0.02,269,358577,买盘
2068,13:09:42,13.31,-0.02,1452,1932612,卖盘
2069,13:09:39,13.33,--,91,121303,买盘
2070,13:09:36,13.33,--,8,10664,买盘
2071,13:09:33,13.33,--,910,1213483,卖盘
2072,13:09:30,13.33,--,143,190619,卖盘
2073,13:09:27,13.33,--,73,97309,卖盘
2074,13:09:24,13.33,0.02,1949,2598896,买盘
2075,13:09:21,13.31,--,37,49247,买盘
2076,13:09:18,13.31,--,233,310123,卖盘
2077,13:09:15,13.31,-0.01,262,348722,卖盘
2078,13:09:12,13.32,--,32,42624,买盘
2079,13:09:09,13.32,--,32,42624,买盘
2080,13:09:06,13.32,--,289,384948,买盘
2081,13:09:03,13.32,--,97,129204,买盘
2082,13:09:00,13.32,--,441,587412,买盘
2083,13:08:57,13.32,--,822,1095916,卖盘
2084,13:08:54,13.32,--,396,527472,卖盘
2085,13:08:51,13.32,--,172,229104,卖盘
2086,13:08:48,13.32,-0.01,113,150516,卖盘
2087,13:08:45,13.33,--,46,61318,买盘
2088,13:08:42,13.33,--,180,239940,买盘
2089,13:08:39,13.33,--,344,458552,买盘
2090,13:08:36,13.33,--,31,41323,买盘
2091,13:08:33,13.33,-0.01,143,190619,卖盘
2092,13:08:30,13.34,0.01,149,198766,买盘
2093,13:08:27,13.33,--,462,615846,买盘
2094,13:08:24,13.33,--,35,46655,买盘
2095,13:08:21,13.33,-0.01,126,167958,中性盘
2096,13:08:18,13.34,--,303,404202,买盘
2097,13:08:15,13.34,--,209,278806,买盘
2098,13:08:12,13.34,--,192,256128,买盘
2099,13:08:09,13.34,--,180,240120,买盘
2100,13:08:06,13.34,0.01,74,98716,买盘
2101,13:08:03,13.33,--,432,575856,买盘
2102,13:08:00,13.33,0.01,684,911772,买盘
2103,13:07:57,13.32,0.03,5448,7257055,买盘
2104,13:07:54,13.29,--,59,78411,卖盘
2105,13:07:51,13.29,--,107,142203,买盘
2106,13:07:48,13.29,--,243,322947,买盘
2107,13:07:45,13.29,-0.01,2,2658,买盘
2108,13:07:42,13.3,0.02,819,1089270,买盘
2109,13:07:39,13.28,--,53,70384,买盘
2110,13:07:36,13.28,-0.02,335,446154,卖盘
2111,13:07:33,13.3,0.01,255,339150,买盘
2112,13:07:30,13.29,--,28,37212,卖盘
2113,13:07:27,13.29,--,36,47844,卖盘
2114,13:07:24,13.29,--,22,29237,卖盘
2115,13:07:21,13.29,0.01,179,237944,买盘
2116,13:07:18,13.28,--,1186,1575008,卖盘
2117,13:07:15,13.28,--,101,134128,卖盘
2118,13:07:12,13.28,-0.01,262,347936,卖盘
2119,13:07:09,13.29,--,5,6645,买盘
2120,13:07:06,13.29,--,55,73095,买盘
2121,13:07:03,13.29,0.01,6,7973,买盘
2122,13:07:00,13.28,--,101,134128,卖盘
2123,13:06:57,13.28,--,34,45152,卖盘
2124,13:06:54,13.28,--,51,67728,卖盘
2125,13:06:48,13.28,--,53,70384,卖盘
2126,13:06:45,13.28,-0.01,312,414336,卖盘
2127,13:06:42,13.29,0.02,31,41199,买盘
2128,13:06:39,13.27,-0.01,543,720561,卖盘
2129,13:06:33,13.28,0.01,12,15936,买盘
2130,13:06:30,13.27,-0.01,28,37156,卖盘
2131,13:06:27,13.28,--,276,366528,卖盘
2132,13:06:24,13.28,--,277,367856,卖盘
2133,13:06:21,13.28,--,44,58432,卖盘
2134,13:06:18,13.28,0.01,368,488704,买盘
2135,13:06:15,13.27,--,14,18578,卖盘
2136,13:06:12,13.27,--,187,248149,卖盘
2137,13:06:09,13.27,-0.01,34,45118,卖盘
2138,13:06:06,13.28,0.01,317,420976,买盘
2139,13:06:03,13.27,--,260,345020,卖盘
2140,13:06:00,13.27,--,63,83601,卖盘
2141,13:05:57,13.27,-0.01,10,13270,卖盘
2142,13:05:54,13.28,--,58,77024,卖盘
2143,13:05:51,13.28,--,34,45152,卖盘
2144,13:05:48,13.28,--,567,752976,买盘
2145,13:05:45,13.28,0.01,64,84992,买盘
2146,13:05:42,13.27,-0.01,19,25213,卖盘
2147,13:05:39,13.28,--,11,14608,买盘
2148,13:05:36,13.28,--,48,63744,买盘
2149,13:05:33,13.28,-0.01,91,120848,卖盘
2150,13:05:30,13.29,0.01,124,164796,买盘
2151,13:05:27,13.28,--,589,782192,卖盘
2152,13:05:24,13.28,-0.01,65,86320,卖盘
2153,13:05:21,13.29,0.02,51,67779,买盘
2154,13:05:18,13.27,-0.01,8,10616,卖盘
2155,13:05:15,13.28,0.01,20,26560,买盘
2156,13:05:12,13.27,-0.01,1138,1510126,卖盘
2157,13:05:09,13.28,--,260,345280,卖盘
2158,13:05:06,13.28,0.01,810,1075680,买盘
2159,13:05:03,13.27,--,328,435256,卖盘
2160,13:05:00,13.27,-0.01,278,368906,卖盘
2161,13:04:57,13.28,0.01,44,58432,买盘
2162,13:04:54,13.27,--,450,597150,卖盘
2163,13:04:51,13.27,--,15,19905,卖盘
2164,13:04:48,13.27,--,45,59715,卖盘
2165,13:04:45,13.27,--,130,172510,卖盘
2166,13:04:42,13.27,0.01,664,881260,买盘
2167,13:04:39,13.26,--,99,131274,卖盘
2168,13:04:36,13.26,--,483,640736,买盘
2169,13:04:33,13.26,0.01,10,13260,买盘
2170,13:04:30,13.25,-0.01,117,155025,卖盘
2171,13:04:27,13.26,--,58,76908,买盘
2172,13:04:24,13.26,-0.01,45,59670,卖盘
2173,13:04:21,13.27,--,48,63696,买盘
2174,13:04:18,13.27,0.01,46,61042,买盘
2175,13:04:15,13.26,--,162,214812,卖盘
2176,13:04:09,13.26,--,217,287742,卖盘
2177,13:04:06,13.26,0.01,30,39780,中性盘
2178,13:04:03,13.25,--,338,447850,卖盘
2179,13:04:00,13.25,-0.01,20,26500,卖盘
2180,13:03:57,13.26,--,4,5304,买盘
2181,13:03:54,13.26,0.02,163,216138,买盘
2182,13:03:51,13.24,--,30,39720,卖盘
2183,13:03:48,13.24,-0.01,4,5296,卖盘
2184,13:03:45,13.25,0.01,3,3975,买盘
2185,13:03:42,13.24,-0.01,105,139020,卖盘
2186,13:03:39,13.25,--,94,124550,买盘
2187,13:03:33,13.25,0.01,44,58300,买盘
2188,13:03:30,13.24,--,2,2648,卖盘
2189,13:03:27,13.24,--,70,93474,买盘
2190,13:03:24,13.24,0.01,4,5296,买盘
2191,13:03:18,13.23,--,151,199773,卖盘
2192,13:03:15,13.23,-0.01,1,1323,卖盘
2193,13:03:12,13.24,-0.01,15,20389,卖盘
2194,13:03:09,13.25,0.01,195,258375,买盘
2195,13:03:06,13.24,-0.01,15,19860,卖盘
2196,13:03:03,13.25,0.01,1,1325,买盘
2197,13:03:00,13.24,--,11,14564,卖盘
2198,13:02:54,13.24,-0.01,455,602420,卖盘
2199,13:02:51,13.25,--,61,80825,卖盘
2200,13:02:45,13.25,--,4,5300,卖盘
2201,13:02:42,13.25,--,1,1325,卖盘
2202,13:02:39,13.25,-0.01,195,258375,卖盘
2203,13:02:36,13.26,0.01,151,200226,买盘
2204,13:02:33,13.25,--,23,30475,卖盘
2205,13:02:30,13.25,-0.01,1021,1352825,卖盘
2206,13:02:27,13.26,0.01,52,68952,买盘
2207,13:02:24,13.25,--,148,196100,卖盘
2208,13:02:21,13.25,-0.02,75,99375,卖盘
2209,13:02:12,13.27,0.02,394,522838,买盘
2210,13:02:09,13.25,--,78,103350,卖盘
2211,13:02:06,13.25,-0.01,193,255725,卖盘
2212,13:02:03,13.26,--,132,175032,卖盘
2213,13:02:00,13.26,-0.01,79,105947,卖盘
2214,13:01:57,13.27,0.01,60,79752,买盘
2215,13:01:54,13.26,-0.01,150,198900,卖盘
2216,13:01:51,13.27,--,1,1327,买盘
2217,13:01:48,13.27,0.01,434,575918,买盘
2218,13:01:45,13.26,-0.01,109,144534,卖盘
2219,13:01:42,13.27,--,494,655538,买盘
2220,13:01:39,13.27,--,340,451180,买盘
2221,13:01:36,13.27,0.01,4,5308,买盘
2222,13:01:33,13.26,--,1,1326,卖盘
2223,13:01:30,13.26,--,6,7956,卖盘
2224,13:01:24,13.26,0.01,537,712062,买盘
2225,13:01:21,13.25,--,8,10600,卖盘
2226,13:01:18,13.25,--,100,132500,卖盘
2227,13:01:15,13.25,0.02,334,443345,买盘
2228,13:01:12,13.23,-0.02,10,13230,卖盘
2229,13:01:09,13.25,0.02,456,604200,买盘
2230,13:01:06,13.23,-0.02,220,291324,卖盘
2231,13:01:03,13.25,--,150,198750,买盘
2232,13:01:00,13.25,0.02,1031,1366075,买盘
2233,13:00:54,13.23,-0.01,12,15876,卖盘
2234,13:00:51,13.24,0.01,38,50312,买盘
2235,13:00:48,13.23,0.01,27,36779,买盘
2236,13:00:45,13.22,-0.01,4,5288,卖盘
2237,13:00:42,13.23,0.01,24,31752,买盘
2238,13:00:39,13.22,-0.01,120,158640,卖盘
2239,13:00:36,13.23,0.01,1,1323,中性盘
2240,13:00:33,13.22,--,99,130878,卖盘
2241,13:00:30,13.22,--,33,43626,卖盘
2242,13:00:27,13.22,-0.01,11,14542,卖盘
2243,13:00:24,13.23,0.01,20,26460,买盘
2244,13:00:18,13.22,0.02,27,35694,买盘
2245,13:00:12,13.2,-0.01,122,161040,卖盘
2246,13:00:09,13.21,--,28,36988,卖盘
2247,13:00:06,13.21,0.01,260,343460,买盘
2248,13:00:03,13.2,--,3103,4097095,卖盘
2249,13:00:00,13.2,--,0,0,卖盘
2250,11:30:00,13.2,-0.01,52,68640,卖盘
2251,11:29:57,13.21,0.01,14,18494,买盘
2252,11:29:54,13.2,--,50,66000,买盘
2253,11:29:51,13.2,--,10,13200,买盘
2254,11:29:48,13.2,--,13,17160,买盘
2255,11:29:45,13.2,--,10,13200,买盘
2256,11:29:42,13.2,--,28,36960,买盘
2257,11:29:39,13.2,--,10,13200,买盘
2258,11:29:36,13.2,--,87,114840,卖盘
2259,11:29:33,13.2,-0.01,12,15840,卖盘
2260,11:29:30,13.21,0.02,12,15852,买盘
2261,11:29:27,13.19,-0.02,43,56717,卖盘
2262,11:29:24,13.21,0.01,1,1321,买盘
2263,11:29:21,13.2,--,50,66000,卖盘
2264,11:29:18,13.2,--,16,21120,卖盘
2265,11:29:15,13.2,--,534,705355,买盘
2266,11:29:12,13.2,--,26,34320,买盘
2267,11:29:09,13.2,0.01,9,11880,买盘
2268,11:29:06,13.19,-0.01,78,102882,卖盘
2269,11:29:03,13.2,-0.02,242,320284,卖盘
2270,11:28:57,13.22,0.02,321,424362,买盘
2271,11:28:54,13.2,0.01,335,442675,买盘
2272,11:28:48,13.19,-0.01,137,180703,卖盘
2273,11:28:45,13.2,0.01,15,19800,买盘
2274,11:28:42,13.19,-0.01,83,109477,卖盘
2275,11:28:39,13.2,0.01,13,17160,买盘
2276,11:28:36,13.19,-0.01,18,23742,卖盘
2277,11:28:30,13.2,--,150,198000,买盘
2278,11:28:27,13.2,--,64,84480,买盘
2279,11:28:24,13.2,--,492,650284,卖盘
2280,11:28:21,13.2,--,345,455400,卖盘
2281,11:28:18,13.2,-0.01,9,11906,卖盘
2282,11:28:15,13.21,--,4,5284,买盘
2283,11:28:12,13.21,-0.01,30,39630,卖盘
2284,11:28:09,13.22,0.02,10,13220,买盘
2285,11:28:06,13.2,--,78,102960,卖盘
2286,11:28:03,13.2,-0.02,573,756808,卖盘
2287,11:28:00,13.22,0.02,6,7932,买盘
2288,11:27:54,13.2,--,1,1320,卖盘
2289,11:27:51,13.2,0.01,62,81840,买盘
2290,11:27:48,13.19,-0.01,63,83097,卖盘
2291,11:27:45,13.2,0.01,38,50160,买盘
2292,11:27:42,13.19,-0.01,24,31656,卖盘
2293,11:27:33,13.2,0.01,29,38280,买盘
2294,11:27:30,13.19,-0.01,290,382510,卖盘
2295,11:27:27,13.2,0.01,68,89760,买盘
2296,11:27:24,13.19,--,40,52760,卖盘
2297,11:27:21,13.19,-0.01,109,143771,卖盘
2298,11:27:18,13.2,--,114,150480,买盘
2299,11:27:12,13.2,0.02,67,88440,买盘
2300,11:27:09,13.18,-0.01,124,163432,卖盘
2301,11:27:06,13.19,0.01,12,15828,买盘
2302,11:27:03,13.18,--,80,105440,卖盘
2303,11:27:00,13.18,-0.01,115,151570,卖盘
2304,11:26:57,13.19,-0.01,37,48803,卖盘
2305,11:26:54,13.2,0.01,20,26400,买盘
2306,11:26:51,13.19,--,60,79140,卖盘
2307,11:26:48,13.19,-0.01,10,13190,卖盘
2308,11:26:45,13.2,0.02,30,39600,买盘
2309,11:26:39,13.18,-0.01,415,546970,卖盘
2310,11:26:36,13.19,--,34,44846,卖盘
2311,11:26:33,13.19,--,434,572446,买盘
2312,11:26:30,13.19,--,27,35613,买盘
2313,11:26:27,13.19,0.01,74,97606,买盘
2314,11:26:24,13.18,-0.01,130,171340,卖盘
2315,11:26:21,13.19,--,5,6595,买盘
2316,11:26:18,13.19,--,8,10552,买盘
2317,11:26:15,13.19,--,2,2638,买盘
2318,11:26:12,13.19,0.01,3,3957,中性盘
2319,11:26:09,13.18,--,47,61946,卖盘
2320,11:26:06,13.18,--,6,7908,卖盘
2321,11:26:03,13.18,--,258,340044,卖盘
2322,11:26:00,13.18,-0.02,241,317638,卖盘
2323,11:25:57,13.2,0.01,569,751080,买盘
2324,11:25:54,13.19,0.01,21,27699,卖盘
2325,11:25:51,13.18,-0.02,13,17134,卖盘
2326,11:25:45,13.2,0.02,4,5280,买盘
2327,11:25:42,13.18,-0.01,26,34268,买盘
2328,11:25:39,13.19,-0.01,26,34294,卖盘
2329,11:25:36,13.2,0.02,432,570240,买盘
2330,11:25:33,13.18,-0.01,36,47448,卖盘
2331,11:25:30,13.19,--,7,9233,卖盘
2332,11:25:27,13.19,0.01,68,89692,买盘
2333,11:25:24,13.18,--,193,254374,卖盘
2334,11:25:21,13.18,--,113,148934,卖盘
2335,11:25:18,13.18,--,31,40858,卖盘
2336,11:25:15,13.18,--,1,1318,卖盘
2337,11:25:12,13.18,-0.01,80,105440,卖盘
2338,11:25:09,13.19,-0.01,61,80459,卖盘
2339,11:25:06,13.2,-0.01,1501,1982389,卖盘
2340,11:25:03,13.21,--,102,134742,卖盘
2341,11:25:00,13.21,-0.01,158,208718,卖盘
2342,11:24:57,13.22,--,3,3966,卖盘
2343,11:24:54,13.22,--,9,11898,卖盘
2344,11:24:51,13.22,--,34,44948,卖盘
2345,11:24:48,13.22,0.01,108,142776,中性盘
2346,11:24:45,13.21,-0.01,483,638043,卖盘
2347,11:24:42,13.22,--,13,17186,卖盘
2348,11:24:36,13.22,--,15,19830,买盘
2349,11:24:33,13.22,--,57,75354,买盘
2350,11:24:30,13.22,-0.01,100,132200,卖盘
2351,11:24:27,13.23,--,12,15876,买盘
2352,11:24:24,13.23,0.01,24,31752,买盘
2353,11:24:21,13.22,-0.01,69,91218,卖盘
2354,11:24:18,13.23,--,6,7938,买盘
2355,11:24:15,13.23,--,41,54243,买盘
2356,11:24:12,13.23,--,14,18522,买盘
2357,11:24:03,13.23,--,33,43659,卖盘
2358,11:24:00,13.23,--,82,108486,买盘
2359,11:23:57,13.23,0.01,116,153468,买盘
2360,11:23:54,13.22,--,1,1322,卖盘
2361,11:23:51,13.22,--,14,18508,卖盘
2362,11:23:48,13.22,-0.01,34,44948,卖盘
2363,11:23:45,13.23,0.01,172,227556,买盘
2364,11:23:42,13.22,-0.01,13,17186,卖盘
2365,11:23:39,13.23,--,30,39690,买盘
2366,11:23:33,13.23,0.01,47,62181,买盘
2367,11:23:30,13.22,-0.01,39,51558,卖盘
2368,11:23:27,13.23,0.01,3,3969,买盘
2369,11:23:24,13.22,--,15,19830,卖盘
2370,11:23:21,13.22,-0.01,13,17186,卖盘
2371,11:23:15,13.23,0.01,8,10584,买盘
2372,11:23:12,13.22,--,29,38338,卖盘
2373,11:23:06,13.22,--,12,15864,买盘
2374,11:23:03,13.22,--,25,33050,买盘
2375,11:23:00,13.22,0.01,71,93862,卖盘
2376,11:22:57,13.21,-0.01,177,233817,卖盘
2377,11:22:54,13.22,--,100,132200,卖盘
2378,11:22:51,13.22,--,34,44948,卖盘
2379,11:22:48,13.22,-0.02,87,115014,卖盘
2380,11:22:42,13.24,0.01,64,84736,买盘
2381,11:22:39,13.23,0.01,2,2646,买盘
2382,11:22:36,13.22,-0.01,10,13220,卖盘
2383,11:22:33,13.23,0.01,16,21168,买盘
2384,11:22:30,13.22,--,112,148064,卖盘
2385,11:22:27,13.22,-0.01,5,6610,卖盘
2386,11:22:24,13.23,0.01,11,14553,买盘
2387,11:22:21,13.22,--,53,70066,卖盘
2388,11:22:18,13.22,--,18,23796,卖盘
2389,11:22:15,13.22,0.01,65,85930,买盘
2390,11:22:12,13.21,-0.01,57,75297,卖盘
2391,11:22:09,13.22,--,19,25118,买盘
2392,11:22:03,13.22,0.01,3,3966,中性盘
2393,11:22:00,13.21,--,15,19815,卖盘
2394,11:21:57,13.21,--,257,339497,卖盘
2395,11:21:54,13.21,--,186,245956,卖盘
2396,11:21:51,13.21,-0.01,80,105680,卖盘
2397,11:21:48,13.22,--,2,2644,买盘
2398,11:21:42,13.22,-0.01,444,588038,卖盘
2399,11:21:39,13.23,--,14,18522,买盘
2400,11:21:33,13.23,--,48,63504,买盘
2401,11:21:30,13.23,--,44,58212,买盘
2402,11:21:27,13.23,-0.01,43,58013,卖盘
2403,11:21:24,13.24,0.01,40,52960,买盘
2404,11:21:21,13.23,--,14,18522,卖盘
2405,11:21:18,13.23,-0.01,28,37044,卖盘
2406,11:21:15,13.24,--,3,3972,买盘
2407,11:21:12,13.24,0.01,117,154908,买盘
2408,11:21:09,13.23,--,39,51795,买盘
2409,11:21:06,13.23,-0.01,202,268370,卖盘
2410,11:21:03,13.24,--,49,64876,买盘
2411,11:21:00,13.24,0.01,11,14564,买盘
2412,11:20:57,13.23,--,79,104517,卖盘
2413,11:20:54,13.23,-0.01,118,156114,卖盘
2414,11:20:51,13.24,--,32,42368,卖盘
2415,11:20:48,13.24,--,64,84736,买盘
2416,11:20:45,13.24,0.01,31,41044,买盘
2417,11:20:42,13.23,-0.01,181,239463,卖盘
2418,11:20:36,13.24,--,9,11916,买盘
2419,11:20:33,13.24,0.01,1,1324,买盘
2420,11:20:30,13.23,-0.01,67,88641,卖盘
2421,11:20:24,13.24,0.01,23,30452,买盘
2422,11:20:21,13.23,-0.01,24,31752,卖盘
2423,11:20:15,13.24,--,50,66200,买盘
2424,11:20:12,13.24,0.01,35,46340,买盘
2425,11:20:06,13.23,--,38,50274,卖盘
2426,11:20:03,13.23,-0.02,14,18522,卖盘
2427,11:20:00,13.25,-0.01,1,1325,买盘
2428,11:19:57,13.26,--,88,116688,买盘
2429,11:19:54,13.26,--,130,172380,买盘
2430,11:19:51,13.26,0.03,19,25194,买盘
2431,11:19:48,13.23,-0.02,1000,1323000,卖盘
2432,11:19:45,13.25,--,50,66250,卖盘
2433,11:19:42,13.25,--,62,82150,卖盘
2434,11:19:39,13.25,--,18,23850,买盘
2435,11:19:33,13.25,--,32,42400,卖盘
2436,11:19:30,13.25,0.01,36,47700,买盘
2437,11:19:27,13.24,-0.01,192,254406,卖盘
2438,11:19:24,13.25,--,426,565576,卖盘
2439,11:19:21,13.25,-0.01,166,219950,卖盘
2440,11:19:18,13.26,0.01,72,95472,买盘
2441,11:19:15,13.25,--,30,39750,卖盘
2442,11:19:12,13.25,--,82,108650,卖盘
2443,11:19:09,13.25,-0.01,56,74200,卖盘
2444,11:19:06,13.26,0.01,42,55890,买盘
2445,11:19:03,13.25,--,605,802751,卖盘
2446,11:19:00,13.25,-0.01,51,67575,卖盘
2447,11:18:57,13.26,0.01,21,27846,买盘
2448,11:18:54,13.25,--,187,247775,卖盘
2449,11:18:51,13.25,--,15,19875,卖盘
2450,11:18:48,13.25,--,19,25175,卖盘
2451,11:18:45,13.25,--,84,111498,买盘
2452,11:18:42,13.25,--,240,318000,买盘
2453,11:18:39,13.25,--,129,170925,买盘
2454,11:18:36,13.25,--,62,82150,买盘
2455,11:18:33,13.25,--,24,31800,买盘
2456,11:18:30,13.25,0.02,22,29150,买盘
2457,11:18:27,13.23,--,3,3969,卖盘
2458,11:18:24,13.23,--,19,25137,卖盘
2459,11:18:21,13.23,-0.01,60,79380,卖盘
2460,11:18:18,13.24,0.01,42,55608,买盘
2461,11:18:15,13.23,--,66,87318,卖盘
2462,11:18:12,13.23,-0.01,41,54243,卖盘
2463,11:18:09,13.24,--,2,2648,买盘
2464,11:18:06,13.24,--,451,597124,卖盘
2465,11:18:03,13.24,--,12,15888,卖盘
2466,11:18:00,13.24,-0.01,14,18536,卖盘
2467,11:17:57,13.25,0.01,67,88775,买盘
2468,11:17:54,13.24,--,288,381312,卖盘
2469,11:17:51,13.24,--,38,50312,卖盘
2470,11:17:48,13.24,--,40,52960,买盘
2471,11:17:45,13.24,--,20,26480,买盘
2472,11:17:42,13.24,--,54,71496,卖盘
2473,11:17:39,13.24,-0.01,55,72820,卖盘
2474,11:17:36,13.25,0.02,146,193450,买盘
2475,11:17:33,13.23,--,25,33075,卖盘
2476,11:17:30,13.23,-0.01,14,18522,卖盘
2477,11:17:24,13.24,--,44,58256,买盘
2478,11:17:21,13.24,--,24,31776,买盘
2479,11:17:18,13.24,--,61,81624,卖盘
2480,11:17:15,13.24,--,9,12379,买盘
2481,11:17:12,13.24,--,27,36608,卖盘
2482,11:17:09,13.24,--,52,69311,买盘
2483,11:17:06,13.24,--,72,95328,买盘
2484,11:17:03,13.24,0.01,3,3972,买盘
2485,11:17:00,13.23,-0.01,30,39690,卖盘
2486,11:16:57,13.24,--,10,13240,买盘
2487,11:16:54,13.24,0.01,186,246264,买盘
2488,11:16:51,13.23,--,228,301644,卖盘
2489,11:16:48,13.23,--,107,141561,卖盘
2490,11:16:45,13.23,-0.01,20,26460,卖盘
2491,11:16:42,13.24,--,54,71496,买盘
2492,11:16:39,13.24,-0.01,167,221968,卖盘
2493,11:16:36,13.25,--,131,173575,买盘
2494,11:16:33,13.25,0.01,20,26500,买盘
2495,11:16:27,13.24,--,10,13240,卖盘
2496,11:16:24,13.24,--,159,210979,买盘
2497,11:16:21,13.24,--,54,71496,买盘
2498,11:16:18,13.24,--,1,1324,买盘
2499,11:16:15,13.24,0.02,135,178740,买盘
2500,11:16:12,13.22,-0.02,81,107082,卖盘
2501,11:16:06,13.24,0.01,132,174768,买盘
2502,11:16:03,13.23,0.01,22,29106,中性盘
2503,11:15:57,13.22,--,2,2644,卖盘
2504,11:15:54,13.22,--,80,105760,卖盘
2505,11:15:51,13.22,0.01,199,263329,买盘
2506,11:15:48,13.21,-0.01,130,171730,卖盘
2507,11:15:45,13.22,--,36,47592,买盘
2508,11:15:42,13.22,-0.01,179,237708,卖盘
2509,11:15:39,13.23,0.01,67,88892,买盘
2510,11:15:36,13.22,--,15,19830,卖盘
2511,11:15:33,13.22,0.01,11,14542,中性盘
2512,11:15:30,13.21,-0.01,163,215323,卖盘
2513,11:15:27,13.22,--,37,49984,卖盘
2514,11:15:24,13.22,-0.01,260,343720,卖盘
2515,11:15:21,13.23,-0.01,60,79380,卖盘
2516,11:15:18,13.24,0.01,21,27804,买盘
2517,11:15:15,13.23,--,1,1323,卖盘
2518,11:15:12,13.23,--,45,59535,买盘
2519,11:15:09,13.23,0.01,26,34398,买盘
2520,11:15:06,13.22,-0.02,8,10576,卖盘
2521,11:15:03,13.24,0.01,49,64876,买盘
2522,11:15:00,13.23,--,54,71442,卖盘
2523,11:14:57,13.23,0.01,7,9261,卖盘
2524,11:14:54,13.22,-0.02,1,1322,卖盘
2525,11:14:51,13.24,0.02,130,172120,买盘
2526,11:14:48,13.22,-0.02,268,354296,卖盘
2527,11:14:45,13.24,--,13,17212,买盘
2528,11:14:42,13.24,--,36,47664,买盘
2529,11:14:39,13.24,--,53,70172,买盘
2530,11:14:36,13.24,-0.01,199,264336,卖盘
2531,11:14:33,13.25,--,89,117925,卖盘
2532,11:14:30,13.25,-0.01,48,63600,卖盘
2533,11:14:27,13.26,0.01,74,98124,买盘
2534,11:14:24,13.25,--,158,209350,卖盘
2535,11:14:21,13.25,--,76,100700,卖盘
2536,11:14:18,13.25,-0.01,13,17225,卖盘
2537,11:14:15,13.26,0.01,1,1326,买盘
2538,11:14:12,13.25,--,306,405450,买盘
2539,11:14:06,13.25,--,70,92750,买盘
2540,11:14:03,13.25,--,114,151050,买盘
2541,11:14:00,13.25,--,1,1325,买盘
2542,11:13:57,13.25,0.01,3,3975,买盘
2543,11:13:54,13.24,--,184,243616,卖盘
2544,11:13:51,13.24,--,13,17212,卖盘
2545,11:13:48,13.24,-0.01,208,275392,卖盘
2546,11:13:45,13.25,--,184,244860,卖盘
2547,11:13:42,13.25,--,65,86390,卖盘
2548,11:13:39,13.25,--,40,53000,买盘
2549,11:13:36,13.25,--,15,19875,买盘
2550,11:13:30,13.25,-0.01,253,335225,卖盘
2551,11:13:27,13.26,0.01,3,3978,买盘
2552,11:13:24,13.25,--,15,19875,买盘
2553,11:13:21,13.25,0.01,40,53000,买盘
2554,11:13:18,13.24,-0.01,4,5296,卖盘
2555,11:13:12,13.25,--,24,31800,买盘
2556,11:13:09,13.25,--,60,79500,买盘
2557,11:13:06,13.25,--,9,11925,买盘
2558,11:13:03,13.25,--,65,86125,买盘
2559,11:13:00,13.25,--,180,238500,买盘
2560,11:12:57,13.25,--,5,6625,买盘
2561,11:12:54,13.25,--,3,3975,买盘
2562,11:12:51,13.25,--,52,68900,买盘
2563,11:12:48,13.25,--,300,398560,卖盘
2564,11:12:45,13.25,--,64,84800,卖盘
2565,11:12:42,13.25,--,39,51675,卖盘
2566,11:12:36,13.25,--,123,163240,卖盘
2567,11:12:33,13.25,0.01,60,79500,买盘
2568,11:12:30,13.24,--,110,145640,卖盘
2569,11:12:27,13.24,--,77,101948,卖盘
2570,11:12:24,13.24,--,12,15888,卖盘
2571,11:12:21,13.24,--,36,47664,卖盘
2572,11:12:18,13.24,--,85,112540,卖盘
2573,11:12:15,13.24,-0.01,65,86523,卖盘
2574,11:12:12,13.25,--,49,64925,买盘
2575,11:12:09,13.25,0.01,153,202725,买盘
2576,11:12:06,13.24,--,269,356156,卖盘
2577,11:12:03,13.24,--,20,26480,卖盘
2578,11:12:00,13.24,-0.01,20,26480,卖盘
2579,11:11:57,13.25,--,77,102025,买盘
2580,11:11:54,13.25,--,48,63600,买盘
2581,11:11:51,13.25,--,100,132500,买盘
2582,11:11:48,13.25,0.01,149,197425,买盘
2583,11:11:45,13.24,-0.01,152,201248,卖盘
2584,11:11:42,13.25,--,167,221275,买盘
2585,11:11:39,13.25,--,95,125875,买盘
2586,11:11:33,13.25,0.01,58,76850,买盘
2587,11:11:30,13.24,-0.01,52,68848,卖盘
2588,11:11:27,13.25,--,5,6625,买盘
2589,11:11:24,13.25,-0.01,155,205375,卖盘
2590,11:11:21,13.26,0.01,18,23868,买盘
2591,11:11:18,13.25,-0.01,74,98050,卖盘
2592,11:11:15,13.26,0.01,296,392496,买盘
2593,11:11:12,13.25,--,240,318000,卖盘
2594,11:11:09,13.25,-0.01,20,26500,卖盘
2595,11:11:06,13.26,0.01,9,11934,买盘
2596,11:11:03,13.25,--,59,78175,卖盘
2597,11:11:00,13.25,-0.01,189,250425,卖盘
2598,11:10:57,13.26,--,172,228072,买盘
2599,11:10:54,13.26,0.01,43,57018,买盘
2600,11:10:51,13.25,--,23,30475,卖盘
2601,11:10:48,13.25,--,24,31800,卖盘
2602,11:10:45,13.25,-0.01,106,140450,中性盘
2603,11:10:42,13.26,0.01,169,224094,买盘
2604,11:10:39,13.25,--,14,18550,卖盘
2605,11:10:36,13.25,--,44,58300,买盘
2606,11:10:33,13.25,--,55,72875,卖盘
2607,11:10:30,13.25,-0.01,75,99375,卖盘
2608,11:10:27,13.26,0.01,57,75582,买盘
2609,11:10:24,13.25,--,30,39750,买盘
2610,11:10:21,13.25,0.01,19,25175,中性盘
2611,11:10:18,13.24,-0.02,114,150936,卖盘
2612,11:10:15,13.26,0.02,56,74256,买盘
2613,11:10:12,13.24,-0.01,33,43692,卖盘
2614,11:10:09,13.25,--,38,50350,买盘
2615,11:10:06,13.25,--,60,79500,买盘
2616,11:10:03,13.25,0.01,15,19875,买盘
2617,11:10:00,13.24,-0.01,95,125780,卖盘
2618,11:09:57,13.25,--,6,7950,买盘
2619,11:09:54,13.25,--,1,1325,买盘
2620,11:09:51,13.25,--,58,76850,卖盘
2621,11:09:48,13.25,--,192,254400,卖盘
2622,11:09:45,13.25,--,112,148400,卖盘
2623,11:09:42,13.25,-0.01,216,286200,卖盘
2624,11:09:39,13.26,0.01,51,67626,买盘
2625,11:09:36,13.25,-0.01,20,26500,卖盘
2626,11:09:33,13.26,0.01,23,30498,买盘
2627,11:09:30,13.25,--,247,327275,卖盘
2628,11:09:27,13.25,-0.01,4,5300,卖盘
2629,11:09:24,13.26,0.01,87,115362,买盘
2630,11:09:21,13.25,--,30,39750,卖盘
2631,11:09:18,13.25,-0.01,20,26500,卖盘
2632,11:09:15,13.26,--,79,104754,买盘
2633,11:09:12,13.26,--,133,176358,买盘
2634,11:09:09,13.26,--,24,31824,买盘
2635,11:09:06,13.26,--,45,59670,买盘
2636,11:09:03,13.26,--,66,87516,买盘
2637,11:09:00,13.26,--,77,102102,买盘
2638,11:08:57,13.26,--,109,144534,卖盘
2639,11:08:54,13.26,--,126,167076,卖盘
2640,11:08:51,13.26,--,82,108732,卖盘
2641,11:08:48,13.26,--,78,103428,卖盘
2642,11:08:45,13.26,--,42,55692,卖盘
2643,11:08:42,13.26,--,299,396474,卖盘
2644,11:08:39,13.26,--,25,33150,买盘
2645,11:08:36,13.26,--,13,17238,卖盘
2646,11:08:33,13.26,--,112,148512,买盘
2647,11:08:30,13.26,--,28,37128,买盘
2648,11:08:27,13.26,--,499,661674,买盘
2649,11:08:24,13.26,-0.01,79,105947,卖盘
2650,11:08:21,13.27,0.01,131,173969,买盘
2651,11:08:18,13.26,--,44,58344,卖盘
2652,11:08:15,13.26,--,10,13260,卖盘
2653,11:08:12,13.26,--,16,21216,卖盘
2654,11:08:09,13.26,--,73,96798,卖盘
2655,11:08:06,13.26,-0.01,70,92820,卖盘
2656,11:08:03,13.27,0.01,11,14597,买盘
2657,11:08:00,13.26,--,47,62322,买盘
2658,11:07:57,13.26,--,39,51714,买盘
2659,11:07:54,13.26,0.01,670,888420,买盘
2660,11:07:51,13.25,--,34,45050,卖盘
2661,11:07:48,13.25,--,177,234525,卖盘
2662,11:07:45,13.25,--,28,37100,卖盘
2663,11:07:42,13.25,--,118,156350,卖盘
2664,11:07:39,13.25,--,22,29150,卖盘
2665,11:07:36,13.25,0.01,55,72875,卖盘
2666,11:07:33,13.24,--,413,546812,卖盘
2667,11:07:30,13.24,--,101,133724,卖盘
2668,11:07:27,13.24,-0.01,493,652983,卖盘
2669,11:07:24,13.25,--,7,9275,卖盘
2670,11:07:21,13.25,-0.01,125,165625,卖盘
2671,11:07:18,13.26,--,17,22542,买盘
2672,11:07:15,13.26,0.01,105,139230,买盘
2673,11:07:12,13.25,-0.01,30,39750,卖盘
2674,11:07:09,13.26,0.01,3,3978,买盘
2675,11:07:06,13.25,-0.01,16,21200,卖盘
2676,11:07:03,13.26,0.01,23,30498,买盘
2677,11:07:00,13.25,--,28,37100,卖盘
2678,11:06:57,13.25,--,20,26500,卖盘
2679,11:06:54,13.25,--,23,30475,卖盘
2680,11:06:51,13.25,--,70,92750,卖盘
2681,11:06:48,13.25,-0.01,138,182850,卖盘
2682,11:06:45,13.26,--,66,87516,卖盘
2683,11:06:42,13.26,--,17,22542,卖盘
2684,11:06:39,13.26,--,31,41106,买盘
2685,11:06:36,13.26,--,49,64974,卖盘
2686,11:06:33,13.26,-0.01,56,74256,卖盘
2687,11:06:30,13.27,0.01,88,116776,买盘
2688,11:06:27,13.26,--,64,84864,卖盘
2689,11:06:24,13.26,--,98,129948,卖盘
2690,11:06:21,13.26,-0.01,152,201552,卖盘
2691,11:06:18,13.27,0.01,161,213647,买盘
2692,11:06:15,13.26,--,220,291720,卖盘
2693,11:06:12,13.26,-0.01,127,168402,卖盘
2694,11:06:09,13.27,--,90,119430,买盘
2695,11:06:06,13.27,--,35,46445,卖盘
2696,11:06:03,13.27,-0.01,98,130046,中性盘
2697,11:06:00,13.28,--,113,150064,买盘
2698,11:05:57,13.28,--,640,849920,买盘
2699,11:05:54,13.28,--,35,46480,买盘
2700,11:05:51,13.28,--,466,618848,卖盘
2701,11:05:48,13.28,-0.01,149,197872,卖盘
2702,11:05:45,13.29,0.01,577,766833,买盘
2703,11:05:42,13.28,--,149,197872,卖盘
2704,11:05:39,13.28,0.01,224,297472,买盘
2705,11:05:36,13.27,-0.01,59,78293,卖盘
2706,11:05:33,13.28,--,52,69056,卖盘
2707,11:05:30,13.28,--,267,354576,卖盘
2708,11:05:27,13.28,--,89,118192,卖盘
2709,11:05:24,13.28,0.01,237,315267,买盘
2710,11:05:21,13.27,-0.01,265,351655,卖盘
2711,11:05:18,13.28,--,158,209824,买盘
2712,11:05:15,13.28,--,121,160688,买盘
2713,11:05:12,13.28,0.01,76,100928,买盘
2714,11:05:09,13.27,-0.01,51,67677,中性盘
2715,11:05:06,13.28,--,261,346608,买盘
2716,11:05:03,13.28,0.03,542,719776,买盘
2717,11:05:00,13.25,--,63,83475,卖盘
2718,11:04:57,13.25,--,317,420025,买盘
2719,11:04:54,13.25,-0.01,78,103350,卖盘
2720,11:04:51,13.26,--,270,358020,买盘
2721,11:04:48,13.26,0.01,25,33150,买盘
2722,11:04:45,13.25,-0.02,166,219950,卖盘
2723,11:04:42,13.27,0.01,433,574591,买盘
2724,11:04:39,13.26,-0.01,230,304980,卖盘
2725,11:04:36,13.27,-0.01,144,191088,卖盘
2726,11:04:33,13.28,--,233,309424,买盘
2727,11:04:30,13.28,--,138,183264,买盘
2728,11:04:27,13.28,-0.01,91,120848,买盘
2729,11:04:24,13.29,0.01,541,718989,买盘
2730,11:04:21,13.28,-0.01,163,216464,卖盘
2731,11:04:18,13.29,--,1528,2030711,卖盘
2732,11:04:15,13.29,-0.01,504,669816,卖盘
2733,11:04:12,13.3,--,80,106400,买盘
2734,11:04:09,13.3,--,881,1171730,卖盘
2735,11:04:06,13.3,-0.01,79,105070,卖盘
2736,11:04:03,13.31,--,291,387321,买盘
2737,11:04:00,13.31,--,164,218949,卖盘
2738,11:03:57,13.31,--,362,481822,卖盘
2739,11:03:54,13.31,--,255,340070,卖盘
2740,11:03:51,13.31,--,926,1232506,买盘
2741,11:03:48,13.31,0.02,1053,1401543,买盘
