,time,price,change,volume,amount,type
0,15:00:03,6.77,-0.01,2378,1609987,卖盘
1,14:57:00,6.78,--,97,65766,买盘
2,14:56:57,6.78,0.01,5,3390,买盘
3,14:56:54,6.77,-0.01,4,2708,卖盘
4,14:56:51,6.78,0.01,46,31188,买盘
5,14:56:48,6.77,--,68,46036,卖盘
6,14:56:45,6.77,-0.01,17,11509,卖盘
7,14:56:42,6.78,0.01,45,30510,买盘
8,14:56:39,6.77,-0.01,2,1354,卖盘
9,14:56:36,6.78,0.01,90,61020,买盘
10,14:56:33,6.77,--,13,8801,卖盘
11,14:56:30,6.77,--,32,21664,卖盘
12,14:56:27,6.77,-0.01,133,90041,卖盘
13,14:56:24,6.78,0.01,10,6780,买盘
14,14:56:21,6.77,--,214,144878,卖盘
15,14:56:18,6.77,--,40,27080,卖盘
16,14:56:15,6.77,-0.01,20,13540,卖盘
17,14:56:12,6.78,0.01,5,3390,买盘
18,14:56:09,6.77,-0.01,161,108997,卖盘
19,14:56:06,6.78,--,6,4068,买盘
20,14:56:03,6.78,--,240,162720,买盘
21,14:55:57,6.78,--,39,26442,买盘
22,14:55:54,6.78,0.01,5,3390,买盘
23,14:55:51,6.77,--,630,426510,卖盘
24,14:55:48,6.77,-0.01,84,56868,卖盘
25,14:55:45,6.78,--,504,341712,买盘
26,14:55:39,6.78,0.01,163,110514,买盘
27,14:55:36,6.77,--,100,67700,卖盘
28,14:55:33,6.77,--,111,75147,卖盘
29,14:55:30,6.77,--,1193,807661,买盘
30,14:55:27,6.77,0.01,226,153002,买盘
31,14:55:24,6.76,-0.01,65,43940,卖盘
32,14:55:21,6.77,0.01,48,32495,买盘
33,14:55:18,6.76,--,2,1352,卖盘
34,14:55:15,6.76,-0.01,25,17535,卖盘
35,14:55:12,6.77,--,30,20310,买盘
36,14:55:09,6.77,--,12,8123,买盘
37,14:55:06,6.77,0.01,98,66346,买盘
38,14:55:03,6.76,--,33,22308,卖盘
39,14:55:00,6.76,--,36,24336,卖盘
40,14:54:57,6.76,--,236,159536,卖盘
41,14:54:54,6.76,--,10,6760,卖盘
42,14:54:48,6.76,-0.01,153,103428,卖盘
43,14:54:45,6.77,--,139,94103,买盘
44,14:54:42,6.77,0.01,76,51452,买盘
45,14:54:39,6.76,--,60,40560,卖盘
46,14:54:36,6.76,-0.01,220,148720,卖盘
47,14:54:33,6.77,--,20,13540,买盘
48,14:54:24,6.77,--,5,3385,买盘
49,14:54:21,6.77,--,11,7446,买盘
50,14:54:18,6.77,--,10,6770,买盘
51,14:54:15,6.77,0.01,50,33850,买盘
52,14:54:12,6.76,-0.01,351,237276,卖盘
53,14:54:09,6.77,0.01,99,67023,买盘
54,14:54:06,6.76,--,29,19637,卖盘
55,14:54:03,6.76,--,72,48672,卖盘
56,14:54:00,6.76,--,15,10140,卖盘
57,14:53:57,6.76,-0.01,15,10140,卖盘
58,14:53:54,6.77,0.01,9,6093,买盘
59,14:53:51,6.76,--,55,37511,买盘
60,14:53:48,6.76,--,144,97688,卖盘
61,14:53:45,6.76,--,110,74360,卖盘
62,14:53:42,6.76,--,1,676,卖盘
63,14:53:39,6.76,--,17,11492,卖盘
64,14:53:36,6.76,--,3,2028,卖盘
65,14:53:33,6.76,--,12,8112,卖盘
66,14:53:30,6.76,--,59,39884,卖盘
67,14:53:27,6.76,-0.01,24,16224,卖盘
68,14:53:21,6.77,0.01,80,54160,买盘
69,14:53:18,6.76,0.01,101,68546,买盘
70,14:53:15,6.75,-0.01,15,10125,卖盘
71,14:53:12,6.76,--,30,20280,买盘
72,14:53:09,6.76,0.01,10,6760,买盘
73,14:53:00,6.75,-0.01,49,33075,卖盘
74,14:52:57,6.76,--,44,29744,买盘
75,14:52:54,6.76,0.01,295,199420,买盘
76,14:52:51,6.75,-0.01,57,38475,卖盘
77,14:52:48,6.76,--,226,152776,买盘
78,14:52:45,6.76,0.01,59,39884,买盘
79,14:52:42,6.75,-0.02,381,257519,卖盘
80,14:52:39,6.77,0.01,22,14893,买盘
81,14:52:36,6.76,--,140,94971,买盘
82,14:52:33,6.76,--,20,13520,买盘
83,14:52:30,6.76,0.01,22,14872,买盘
84,14:52:27,6.75,-0.01,38,25650,卖盘
85,14:52:24,6.76,--,36,24680,卖盘
86,14:52:21,6.76,--,177,119983,买盘
87,14:52:18,6.76,--,41,27716,买盘
88,14:52:15,6.76,--,127,85852,买盘
89,14:52:12,6.76,--,5,3380,买盘
90,14:52:09,6.76,--,11,7436,买盘
91,14:52:03,6.76,--,186,126080,卖盘
92,14:52:00,6.76,--,153,103428,卖盘
93,14:51:57,6.76,--,171,115596,卖盘
94,14:51:54,6.76,--,390,263971,买盘
95,14:51:51,6.76,--,20,13520,买盘
96,14:51:48,6.76,0.01,69,46644,买盘
97,14:51:45,6.75,-0.01,309,208575,卖盘
98,14:51:42,6.76,--,30,20280,买盘
99,14:51:39,6.76,--,164,110864,买盘
100,14:51:36,6.76,--,75,50700,买盘
101,14:51:33,6.76,--,1246,842640,卖盘
102,14:51:30,6.76,--,34,22984,卖盘
103,14:51:27,6.76,--,124,83824,卖盘
104,14:51:24,6.76,-0.01,8,5408,卖盘
105,14:51:21,6.77,--,30,20310,买盘
106,14:51:18,6.77,0.01,100,67700,买盘
107,14:51:15,6.76,-0.01,113,76388,卖盘
108,14:51:09,6.77,--,75,50775,买盘
109,14:51:06,6.77,0.01,5,3385,买盘
110,14:51:03,6.76,-0.01,60,40560,卖盘
111,14:51:00,6.77,0.01,16,10832,中性盘
112,14:50:57,6.76,-0.02,182,123032,卖盘
113,14:50:54,6.78,--,40,27120,买盘
114,14:50:51,6.78,0.01,147,99666,买盘
115,14:50:48,6.77,0.01,91,61606,中性盘
116,14:50:45,6.76,--,246,166296,卖盘
117,14:50:42,6.76,--,54,36504,卖盘
118,14:50:39,6.76,--,297,201143,卖盘
119,14:50:36,6.76,-0.01,13,8788,卖盘
120,14:50:33,6.77,--,83,56191,买盘
121,14:50:30,6.77,0.01,100,67700,买盘
122,14:50:27,6.76,-0.01,480,324480,卖盘
123,14:50:24,6.77,0.01,19,12863,买盘
124,14:50:18,6.76,--,11,7436,卖盘
125,14:50:15,6.76,--,15,10140,卖盘
126,14:50:12,6.76,--,448,302848,卖盘
127,14:50:06,6.76,-0.01,153,103428,卖盘
128,14:50:00,6.77,0.01,206,139462,买盘
129,14:49:57,6.76,-0.01,120,81120,卖盘
130,14:49:51,6.77,0.01,15,10155,买盘
131,14:49:45,6.76,-0.01,88,59488,卖盘
132,14:49:42,6.77,--,164,111332,卖盘
133,14:49:39,6.77,-0.01,44,29787,卖盘
134,14:49:36,6.78,0.01,39,26442,买盘
135,14:49:33,6.77,--,15,10155,卖盘
136,14:49:27,6.77,--,236,159772,卖盘
137,14:49:24,6.77,--,46,31141,卖盘
138,14:49:21,6.77,--,48,32868,买盘
139,14:49:18,6.77,--,15,10155,买盘
140,14:49:15,6.77,--,99,67327,卖盘
141,14:49:12,6.77,-0.01,62,42346,卖盘
142,14:49:09,6.78,--,81,54918,买盘
143,14:49:06,6.78,--,147,99666,买盘
144,14:49:03,6.78,0.02,120,81360,买盘
145,14:48:57,6.76,-0.01,246,166296,卖盘
146,14:48:51,6.77,-0.01,27,18279,卖盘
147,14:48:48,6.78,0.02,244,165486,买盘
148,14:48:42,6.76,--,274,185224,卖盘
149,14:48:39,6.76,-0.01,25,16900,卖盘
150,14:48:36,6.77,--,34,23640,卖盘
151,14:48:33,6.77,0.01,108,73170,买盘
152,14:48:30,6.76,--,32,22213,卖盘
153,14:48:27,6.76,-0.01,358,242008,卖盘
154,14:48:24,6.77,--,22,14893,买盘
155,14:48:21,6.77,--,165,111705,买盘
156,14:48:18,6.77,--,233,158363,卖盘
157,14:48:15,6.77,--,199,134723,卖盘
158,14:48:12,6.77,--,63,42651,卖盘
159,14:48:09,6.77,-0.01,290,196330,卖盘
160,14:48:06,6.78,--,29,19662,买盘
161,14:48:03,6.78,0.01,174,117972,买盘
162,14:47:57,6.77,--,135,91395,卖盘
163,14:47:54,6.77,--,111,75147,卖盘
164,14:47:51,6.77,-0.01,13,9288,卖盘
165,14:47:48,6.78,0.01,52,35256,买盘
166,14:47:42,6.77,--,262,177374,卖盘
167,14:47:39,6.77,--,99,67023,卖盘
168,14:47:36,6.77,--,218,147586,卖盘
169,14:47:33,6.77,--,33,22341,卖盘
170,14:47:30,6.77,--,39,26403,卖盘
171,14:47:27,6.77,-0.01,82,55514,卖盘
172,14:47:24,6.78,0.01,147,99666,买盘
173,14:47:21,6.77,--,35,23695,卖盘
174,14:47:18,6.77,-0.01,5,3385,卖盘
175,14:47:15,6.78,0.01,5,3390,买盘
176,14:47:12,6.77,-0.01,62,41974,卖盘
177,14:47:09,6.78,--,77,52206,买盘
178,14:47:06,6.78,--,43,29154,买盘
179,14:47:03,6.78,0.01,75,50850,买盘
180,14:47:00,6.77,--,32,21664,卖盘
181,14:46:57,6.77,--,286,193622,卖盘
182,14:46:54,6.77,--,86,58221,卖盘
183,14:46:51,6.77,-0.01,10,6770,卖盘
184,14:46:48,6.78,0.01,428,290184,买盘
185,14:46:45,6.77,--,60,40620,卖盘
186,14:46:42,6.77,-0.01,16,10832,卖盘
187,14:46:39,6.78,--,251,170178,买盘
188,14:46:36,6.78,--,100,67800,买盘
189,14:46:33,6.78,0.01,147,99666,买盘
190,14:46:30,6.77,--,302,204454,卖盘
191,14:46:24,6.77,--,27,18279,卖盘
192,14:46:21,6.77,-0.01,119,80563,卖盘
193,14:46:18,6.78,0.01,80,54240,买盘
194,14:46:15,6.77,-0.01,273,184821,卖盘
195,14:46:12,6.78,--,16,10848,买盘
196,14:46:09,6.78,--,1,678,买盘
197,14:46:06,6.78,0.01,110,74952,买盘
198,14:46:03,6.77,-0.01,83,56191,卖盘
199,14:45:54,6.78,0.01,2,1356,买盘
200,14:45:51,6.77,-0.01,26,17602,卖盘
201,14:45:48,6.78,0.01,4,2712,买盘
202,14:45:45,6.77,-0.01,20,13540,卖盘
203,14:45:42,6.78,0.01,172,116616,买盘
204,14:45:39,6.77,-0.01,247,167219,卖盘
205,14:45:36,6.78,--,58,39324,买盘
206,14:45:30,6.78,--,38,25764,买盘
207,14:45:27,6.78,--,36,24408,买盘
208,14:45:21,6.78,0.01,301,204078,买盘
209,14:45:18,6.77,--,116,78532,卖盘
210,14:45:12,6.77,--,36,24920,卖盘
211,14:45:09,6.77,--,117,79209,卖盘
212,14:45:06,6.77,--,86,58221,卖盘
213,14:45:03,6.77,-0.01,39,26403,卖盘
214,14:45:00,6.78,0.01,2,1356,买盘
215,14:44:57,6.77,-0.01,29,19633,卖盘
216,14:44:51,6.78,0.01,147,99666,买盘
217,14:44:48,6.77,--,142,96134,卖盘
218,14:44:45,6.77,--,38,25726,卖盘
219,14:44:42,6.77,-0.01,520,352040,卖盘
220,14:44:39,6.78,0.01,51,34578,买盘
221,14:44:36,6.77,--,269,182113,卖盘
222,14:44:30,6.77,--,253,171281,卖盘
223,14:44:24,6.77,--,258,174666,买盘
224,14:44:21,6.77,--,4,2708,买盘
225,14:44:12,6.77,--,57,38589,买盘
226,14:44:06,6.77,--,155,104935,卖盘
227,14:44:03,6.77,--,53,35881,卖盘
228,14:44:00,6.77,--,83,56191,买盘
229,14:43:57,6.77,--,2,1354,买盘
230,14:43:54,6.77,0.01,83,56191,买盘
231,14:43:51,6.76,-0.01,26,17576,卖盘
232,14:43:45,6.77,--,18,12186,卖盘
233,14:43:42,6.77,0.01,112,75824,买盘
234,14:43:39,6.76,-0.01,48,32448,卖盘
235,14:43:36,6.77,0.01,287,194299,买盘
236,14:43:33,6.76,-0.01,83,56108,卖盘
237,14:43:30,6.77,0.01,9,6093,买盘
238,14:43:27,6.76,-0.01,73,49348,卖盘
239,14:43:24,6.77,--,8,5416,买盘
240,14:43:21,6.77,--,10,6770,买盘
241,14:43:18,6.77,0.01,59,39943,买盘
242,14:43:12,6.76,--,171,115596,卖盘
243,14:43:09,6.76,--,247,166972,卖盘
244,14:43:06,6.76,-0.01,115,77740,卖盘
245,14:43:00,6.77,0.01,31,20987,买盘
246,14:42:54,6.76,-0.01,24,16224,卖盘
247,14:42:45,6.77,--,47,31818,买盘
248,14:42:36,6.77,0.01,385,260644,买盘
249,14:42:33,6.76,--,24,16224,卖盘
250,14:42:30,6.76,-0.01,221,149396,卖盘
251,14:42:21,6.77,--,30,20310,买盘
252,14:42:18,6.77,0.01,147,99519,买盘
253,14:42:15,6.76,-0.01,44,29744,卖盘
254,14:42:12,6.77,--,9,6093,买盘
255,14:42:09,6.77,--,35,23695,买盘
256,14:42:06,6.77,--,70,47390,买盘
257,14:42:00,6.77,--,51,34527,买盘
258,14:41:57,6.77,--,38,25726,买盘
259,14:41:51,6.77,0.01,31,20987,买盘
260,14:41:48,6.76,-0.02,37,25012,卖盘
261,14:41:45,6.78,--,27,18306,买盘
262,14:41:42,6.78,0.02,71,48138,买盘
263,14:41:36,6.76,-0.01,252,170352,卖盘
264,14:41:33,6.77,-0.01,69,46713,中性盘
265,14:41:30,6.78,--,60,40680,买盘
266,14:41:27,6.78,0.02,157,106446,买盘
267,14:41:24,6.76,-0.01,69,46644,卖盘
268,14:41:21,6.77,--,5,3385,买盘
269,14:41:18,6.77,--,43,29110,卖盘
270,14:41:15,6.77,-0.01,242,163834,卖盘
271,14:41:12,6.78,--,20,13560,买盘
272,14:41:09,6.78,0.01,3,2034,买盘
273,14:41:06,6.77,--,13,8801,卖盘
274,14:41:03,6.77,-0.01,467,316159,卖盘
275,14:41:00,6.78,--,30,20340,买盘
276,14:40:54,6.78,0.01,57,38646,买盘
277,14:40:51,6.77,-0.01,25,16925,卖盘
278,14:40:45,6.78,--,55,37290,买盘
279,14:40:42,6.78,0.01,486,329508,买盘
280,14:40:39,6.77,-0.01,80,54160,卖盘
281,14:40:36,6.78,0.01,147,99666,买盘
282,14:40:33,6.77,--,379,256582,卖盘
283,14:40:30,6.77,-0.01,28,18956,卖盘
284,14:40:27,6.78,0.01,12,8136,买盘
285,14:40:24,6.77,--,101,68377,卖盘
286,14:40:21,6.77,-0.01,25,16925,卖盘
287,14:40:18,6.78,0.01,29,19662,买盘
288,14:40:12,6.77,--,20,13540,卖盘
289,14:40:09,6.77,--,27,18279,卖盘
290,14:40:06,6.77,--,19,12863,卖盘
291,14:40:03,6.77,--,86,58221,卖盘
292,14:40:00,6.77,--,13,8801,卖盘
293,14:39:57,6.77,-0.01,29,19633,卖盘
294,14:39:54,6.78,0.01,1,678,买盘
295,14:39:48,6.77,-0.01,1,677,卖盘
296,14:39:45,6.78,--,173,117294,买盘
297,14:39:42,6.78,0.01,30,20340,买盘
298,14:39:36,6.77,--,38,25726,卖盘
299,14:39:33,6.77,-0.01,278,188206,卖盘
300,14:39:27,6.78,0.01,16,10848,买盘
301,14:39:24,6.77,--,811,549047,买盘
302,14:39:21,6.77,--,39,26403,买盘
303,14:39:18,6.77,0.01,50,33850,买盘
304,14:39:15,6.76,--,1136,767936,卖盘
305,14:39:12,6.76,-0.01,24,16224,卖盘
306,14:39:09,6.77,--,5,3385,买盘
307,14:39:06,6.77,0.01,10,6770,买盘
308,14:39:03,6.76,--,41,27716,卖盘
309,14:39:00,6.76,-0.01,141,95316,卖盘
310,14:38:57,6.77,--,51,34527,买盘
311,14:38:54,6.77,--,223,150971,买盘
312,14:38:51,6.77,--,182,123213,买盘
313,14:38:45,6.77,--,10,6770,买盘
314,14:38:42,6.77,--,44,29787,买盘
315,14:38:39,6.77,--,97,65669,买盘
316,14:38:36,6.77,0.01,42,28434,买盘
317,14:38:33,6.76,--,253,171028,卖盘
318,14:38:30,6.76,-0.01,5,3380,卖盘
319,14:38:27,6.77,--,115,77855,买盘
320,14:38:24,6.77,--,116,78532,买盘
321,14:38:21,6.77,--,4,2708,买盘
322,14:38:18,6.77,0.01,224,151648,买盘
323,14:38:15,6.76,-0.01,29,19604,卖盘
324,14:38:12,6.77,-0.01,565,382505,卖盘
325,14:38:09,6.78,0.01,1,678,买盘
326,14:38:06,6.77,--,37,25049,卖盘
327,14:38:03,6.77,--,196,132692,卖盘
328,14:38:00,6.77,--,32,21664,卖盘
329,14:37:54,6.77,--,106,71762,卖盘
330,14:37:51,6.77,--,119,80563,卖盘
331,14:37:48,6.77,--,1,677,卖盘
332,14:37:42,6.77,-0.01,56,37912,卖盘
333,14:37:36,6.78,--,5,3390,买盘
334,14:37:33,6.78,0.01,97,65766,买盘
335,14:37:30,6.77,-0.01,254,171958,卖盘
336,14:37:27,6.78,0.01,31,21018,买盘
337,14:37:21,6.77,-0.01,28,18956,卖盘
338,14:37:18,6.78,0.01,18,12204,买盘
339,14:37:15,6.77,-0.01,5,3385,卖盘
340,14:37:09,6.78,--,184,124752,买盘
341,14:37:06,6.78,--,2,1356,买盘
342,14:37:03,6.78,0.01,162,109836,买盘
343,14:37:00,6.77,--,30,20310,卖盘
344,14:36:57,6.77,-0.01,8,5416,卖盘
345,14:36:54,6.78,0.01,374,253572,买盘
346,14:36:48,6.77,-0.01,34,23018,卖盘
347,14:36:42,6.78,0.01,70,47460,买盘
348,14:36:36,6.77,--,35,23695,卖盘
349,14:36:33,6.77,--,49,33173,卖盘
350,14:36:30,6.77,--,255,172635,卖盘
351,14:36:24,6.77,--,195,132015,卖盘
352,14:36:21,6.77,-0.01,50,33850,卖盘
353,14:36:18,6.78,--,386,261708,买盘
354,14:36:15,6.78,0.01,47,31866,买盘
355,14:36:06,6.77,--,58,39266,卖盘
356,14:36:03,6.77,-0.01,67,45359,卖盘
357,14:36:00,6.78,0.01,17,11526,买盘
358,14:35:57,6.77,-0.01,100,67700,卖盘
359,14:35:54,6.78,0.01,50,33900,买盘
360,14:35:51,6.77,--,29,19633,卖盘
361,14:35:48,6.77,-0.01,22,14893,卖盘
362,14:35:45,6.78,0.01,132,89496,买盘
363,14:35:42,6.77,--,153,103581,卖盘
364,14:35:39,6.77,--,35,23695,卖盘
365,14:35:36,6.77,--,458,310066,卖盘
366,14:35:33,6.77,--,37,25049,卖盘
367,14:35:30,6.77,--,209,141493,卖盘
368,14:35:27,6.77,--,87,58898,卖盘
369,14:35:24,6.77,-0.01,15,10155,卖盘
370,14:35:21,6.78,0.01,350,237300,买盘
371,14:35:18,6.77,-0.01,24,16247,中性盘
372,14:35:15,6.78,0.01,1315,891570,买盘
373,14:35:12,6.77,--,8,5416,买盘
374,14:35:09,6.77,0.01,47,31818,买盘
375,14:35:06,6.76,-0.01,25,16900,卖盘
376,14:35:03,6.77,--,50,33850,买盘
377,14:35:00,6.77,0.01,13,8801,买盘
378,14:34:57,6.76,-0.01,71,47996,卖盘
379,14:34:54,6.77,--,62,41974,买盘
380,14:34:51,6.77,--,4,2708,买盘
381,14:34:48,6.77,0.01,4,2708,买盘
382,14:34:45,6.76,--,71,47996,卖盘
383,14:34:42,6.76,-0.01,8,5408,卖盘
384,14:34:39,6.77,--,54,36558,买盘
385,14:34:36,6.77,0.01,10,6770,买盘
386,14:34:33,6.76,-0.01,74,50024,卖盘
387,14:34:30,6.77,0.01,151,102227,买盘
388,14:34:27,6.76,-0.02,1315,888940,卖盘
389,14:34:24,6.78,0.01,42,28476,买盘
390,14:34:21,6.77,--,247,167219,卖盘
391,14:34:18,6.77,--,1,677,卖盘
392,14:34:15,6.77,0.01,257,173989,买盘
393,14:34:12,6.76,-0.01,199,134524,卖盘
394,14:34:09,6.77,0.01,40,27080,买盘
395,14:34:06,6.76,-0.01,62,41912,卖盘
396,14:34:03,6.77,--,71,48067,买盘
397,14:34:00,6.77,0.01,54,36558,买盘
398,14:33:57,6.76,-0.01,138,93288,卖盘
399,14:33:54,6.77,--,4,2708,买盘
400,14:33:51,6.77,0.01,31,20987,买盘
401,14:33:48,6.76,--,184,124384,卖盘
402,14:33:45,6.76,-0.02,161,108836,卖盘
403,14:33:42,6.78,--,4,2712,买盘
404,14:33:39,6.78,--,1219,826482,买盘
405,14:33:36,6.78,0.01,4,2712,买盘
406,14:33:33,6.77,0.01,24,16247,卖盘
407,14:33:30,6.76,--,81,54756,卖盘
408,14:33:27,6.76,-0.01,318,214968,卖盘
409,14:33:24,6.77,--,99,67023,买盘
410,14:33:21,6.77,--,159,107643,买盘
411,14:33:18,6.77,--,366,247781,卖盘
412,14:33:15,6.77,--,55,37235,买盘
413,14:33:12,6.77,--,13,8801,买盘
414,14:33:09,6.77,--,1,677,买盘
415,14:33:06,6.77,--,12,8123,中性盘
416,14:33:03,6.77,0.01,36,24372,买盘
417,14:33:00,6.76,-0.01,118,79768,卖盘
418,14:32:57,6.77,--,4,2708,买盘
419,14:32:54,6.77,--,35,23695,买盘
420,14:32:51,6.77,--,192,129983,买盘
421,14:32:48,6.77,--,222,150294,买盘
422,14:32:45,6.77,--,1,677,买盘
423,14:32:42,6.77,--,114,77178,卖盘
424,14:32:39,6.77,--,20,13540,卖盘
425,14:32:36,6.77,--,26,17602,卖盘
426,14:32:33,6.77,--,2,1354,卖盘
427,14:32:30,6.77,-0.01,37,25049,卖盘
428,14:32:27,6.78,--,342,231876,买盘
429,14:32:24,6.78,0.01,47,31866,买盘
430,14:32:21,6.77,--,120,81240,卖盘
431,14:32:18,6.77,-0.01,138,93426,卖盘
432,14:32:15,6.78,--,256,173568,买盘
433,14:32:12,6.78,0.01,518,351204,买盘
434,14:32:09,6.77,-0.01,24,16247,卖盘
435,14:32:06,6.78,--,2,1356,买盘
436,14:32:03,6.78,--,42,28476,买盘
437,14:32:00,6.78,0.01,4,2712,买盘
438,14:31:57,6.77,-0.01,38,25726,卖盘
439,14:31:54,6.78,--,183,124074,买盘
440,14:31:51,6.78,0.01,109,73902,买盘
441,14:31:45,6.77,-0.01,113,76501,卖盘
442,14:31:42,6.78,--,154,104412,卖盘
443,14:31:39,6.78,--,53,35934,卖盘
444,14:31:36,6.78,--,28,18984,卖盘
445,14:31:33,6.78,--,33,22374,卖盘
446,14:31:27,6.78,-0.01,133,90174,卖盘
447,14:31:24,6.79,0.01,199,135121,买盘
448,14:31:21,6.78,-0.01,94,63732,卖盘
449,14:31:18,6.79,--,465,315735,买盘
450,14:31:15,6.79,--,228,154812,买盘
451,14:31:12,6.79,0.01,265,179935,买盘
452,14:31:09,6.78,-0.01,19,12882,卖盘
453,14:31:06,6.79,--,34,23086,买盘
454,14:31:03,6.79,0.01,233,158207,买盘
455,14:31:00,6.78,--,2,1356,卖盘
456,14:30:57,6.78,-0.01,118,80004,卖盘
457,14:30:54,6.79,0.01,3,2037,买盘
458,14:30:51,6.78,-0.01,76,51528,中性盘
459,14:30:45,6.79,0.01,1003,681037,买盘
460,14:30:42,6.78,--,7,4746,卖盘
461,14:30:39,6.78,--,68,46104,卖盘
462,14:30:36,6.78,0.01,30,20340,买盘
463,14:30:33,6.77,-0.01,1,677,卖盘
464,14:30:30,6.78,0.01,141,95598,买盘
465,14:30:27,6.77,-0.01,1,677,卖盘
466,14:30:24,6.78,0.01,393,266454,买盘
467,14:30:18,6.77,-0.01,31,20987,卖盘
468,14:30:15,6.78,--,385,261030,买盘
469,14:30:12,6.78,--,147,99666,买盘
470,14:30:09,6.78,0.01,3,2034,买盘
471,14:30:06,6.77,-0.01,63,42651,卖盘
472,14:30:03,6.78,0.01,80,54240,买盘
473,14:30:00,6.77,--,2,1354,卖盘
474,14:29:57,6.77,-0.01,28,18956,卖盘
475,14:29:54,6.78,0.01,3,2034,买盘
476,14:29:51,6.77,--,12,8123,卖盘
477,14:29:48,6.77,--,11,7446,卖盘
478,14:29:45,6.77,--,24,16247,卖盘
479,14:29:39,6.77,--,2,1354,卖盘
480,14:29:36,6.77,--,28,18956,卖盘
481,14:29:33,6.77,-0.02,27,18279,卖盘
482,14:29:27,6.79,--,365,247835,买盘
483,14:29:24,6.79,0.02,221,150059,买盘
484,14:29:21,6.77,--,244,165188,卖盘
485,14:29:18,6.77,-0.02,4,2708,卖盘
486,14:29:15,6.79,--,138,93702,买盘
487,14:29:12,6.79,0.02,269,182651,买盘
488,14:29:09,6.77,-0.01,6,4061,卖盘
489,14:29:06,6.78,--,22,14916,买盘
490,14:29:03,6.78,0.01,108,73224,买盘
491,14:29:00,6.77,-0.02,28,18956,卖盘
492,14:28:57,6.79,--,4,2716,买盘
493,14:28:54,6.79,0.01,1359,922761,买盘
494,14:28:51,6.78,--,357,242046,卖盘
495,14:28:48,6.78,--,71,48138,卖盘
496,14:28:45,6.78,--,25,16950,卖盘
497,14:28:42,6.78,-0.01,77,52206,卖盘
498,14:28:39,6.79,0.01,474,321846,买盘
499,14:28:36,6.78,--,52,35256,卖盘
500,14:28:30,6.78,--,77,52206,买盘
501,14:28:27,6.78,0.01,27,18306,买盘
502,14:28:24,6.77,-0.01,13,8801,卖盘
503,14:28:21,6.78,-0.01,312,211536,买盘
504,14:28:18,6.79,0.02,197,133763,买盘
505,14:28:15,6.77,-0.02,28,18956,卖盘
506,14:28:09,6.79,--,250,169750,买盘
507,14:28:06,6.79,0.01,2,1358,买盘
508,14:28:03,6.78,0.01,62,42036,买盘
509,14:27:57,6.77,-0.01,17,11509,卖盘
510,14:27:54,6.78,--,28,18984,买盘
511,14:27:51,6.78,--,3,2034,买盘
512,14:27:48,6.78,--,59,40002,卖盘
513,14:27:45,6.78,--,61,41358,卖盘
514,14:27:42,6.78,--,142,96276,卖盘
515,14:27:39,6.78,--,148,100344,卖盘
516,14:27:36,6.78,-0.01,14,9492,卖盘
517,14:27:33,6.79,0.01,19,12901,买盘
518,14:27:30,6.78,0.01,28,18984,卖盘
519,14:27:27,6.77,--,1,677,卖盘
520,14:27:24,6.77,-0.01,57,38589,卖盘
521,14:27:21,6.78,-0.01,285,193230,中性盘
522,14:27:15,6.79,--,58,39382,买盘
523,14:27:12,6.79,--,335,227465,买盘
524,14:27:09,6.79,--,252,171108,买盘
525,14:27:06,6.79,--,1,679,买盘
526,14:27:03,6.79,0.02,118,80122,买盘
527,14:27:00,6.77,--,2,1354,卖盘
528,14:26:57,6.77,--,28,18956,卖盘
529,14:26:54,6.77,--,46,31141,卖盘
530,14:26:48,6.77,-0.01,204,138108,卖盘
531,14:26:45,6.78,--,5,3390,买盘
532,14:26:42,6.78,--,34,23052,买盘
533,14:26:39,6.78,--,14,9492,买盘
534,14:26:36,6.78,--,47,31866,买盘
535,14:26:33,6.78,--,50,33900,买盘
536,14:26:27,6.78,0.01,16,10848,买盘
537,14:26:24,6.77,--,27,18279,卖盘
538,14:26:21,6.77,-0.01,251,169927,卖盘
539,14:26:18,6.78,0.01,31,21018,买盘
540,14:26:15,6.77,-0.02,27,18279,卖盘
541,14:26:12,6.79,0.01,132,89628,买盘
542,14:26:09,6.78,-0.01,18,12204,中性盘
543,14:26:06,6.79,0.01,400,271600,买盘
544,14:26:03,6.78,--,139,94242,卖盘
545,14:26:00,6.78,--,12,8136,卖盘
546,14:25:57,6.78,--,179,121362,卖盘
547,14:25:54,6.78,--,26,17628,卖盘
548,14:25:51,6.78,--,93,63054,卖盘
549,14:25:48,6.78,0.01,42,28476,买盘
550,14:25:45,6.77,--,48,32495,卖盘
551,14:25:42,6.77,--,22,14893,卖盘
552,14:25:39,6.77,-0.02,28,18956,卖盘
553,14:25:36,6.79,0.01,50,33950,买盘
554,14:25:33,6.78,--,20,14217,卖盘
555,14:25:30,6.78,--,174,117992,买盘
556,14:25:27,6.78,0.01,18,12204,买盘
557,14:25:24,6.77,-0.01,33,22341,卖盘
558,14:25:21,6.78,0.01,151,102378,买盘
559,14:25:18,6.77,--,186,125921,卖盘
560,14:25:12,6.77,-0.01,214,144878,卖盘
561,14:25:09,6.78,0.01,149,101022,买盘
562,14:25:06,6.77,-0.01,435,294495,卖盘
563,14:25:03,6.78,0.01,143,96954,买盘
564,14:25:00,6.77,-0.01,14,9478,卖盘
565,14:24:57,6.78,--,29,19662,买盘
566,14:24:54,6.78,--,13,8814,买盘
567,14:24:51,6.78,--,20,13560,买盘
568,14:24:48,6.78,0.01,50,33900,买盘
569,14:24:45,6.77,-0.01,237,160449,卖盘
570,14:24:42,6.78,--,40,27120,买盘
571,14:24:39,6.78,--,1054,714612,买盘
572,14:24:36,6.78,0.01,1,678,买盘
573,14:24:33,6.77,--,83,56191,卖盘
574,14:24:30,6.77,-0.01,193,130660,卖盘
575,14:24:24,6.78,--,31,21018,买盘
576,14:24:21,6.78,0.01,1750,1186500,买盘
577,14:24:18,6.77,-0.01,251,169927,卖盘
578,14:24:15,6.78,0.01,192,130176,买盘
579,14:24:12,6.77,-0.01,134,90718,卖盘
580,14:24:09,6.78,--,31,21018,买盘
581,14:24:06,6.78,--,49,33222,买盘
582,14:24:03,6.78,0.01,492,333576,买盘
583,14:24:00,6.77,--,29,19633,卖盘
584,14:23:57,6.77,-0.01,3,2030,卖盘
585,14:23:54,6.78,0.01,6,4068,买盘
586,14:23:51,6.77,-0.01,25,16925,卖盘
587,14:23:48,6.78,--,17,11526,买盘
588,14:23:45,6.78,0.01,1,678,买盘
589,14:23:39,6.77,-0.01,58,39266,卖盘
590,14:23:36,6.78,--,1,678,买盘
591,14:23:33,6.78,--,61,41358,买盘
592,14:23:30,6.78,--,20,13560,买盘
593,14:23:27,6.78,0.01,160,108480,买盘
594,14:23:24,6.77,--,195,132015,卖盘
595,14:23:21,6.77,-0.01,10,6770,卖盘
596,14:23:18,6.78,0.01,199,134922,买盘
597,14:23:15,6.77,--,99,67023,卖盘
598,14:23:12,6.77,-0.01,50,33850,卖盘
599,14:23:09,6.78,--,12,8136,买盘
600,14:23:06,6.78,0.02,248,168144,买盘
601,14:23:03,6.76,-0.02,61,41236,卖盘
602,14:23:00,6.78,0.01,240,162720,买盘
603,14:22:57,6.77,0.01,33,22341,买盘
604,14:22:54,6.76,-0.01,31,20956,卖盘
605,14:22:51,6.77,--,92,62283,买盘
606,14:22:48,6.77,0.01,46,31141,买盘
607,14:22:45,6.76,--,166,112216,卖盘
608,14:22:42,6.76,-0.01,25,16900,卖盘
609,14:22:36,6.77,--,117,79209,买盘
610,14:22:33,6.77,0.01,226,153002,买盘
611,14:22:30,6.76,-0.01,88,59488,卖盘
612,14:22:27,6.77,--,1,677,买盘
613,14:22:24,6.77,0.01,3,2030,买盘
614,14:22:21,6.76,-0.01,27,18252,卖盘
615,14:22:18,6.77,--,10,6770,买盘
616,14:22:15,6.77,-0.01,35,23695,卖盘
617,14:22:12,6.78,0.01,53,35934,买盘
618,14:22:09,6.77,--,182,123213,卖盘
619,14:22:06,6.77,-0.01,7,4739,卖盘
620,14:22:03,6.78,0.01,341,231198,买盘
621,14:21:57,6.77,--,50,33850,买盘
622,14:21:54,6.77,--,221,149617,买盘
623,14:21:51,6.77,0.01,33,22341,买盘
624,14:21:48,6.76,-0.01,1041,703716,卖盘
625,14:21:45,6.77,--,1117,756209,买盘
626,14:21:42,6.77,0.01,147,99519,买盘
627,14:21:39,6.76,--,2,1352,卖盘
628,14:21:36,6.76,-0.01,30,20280,卖盘
629,14:21:33,6.77,--,6,4061,中性盘
630,14:21:27,6.77,--,72,48744,卖盘
631,14:21:24,6.77,--,29,19633,卖盘
632,14:21:21,6.77,--,12,8123,卖盘
633,14:21:18,6.77,--,2,1354,卖盘
634,14:21:15,6.77,--,255,172635,卖盘
635,14:21:12,6.77,-0.01,41,27757,卖盘
636,14:21:09,6.78,--,112,75936,买盘
637,14:21:06,6.78,--,16,10848,买盘
638,14:21:03,6.78,0.01,177,120006,买盘
639,14:20:57,6.77,--,273,184821,卖盘
640,14:20:54,6.77,--,23,15570,卖盘
641,14:20:51,6.77,-0.01,173,117120,卖盘
642,14:20:48,6.78,0.01,19,12882,买盘
643,14:20:39,6.77,--,23,15570,卖盘
644,14:20:36,6.77,-0.01,3,2030,卖盘
645,14:20:33,6.78,0.01,5,3390,买盘
646,14:20:30,6.77,-0.01,48,32495,卖盘
647,14:20:27,6.78,0.01,47,31866,买盘
648,14:20:24,6.77,--,50,33850,买盘
649,14:20:21,6.77,--,21,14217,买盘
650,14:20:18,6.77,--,36,24372,买盘
651,14:20:15,6.77,-0.01,187,126598,卖盘
652,14:20:12,6.78,--,166,112548,买盘
653,14:20:09,6.78,0.02,1,678,买盘
654,14:20:06,6.76,-0.02,28,18928,卖盘
655,14:20:03,6.78,--,32,21696,买盘
656,14:20:00,6.78,0.01,395,267810,买盘
657,14:19:57,6.77,--,28,18956,买盘
658,14:19:54,6.77,0.01,3,2030,买盘
659,14:19:45,6.76,-0.01,29,19604,卖盘
660,14:19:42,6.77,0.01,14,9478,买盘
661,14:19:39,6.76,-0.01,2,1352,卖盘
662,14:19:36,6.77,0.01,2,1354,买盘
663,14:19:33,6.76,-0.01,95,64220,卖盘
664,14:19:30,6.77,-0.01,106,71762,卖盘
665,14:19:27,6.78,0.02,36,24408,买盘
666,14:19:24,6.76,-0.01,156,105456,卖盘
667,14:19:21,6.77,-0.01,25,16925,中性盘
668,14:19:18,6.78,0.01,8,5424,买盘
669,14:19:15,6.77,--,2,1354,卖盘
670,14:19:12,6.77,-0.01,341,230857,卖盘
671,14:19:09,6.78,0.01,453,307134,买盘
672,14:19:06,6.77,-0.01,3,2030,卖盘
673,14:19:03,6.78,--,47,31866,买盘
674,14:19:00,6.78,0.01,320,216960,买盘
675,14:18:57,6.77,-0.01,25,16925,卖盘
676,14:18:54,6.78,--,3,2034,买盘
677,14:18:51,6.78,0.01,36,24408,买盘
678,14:18:48,6.77,--,26,17602,卖盘
679,14:18:39,6.77,-0.01,28,18956,卖盘
680,14:18:33,6.78,--,5,3390,买盘
681,14:18:30,6.78,--,1,678,买盘
682,14:18:27,6.78,0.01,139,94242,买盘
683,14:18:24,6.77,--,21,14217,卖盘
684,14:18:21,6.77,--,65,44005,卖盘
685,14:18:18,6.77,0.01,30,20310,买盘
686,14:18:15,6.76,--,30,20280,卖盘
687,14:18:12,6.76,--,251,169676,卖盘
688,14:18:06,6.76,-0.02,154,104104,卖盘
689,14:18:03,6.78,0.02,36,24408,买盘
690,14:18:00,6.76,-0.02,4,2704,卖盘
691,14:17:57,6.78,0.02,239,162042,买盘
692,14:17:54,6.76,-0.01,48,32448,卖盘
693,14:17:51,6.77,--,40,27080,买盘
694,14:17:48,6.77,--,1,677,买盘
695,14:17:45,6.77,--,55,37235,卖盘
696,14:17:42,6.77,--,40,27080,买盘
697,14:17:36,6.77,--,8,5416,卖盘
698,14:17:33,6.77,--,52,35204,卖盘
699,14:17:30,6.77,--,21,14217,卖盘
700,14:17:27,6.77,--,126,85302,买盘
701,14:17:24,6.77,--,3,2030,买盘
702,14:17:21,6.77,0.01,86,58221,买盘
703,14:17:15,6.76,-0.01,2,1352,卖盘
704,14:17:12,6.77,--,29,19633,买盘
705,14:17:09,6.77,-0.01,63,42651,卖盘
706,14:17:06,6.78,--,116,78648,买盘
707,14:17:03,6.78,--,38,25764,买盘
708,14:17:00,6.78,--,276,187128,买盘
709,14:16:57,6.78,--,1,678,买盘
710,14:16:51,6.78,0.02,3,2034,买盘
711,14:16:48,6.76,-0.02,122,82472,卖盘
712,14:16:45,6.78,0.01,20,13560,买盘
713,14:16:42,6.77,--,29,19633,买盘
714,14:16:39,6.77,0.01,11,7446,中性盘
715,14:16:36,6.76,-0.02,265,179140,卖盘
716,14:16:33,6.78,0.02,277,187806,买盘
717,14:16:30,6.76,-0.02,8,5408,卖盘
718,14:16:27,6.78,--,107,72546,买盘
719,14:16:24,6.78,0.02,12,8136,买盘
720,14:16:21,6.76,-0.01,39,26364,卖盘
721,14:16:18,6.77,0.01,20,13540,买盘
722,14:16:15,6.76,-0.01,26,17576,卖盘
723,14:16:12,6.77,--,1,677,买盘
724,14:16:09,6.77,-0.01,212,143524,卖盘
725,14:16:06,6.78,--,14,9492,买盘
726,14:16:03,6.78,--,206,139668,买盘
727,14:16:00,6.78,--,318,215604,买盘
728,14:15:57,6.78,--,32,21696,买盘
729,14:15:54,6.78,0.01,100,67800,买盘
730,14:15:51,6.77,-0.01,30,20310,卖盘
731,14:15:45,6.78,0.01,178,120684,买盘
732,14:15:42,6.77,--,26,17602,卖盘
733,14:15:33,6.77,--,1,677,卖盘
734,14:15:30,6.77,--,191,129306,买盘
735,14:15:27,6.77,0.01,1,677,买盘
736,14:15:24,6.76,-0.01,4,2704,卖盘
737,14:15:21,6.77,0.01,2,1354,买盘
738,14:15:18,6.76,-0.01,104,70304,卖盘
739,14:15:15,6.77,0.01,2,1354,买盘
740,14:15:12,6.76,--,50,33800,卖盘
741,14:15:09,6.76,-0.02,120,81120,卖盘
742,14:15:06,6.78,--,2,1356,买盘
743,14:15:03,6.78,0.01,151,102378,买盘
744,14:15:00,6.77,0.01,14,9478,买盘
745,14:14:57,6.76,-0.02,50,33800,卖盘
746,14:14:54,6.78,--,277,187806,买盘
747,14:14:51,6.78,0.01,147,99666,买盘
748,14:14:48,6.77,0.01,29,19633,中性盘
749,14:14:45,6.76,-0.01,89,60164,卖盘
750,14:14:39,6.77,-0.01,32,21664,中性盘
751,14:14:36,6.78,0.02,145,98310,买盘
752,14:14:24,6.76,--,28,18928,卖盘
753,14:14:21,6.76,-0.01,34,22984,卖盘
754,14:14:18,6.77,--,35,23695,买盘
755,14:14:15,6.77,0.01,71,48067,买盘
756,14:14:12,6.76,-0.01,29,19604,卖盘
757,14:14:09,6.77,--,66,44682,卖盘
758,14:14:06,6.77,--,109,73793,卖盘
759,14:14:03,6.77,-0.01,56,37912,卖盘
760,14:14:00,6.78,0.01,270,183060,买盘
761,14:13:57,6.77,0.01,16,10832,卖盘
762,14:13:51,6.76,-0.01,40,27040,卖盘
763,14:13:48,6.77,0.01,325,220025,中性盘
764,14:13:42,6.76,-0.01,26,17576,卖盘
765,14:13:39,6.77,--,25,16925,卖盘
766,14:13:27,6.77,--,28,18956,卖盘
767,14:13:21,6.77,--,21,14217,卖盘
768,14:13:18,6.77,-0.01,26,17602,卖盘
769,14:13:15,6.78,--,81,54918,买盘
770,14:13:12,6.78,--,68,46104,买盘
771,14:13:09,6.78,0.01,176,119328,买盘
772,14:13:06,6.77,-0.01,265,179405,卖盘
773,14:13:03,6.78,0.01,138,93564,买盘
774,14:13:00,6.77,0.01,124,83948,中性盘
775,14:12:54,6.76,--,28,18928,卖盘
776,14:12:51,6.76,-0.01,37,25012,卖盘
777,14:12:48,6.77,--,347,234918,卖盘
778,14:12:45,6.77,--,43,29110,卖盘
779,14:12:42,6.77,-0.01,2,1354,卖盘
780,14:12:39,6.78,0.01,26,17628,买盘
781,14:12:36,6.77,--,20,13540,卖盘
782,14:12:33,6.77,-0.01,37,25049,卖盘
783,14:12:30,6.78,0.01,12,8136,买盘
784,14:12:24,6.77,--,2,1354,卖盘
785,14:12:21,6.77,-0.01,80,54160,卖盘
786,14:12:15,6.78,0.01,171,115938,买盘
787,14:12:12,6.77,--,145,98165,买盘
788,14:12:09,6.77,--,60,40620,买盘
789,14:12:06,6.77,--,256,173312,买盘
790,14:12:03,6.77,--,32,21664,买盘
791,14:12:00,6.77,--,179,121182,买盘
792,14:11:54,6.77,--,1,677,卖盘
793,14:11:48,6.77,-0.01,49,33173,卖盘
794,14:11:45,6.78,0.01,258,174924,买盘
795,14:11:42,6.77,0.01,5,3385,中性盘
796,14:11:39,6.76,--,31,20956,卖盘
797,14:11:36,6.76,--,100,67600,卖盘
798,14:11:27,6.76,--,67,45292,卖盘
799,14:11:24,6.76,--,178,120328,卖盘
800,14:11:21,6.76,-0.02,1,676,卖盘
801,14:11:15,6.78,0.02,62,42036,买盘
802,14:11:12,6.76,-0.01,42,28392,卖盘
803,14:11:09,6.77,-0.01,45,30464,卖盘
804,14:11:06,6.78,0.02,106,71868,买盘
805,14:11:03,6.76,-0.01,338,228488,卖盘
806,14:11:00,6.77,-0.01,5,3385,买盘
807,14:10:57,6.78,0.02,110,74580,买盘
808,14:10:54,6.76,--,24,16224,卖盘
809,14:10:48,6.76,-0.01,42,28392,卖盘
810,14:10:45,6.77,--,307,207839,卖盘
811,14:10:42,6.77,--,38,25726,卖盘
812,14:10:33,6.77,-0.01,25,16925,卖盘
813,14:10:30,6.78,--,156,105768,买盘
814,14:10:27,6.78,0.01,5,3390,买盘
815,14:10:21,6.77,--,58,39266,卖盘
816,14:10:18,6.77,-0.01,21,14217,卖盘
817,14:10:15,6.78,--,1,678,买盘
818,14:10:12,6.78,0.01,1,678,买盘
819,14:10:09,6.77,-0.01,26,17602,卖盘
820,14:10:06,6.78,0.01,235,159330,买盘
821,14:10:03,6.77,--,235,159095,卖盘
822,14:09:57,6.77,--,28,18956,卖盘
823,14:09:54,6.77,-0.01,45,30464,卖盘
824,14:09:51,6.78,0.01,244,165432,买盘
825,14:09:48,6.77,--,26,17602,卖盘
826,14:09:36,6.77,--,147,99519,买盘
827,14:09:33,6.77,--,4,2708,买盘
828,14:09:30,6.77,0.01,20,13540,买盘
829,14:09:27,6.76,--,5,3380,卖盘
830,14:09:24,6.76,-0.01,34,22984,卖盘
831,14:09:21,6.77,--,13,8801,卖盘
832,14:09:18,6.77,--,6,4061,买盘
833,14:09:15,6.77,--,30,20310,卖盘
834,14:09:12,6.77,--,21,14217,卖盘
835,14:09:09,6.77,--,1,677,卖盘
836,14:09:06,6.77,--,162,109674,买盘
837,14:09:03,6.77,0.01,211,142847,中性盘
838,14:08:51,6.76,-0.02,24,16224,卖盘
839,14:08:45,6.78,0.02,387,262386,买盘
840,14:08:42,6.76,-0.01,28,18928,卖盘
841,14:08:36,6.77,-0.01,160,108320,卖盘
842,14:08:33,6.78,0.01,9,6102,买盘
843,14:08:30,6.77,--,28,18956,卖盘
844,14:08:27,6.77,-0.01,30,20310,卖盘
845,14:08:24,6.78,0.01,50,33900,买盘
846,14:08:21,6.77,--,9,6093,卖盘
847,14:08:18,6.77,--,26,17602,卖盘
848,14:08:15,6.77,--,330,223410,卖盘
849,14:08:12,6.77,-0.01,41,27757,卖盘
850,14:08:09,6.78,--,27,18306,买盘
851,14:08:06,6.78,--,1,678,买盘
852,14:08:03,6.78,0.01,297,201366,买盘
853,14:08:00,6.77,--,78,52806,卖盘
854,14:07:57,6.77,-0.01,29,19633,卖盘
855,14:07:54,6.78,0.01,116,78648,买盘
856,14:07:51,6.77,-0.01,169,114413,卖盘
857,14:07:48,6.78,0.01,52,35256,买盘
858,14:07:45,6.77,--,30,20310,卖盘
859,14:07:42,6.77,-0.01,45,30464,卖盘
860,14:07:39,6.78,--,251,170178,买盘
861,14:07:36,6.78,--,42,28476,买盘
862,14:07:33,6.78,0.01,41,27798,买盘
863,14:07:30,6.77,--,229,155033,买盘
864,14:07:24,6.77,0.01,36,24372,买盘
865,14:07:21,6.76,-0.01,36,24336,卖盘
866,14:07:15,6.77,0.01,40,27080,买盘
867,14:07:12,6.76,-0.01,61,41236,卖盘
868,14:07:09,6.77,--,21,14217,买盘
869,14:07:06,6.77,--,21,14217,买盘
870,14:07:03,6.77,-0.01,187,126598,买盘
871,14:07:00,6.78,--,186,126108,买盘
872,14:06:57,6.78,--,171,115938,买盘
873,14:06:51,6.78,--,47,31866,买盘
874,14:06:48,6.78,0.01,217,147126,买盘
875,14:06:45,6.77,--,23,15570,买盘
876,14:06:42,6.77,0.01,21,14217,买盘
877,14:06:39,6.76,-0.01,27,18252,卖盘
878,14:06:36,6.77,--,8,5416,买盘
879,14:06:33,6.77,--,5,3385,买盘
880,14:06:30,6.77,0.01,59,39943,中性盘
881,14:06:27,6.76,-0.02,35,23660,卖盘
882,14:06:24,6.78,0.01,94,63732,买盘
883,14:06:21,6.77,--,29,19633,卖盘
884,14:06:18,6.77,-0.01,25,16925,中性盘
885,14:06:12,6.78,--,1,678,买盘
886,14:06:06,6.78,--,175,118650,买盘
887,14:06:03,6.78,0.02,79,53562,买盘
888,14:06:00,6.76,--,359,242684,卖盘
889,14:05:57,6.76,--,60,40560,卖盘
890,14:05:54,6.76,-0.01,24,16224,卖盘
891,14:05:51,6.77,--,21,14217,买盘
892,14:05:48,6.77,--,18,12186,买盘
893,14:05:45,6.77,--,30,20310,买盘
894,14:05:42,6.77,--,248,167896,中性盘
895,14:05:39,6.77,-0.01,30,20310,卖盘
896,14:05:36,6.78,0.01,8,5424,买盘
897,14:05:33,6.77,-0.01,25,16925,卖盘
898,14:05:27,6.78,0.01,223,151194,买盘
899,14:05:24,6.77,--,107,72439,卖盘
900,14:05:21,6.77,-0.01,416,281632,卖盘
901,14:05:15,6.78,--,30,20340,买盘
902,14:05:12,6.78,--,53,35934,买盘
903,14:05:09,6.78,--,1,678,买盘
904,14:05:06,6.78,0.02,414,280692,买盘
905,14:05:03,6.76,--,41,27716,卖盘
906,14:05:00,6.76,--,210,141960,卖盘
907,14:04:57,6.76,--,261,176436,卖盘
908,14:04:51,6.76,-0.01,117,79092,卖盘
909,14:04:48,6.77,-0.01,49,33173,中性盘
910,14:04:42,6.78,0.02,329,223062,买盘
911,14:04:39,6.76,-0.01,67,45292,卖盘
912,14:04:36,6.77,--,7,4739,买盘
913,14:04:33,6.77,0.01,1,677,中性盘
914,14:04:27,6.76,-0.02,27,18252,卖盘
915,14:04:24,6.78,0.01,172,116616,买盘
916,14:04:21,6.77,0.01,1,677,买盘
917,14:04:15,6.76,-0.01,26,17576,卖盘
918,14:04:09,6.77,--,2,1354,买盘
919,14:04:06,6.77,0.01,10,6770,买盘
920,14:04:03,6.76,-0.01,256,173056,卖盘
921,14:03:57,6.77,0.01,138,93426,中性盘
922,14:03:54,6.76,-0.02,178,120328,卖盘
923,14:03:45,6.78,0.01,267,181026,买盘
924,14:03:42,6.77,--,38,25726,卖盘
925,14:03:39,6.77,--,311,210547,卖盘
926,14:03:36,6.77,0.01,124,83948,买盘
927,14:03:33,6.76,--,13,8788,卖盘
928,14:03:30,6.76,-0.01,174,117624,卖盘
929,14:03:27,6.77,--,2,1354,买盘
930,14:03:21,6.77,0.01,56,37912,买盘
931,14:03:18,6.76,-0.01,15,10140,卖盘
932,14:03:15,6.77,--,7,4739,买盘
933,14:03:12,6.77,--,54,36558,买盘
934,14:03:09,6.77,--,31,20987,买盘
935,14:03:03,6.77,0.01,28,18956,买盘
936,14:02:57,6.76,-0.02,97,65572,卖盘
937,14:02:54,6.78,0.01,23,15594,买盘
938,14:02:51,6.77,--,10,6770,卖盘
939,14:02:48,6.77,--,81,54837,卖盘
940,14:02:45,6.77,-0.01,53,35881,卖盘
941,14:02:42,6.78,0.01,101,68478,买盘
942,14:02:39,6.77,0.01,112,75824,买盘
943,14:02:36,6.76,-0.02,36,24336,卖盘
944,14:02:33,6.78,0.01,264,178992,买盘
945,14:02:30,6.77,0.01,1,677,中性盘
946,14:02:24,6.76,-0.02,43,29068,卖盘
947,14:02:18,6.78,0.02,1,678,买盘
948,14:02:15,6.76,--,24,16224,卖盘
949,14:02:12,6.76,-0.02,31,20956,卖盘
950,14:02:09,6.78,0.01,82,55596,买盘
951,14:02:03,6.77,--,61,41297,买盘
952,14:02:00,6.77,--,30,20310,买盘
953,14:01:57,6.77,--,118,79886,卖盘
954,14:01:54,6.77,--,77,52129,卖盘
955,14:01:51,6.77,--,254,171958,卖盘
956,14:01:48,6.77,--,74,50098,买盘
957,14:01:45,6.77,0.01,4,2708,买盘
958,14:01:42,6.76,-0.01,26,17576,卖盘
959,14:01:39,6.77,-0.01,1,677,卖盘
960,14:01:36,6.78,0.01,8,5424,买盘
961,14:01:33,6.77,--,223,150971,卖盘
962,14:01:30,6.77,--,59,39943,卖盘
963,14:01:27,6.77,--,17,11509,卖盘
964,14:01:24,6.77,0.01,14,9478,买盘
965,14:01:18,6.76,-0.02,26,17576,卖盘
966,14:01:09,6.78,--,77,52206,买盘
967,14:01:03,6.78,0.01,27,18306,买盘
968,14:01:00,6.77,-0.01,14,9478,买盘
969,14:00:57,6.78,0.02,195,132210,买盘
970,14:00:54,6.76,-0.02,271,183196,卖盘
971,14:00:51,6.78,0.01,156,105768,买盘
972,14:00:48,6.77,0.01,11,7446,买盘
973,14:00:45,6.76,-0.01,25,16900,卖盘
974,14:00:42,6.77,0.01,10,6770,买盘
975,14:00:36,6.76,-0.02,33,22308,卖盘
976,14:00:33,6.78,0.01,300,203400,买盘
977,14:00:30,6.77,--,20,13540,买盘
978,14:00:27,6.77,0.01,22,14893,买盘
979,14:00:24,6.76,-0.01,59,39884,卖盘
980,14:00:18,6.77,-0.01,1,677,中性盘
981,14:00:15,6.78,0.02,84,56952,买盘
982,14:00:12,6.76,-0.02,31,20956,卖盘
983,14:00:09,6.78,--,1,678,买盘
984,14:00:06,6.78,0.01,166,112548,买盘
985,14:00:03,6.77,--,62,41974,买盘
986,13:59:54,6.77,-0.01,227,153679,卖盘
987,13:59:51,6.78,--,77,52206,买盘
988,13:59:48,6.78,--,23,15594,买盘
989,13:59:45,6.78,0.01,143,96954,买盘
990,13:59:42,6.77,0.01,18,12186,买盘
991,13:59:39,6.76,-0.02,143,96668,卖盘
992,13:59:36,6.78,--,8,5424,买盘
993,13:59:33,6.78,0.01,20,13560,买盘
994,13:59:30,6.77,-0.01,28,18956,卖盘
995,13:59:27,6.78,--,529,358662,买盘
996,13:59:24,6.78,0.01,38,25764,买盘
997,13:59:18,6.77,-0.01,30,20310,卖盘
998,13:59:12,6.78,0.02,5,3390,买盘
999,13:59:09,6.76,--,257,173732,卖盘
1000,13:59:06,6.76,-0.02,28,18928,卖盘
1001,13:59:03,6.78,0.01,12,8136,买盘
1002,13:58:57,6.77,--,30,20310,买盘
1003,13:58:54,6.77,0.01,262,177374,买盘
1004,13:58:51,6.76,-0.01,79,53404,卖盘
1005,13:58:48,6.77,--,1,677,买盘
1006,13:58:45,6.77,-0.01,76,51452,卖盘
1007,13:58:42,6.78,--,144,97632,买盘
1008,13:58:39,6.78,--,50,33900,买盘
1009,13:58:36,6.78,0.01,7,4746,买盘
1010,13:58:33,6.77,--,25,16925,卖盘
1011,13:58:27,6.77,-0.01,265,179405,卖盘
1012,13:58:24,6.78,--,32,21696,买盘
1013,13:58:21,6.78,0.01,401,271878,买盘
1014,13:58:15,6.77,0.01,150,101550,买盘
1015,13:58:12,6.76,-0.01,24,16224,卖盘
1016,13:58:09,6.77,--,1,677,买盘
1017,13:58:03,6.77,0.01,38,25726,买盘
1018,13:58:00,6.76,-0.01,34,22984,卖盘
1019,13:57:57,6.77,--,300,203100,买盘
1020,13:57:54,6.77,0.01,5,3385,买盘
1021,13:57:51,6.76,-0.01,277,187252,卖盘
1022,13:57:48,6.77,0.01,112,75824,买盘
1023,13:57:39,6.76,-0.01,24,16224,卖盘
1024,13:57:36,6.77,--,237,160449,买盘
1025,13:57:33,6.77,0.01,5,3385,买盘
1026,13:57:27,6.76,-0.01,279,188604,卖盘
1027,13:57:24,6.77,--,247,167219,买盘
1028,13:57:21,6.77,0.01,1,677,买盘
1029,13:57:18,6.76,-0.01,50,33800,卖盘
1030,13:57:12,6.77,--,7,4739,买盘
1031,13:57:09,6.77,0.01,29,19633,买盘
1032,13:57:06,6.76,-0.01,28,18928,卖盘
1033,13:57:03,6.77,0.01,33,22341,买盘
1034,13:57:00,6.76,--,3,2028,卖盘
1035,13:56:57,6.76,-0.01,500,338000,卖盘
1036,13:56:54,6.77,0.01,46,31141,买盘
1037,13:56:51,6.76,-0.01,250,169000,卖盘
1038,13:56:48,6.77,0.01,11,7446,买盘
1039,13:56:42,6.76,-0.01,25,16900,卖盘
1040,13:56:39,6.77,--,29,19633,卖盘
1041,13:56:36,6.77,-0.01,128,86656,卖盘
1042,13:56:33,6.78,--,172,116616,买盘
1043,13:56:30,6.78,0.01,309,209502,买盘
1044,13:56:27,6.77,0.01,3,2030,卖盘
1045,13:56:21,6.76,-0.01,81,54756,卖盘
1046,13:56:18,6.77,--,21,14217,卖盘
1047,13:56:15,6.77,--,37,25049,卖盘
1048,13:56:12,6.77,0.01,2,1354,买盘
1049,13:56:09,6.76,-0.01,130,87880,卖盘
1050,13:56:06,6.77,--,1,677,买盘
1051,13:56:03,6.77,0.01,28,18956,买盘
1052,13:56:00,6.76,-0.01,25,16900,卖盘
1053,13:55:57,6.77,--,20,13540,买盘
1054,13:55:51,6.77,0.01,585,396045,买盘
1055,13:55:48,6.76,--,93,62868,卖盘
1056,13:55:45,6.76,-0.01,373,252148,卖盘
1057,13:55:42,6.77,0.01,227,153679,买盘
1058,13:55:39,6.76,--,25,16900,卖盘
1059,13:55:36,6.76,-0.01,212,143312,卖盘
1060,13:55:33,6.77,--,24,16247,买盘
1061,13:55:27,6.77,0.01,78,52806,买盘
1062,13:55:24,6.76,-0.01,1,676,卖盘
1063,13:55:21,6.77,0.01,299,202423,买盘
1064,13:55:18,6.76,--,148,100048,卖盘
1065,13:55:15,6.76,-0.02,27,18252,卖盘
1066,13:55:09,6.78,0.01,402,272556,买盘
1067,13:55:06,6.77,0.01,12,8123,买盘
1068,13:55:03,6.76,-0.01,55,37180,卖盘
1069,13:55:00,6.77,0.01,10,6770,买盘
1070,13:54:54,6.76,-0.01,26,17576,卖盘
1071,13:54:51,6.77,0.01,152,102904,买盘
1072,13:54:48,6.76,-0.01,264,178464,卖盘
1073,13:54:45,6.77,0.01,20,13540,买盘
1074,13:54:42,6.76,--,25,16900,卖盘
1075,13:54:39,6.76,-0.01,57,38532,卖盘
1076,13:54:36,6.77,--,24,16247,买盘
1077,13:54:33,6.77,0.01,102,69054,买盘
1078,13:54:30,6.76,-0.01,76,51376,卖盘
1079,13:54:27,6.77,0.01,3,2030,中性盘
1080,13:54:24,6.76,-0.02,300,202800,卖盘
1081,13:54:21,6.78,0.01,290,196620,买盘
1082,13:54:15,6.77,-0.01,177,119828,卖盘
1083,13:54:09,6.78,--,32,21696,买盘
1084,13:54:06,6.78,0.01,36,24408,买盘
1085,13:54:03,6.77,-0.01,492,333084,卖盘
1086,13:54:00,6.78,0.01,186,126108,买盘
1087,13:53:57,6.77,--,34,23018,卖盘
1088,13:53:54,6.77,0.01,3,2030,买盘
1089,13:53:51,6.76,-0.01,109,73684,卖盘
1090,13:53:48,6.77,--,295,199715,买盘
1091,13:53:45,6.77,0.01,205,138785,买盘
1092,13:53:42,6.76,--,102,68952,卖盘
1093,13:53:36,6.76,-0.01,55,37180,卖盘
1094,13:53:30,6.77,--,141,95457,买盘
1095,13:53:27,6.77,0.01,47,31818,买盘
1096,13:53:24,6.76,-0.01,32,21632,卖盘
1097,13:53:21,6.77,0.01,259,175343,买盘
1098,13:53:18,6.76,-0.01,105,70980,卖盘
1099,13:53:15,6.77,--,27,18279,买盘
1100,13:53:12,6.77,-0.01,7,4739,卖盘
1101,13:53:09,6.78,--,27,18306,买盘
1102,13:53:06,6.78,--,230,155940,买盘
1103,13:53:03,6.78,0.01,27,18306,买盘
1104,13:53:00,6.77,--,282,190914,卖盘
1105,13:52:57,6.77,--,9,6093,卖盘
1106,13:52:54,6.77,--,20,13540,卖盘
1107,13:52:51,6.77,--,47,31818,卖盘
1108,13:52:48,6.77,--,20,13540,卖盘
1109,13:52:45,6.77,--,309,209193,卖盘
1110,13:52:42,6.77,-0.01,42,28434,卖盘
1111,13:52:39,6.78,--,3,2034,买盘
1112,13:52:36,6.78,0.01,150,101700,买盘
1113,13:52:33,6.77,-0.01,116,78532,卖盘
1114,13:52:30,6.78,--,43,29154,买盘
1115,13:52:21,6.78,0.01,50,33900,买盘
1116,13:52:18,6.77,-0.01,247,167219,卖盘
1117,13:52:15,6.78,0.01,149,101022,买盘
1118,13:52:12,6.77,-0.01,1,677,卖盘
1119,13:52:09,6.78,--,26,17628,买盘
1120,13:52:06,6.78,--,28,18984,买盘
1121,13:52:03,6.78,0.01,1,678,买盘
1122,13:52:00,6.77,-0.01,7,4739,卖盘
1123,13:51:57,6.78,--,25,16950,买盘
1124,13:51:54,6.78,0.01,15,10170,买盘
1125,13:51:51,6.77,-0.01,3,2030,卖盘
1126,13:51:48,6.78,0.01,20,13560,买盘
1127,13:51:45,6.77,-0.01,278,188206,卖盘
1128,13:51:39,6.78,--,76,51528,买盘
1129,13:51:36,6.78,--,55,37290,买盘
1130,13:51:30,6.78,--,108,73224,买盘
1131,13:51:27,6.78,0.01,257,174246,买盘
1132,13:51:24,6.77,--,187,126598,卖盘
1133,13:51:21,6.77,-0.01,5,3385,卖盘
1134,13:51:18,6.78,--,12,8136,买盘
1135,13:51:15,6.78,0.01,70,47460,买盘
1136,13:51:12,6.77,-0.01,27,18279,卖盘
1137,13:51:09,6.78,--,12,8136,买盘
1138,13:51:06,6.78,0.01,35,23730,买盘
1139,13:51:03,6.77,--,46,31141,卖盘
1140,13:51:00,6.77,-0.01,15,10155,卖盘
1141,13:50:51,6.78,0.01,39,26442,买盘
1142,13:50:45,6.77,--,671,454267,卖盘
1143,13:50:42,6.77,--,2,1354,卖盘
1144,13:50:39,6.77,-0.01,28,18956,卖盘
1145,13:50:36,6.78,--,8,5424,买盘
1146,13:50:33,6.78,--,147,99666,买盘
1147,13:50:30,6.78,0.01,146,98988,买盘
1148,13:50:27,6.77,--,42,28434,卖盘
1149,13:50:24,6.77,--,1,677,买盘
1150,13:50:21,6.77,--,21,14217,买盘
1151,13:50:18,6.77,--,259,175343,卖盘
1152,13:50:15,6.77,-0.01,58,39266,卖盘
1153,13:50:09,6.78,0.02,11,7458,买盘
1154,13:50:06,6.76,-0.01,264,178464,卖盘
1155,13:50:03,6.77,--,121,81917,买盘
1156,13:50:00,6.77,0.01,10,6770,买盘
1157,13:49:54,6.76,-0.01,26,17576,卖盘
1158,13:49:48,6.77,--,6,4061,买盘
1159,13:49:45,6.77,0.01,176,119151,买盘
1160,13:49:42,6.76,-0.01,244,164944,卖盘
1161,13:49:39,6.77,-0.01,381,257936,卖盘
1162,13:49:36,6.78,--,7,4746,买盘
1163,13:49:33,6.78,0.01,30,20340,买盘
1164,13:49:30,6.77,-0.01,1,677,卖盘
1165,13:49:27,6.78,0.01,119,80682,买盘
1166,13:49:24,6.77,--,54,36558,卖盘
1167,13:49:21,6.77,--,270,182790,卖盘
1168,13:49:15,6.77,-0.01,10,6770,卖盘
1169,13:49:12,6.78,--,78,52884,买盘
1170,13:49:09,6.78,--,1,678,买盘
1171,13:49:06,6.78,0.01,27,18306,买盘
1172,13:49:03,6.77,0.01,40,27080,买盘
1173,13:49:00,6.76,-0.01,29,19604,卖盘
1174,13:48:57,6.77,--,10,6770,买盘
1175,13:48:51,6.77,0.01,147,99519,买盘
1176,13:48:48,6.76,-0.01,110,74360,卖盘
1177,13:48:42,6.77,--,66,44682,卖盘
1178,13:48:39,6.77,--,32,21664,卖盘
1179,13:48:36,6.77,-0.01,9,6093,卖盘
1180,13:48:27,6.78,--,158,107124,买盘
1181,13:48:24,6.78,0.02,10,6780,买盘
1182,13:48:21,6.76,-0.01,224,151424,卖盘
1183,13:48:18,6.77,0.01,9,6093,买盘
1184,13:48:15,6.76,-0.01,31,20956,卖盘
1185,13:48:12,6.77,-0.01,236,159772,卖盘
1186,13:48:09,6.78,--,1,678,买盘
1187,13:48:06,6.78,0.01,105,71190,买盘
1188,13:48:03,6.77,--,24,16247,买盘
1189,13:48:00,6.77,--,169,114413,买盘
1190,13:47:57,6.77,--,2,1354,买盘
1191,13:47:54,6.77,--,106,71762,买盘
1192,13:47:51,6.77,0.01,5,3385,买盘
1193,13:47:45,6.76,--,5,3380,卖盘
1194,13:47:42,6.76,-0.01,277,187252,卖盘
1195,13:47:36,6.77,0.01,10,6770,买盘
1196,13:47:33,6.76,--,42,28392,卖盘
1197,13:47:24,6.76,-0.02,6,4056,卖盘
1198,13:47:21,6.78,--,154,104412,买盘
1199,13:47:12,6.78,0.02,265,179670,买盘
1200,13:47:09,6.76,-0.02,209,141284,卖盘
1201,13:47:06,6.78,0.01,826,560028,买盘
1202,13:47:03,6.77,0.01,6,4061,卖盘
1203,13:47:00,6.76,-0.01,26,17576,卖盘
1204,13:46:57,6.77,--,14,9478,买盘
1205,13:46:54,6.77,0.01,1,677,中性盘
1206,13:46:48,6.76,--,54,36504,卖盘
1207,13:46:39,6.76,--,285,192660,卖盘
1208,13:46:36,6.76,-0.01,33,22308,卖盘
1209,13:46:33,6.77,--,84,56868,买盘
1210,13:46:30,6.77,-0.01,11,7446,买盘
1211,13:46:27,6.78,0.01,148,100344,买盘
1212,13:46:24,6.77,-0.01,10,6770,卖盘
1213,13:46:21,6.78,--,40,27120,买盘
1214,13:46:18,6.78,0.02,147,99666,买盘
1215,13:46:15,6.76,-0.01,271,183196,卖盘
1216,13:46:12,6.77,--,2,1354,买盘
1217,13:46:09,6.77,--,84,56868,卖盘
1218,13:46:06,6.77,--,76,51452,买盘
1219,13:46:03,6.77,--,86,58221,买盘
1220,13:46:00,6.77,--,65,44005,买盘
1221,13:45:57,6.77,0.01,47,31818,买盘
1222,13:45:54,6.76,-0.01,28,18928,卖盘
1223,13:45:51,6.77,--,1861,1259897,卖盘
1224,13:45:42,6.77,--,29,19633,卖盘
1225,13:45:39,6.77,--,251,169927,卖盘
1226,13:45:36,6.77,-0.01,77,52129,卖盘
1227,13:45:33,6.78,--,12,8136,买盘
1228,13:45:27,6.78,--,166,112548,买盘
1229,13:45:24,6.78,0.01,120,81360,买盘
1230,13:45:12,6.77,-0.01,8,5416,卖盘
1231,13:45:09,6.78,--,256,173568,买盘
1232,13:45:06,6.78,--,28,18984,买盘
1233,13:45:03,6.78,0.01,70,47460,买盘
1234,13:45:00,6.77,--,59,39943,卖盘
1235,13:44:57,6.77,--,18,12186,卖盘
1236,13:44:51,6.77,-0.01,198,134046,卖盘
1237,13:44:48,6.78,--,8,5424,买盘
1238,13:44:45,6.78,0.01,51,34578,买盘
1239,13:44:39,6.77,-0.01,278,188206,卖盘
1240,13:44:36,6.78,--,8,5424,买盘
1241,13:44:33,6.78,--,166,112548,买盘
1242,13:44:30,6.78,--,2,1356,买盘
1243,13:44:24,6.78,--,187,126786,买盘
1244,13:44:21,6.78,0.01,113,76614,买盘
1245,13:44:15,6.77,-0.01,1,677,卖盘
1246,13:44:12,6.78,--,87,58986,买盘
1247,13:44:09,6.78,--,264,178992,买盘
1248,13:44:06,6.78,--,77,52206,买盘
1249,13:44:03,6.78,--,50,33900,买盘
1250,13:44:00,6.78,0.01,20,13560,买盘
1251,13:43:57,6.77,-0.01,3,2030,卖盘
1252,13:43:45,6.78,--,60,40680,买盘
1253,13:43:42,6.78,--,147,99666,买盘
1254,13:43:39,6.78,0.01,233,157974,买盘
1255,13:43:36,6.77,--,225,152325,卖盘
1256,13:43:33,6.77,--,4,2708,卖盘
1257,13:43:30,6.77,-0.01,5,3385,卖盘
1258,13:43:27,6.78,--,47,31866,买盘
1259,13:43:24,6.78,--,1,678,买盘
1260,13:43:18,6.78,--,285,193230,买盘
1261,13:43:12,6.78,--,231,156618,买盘
1262,13:43:09,6.78,--,10,6780,买盘
1263,13:43:06,6.78,0.01,29,19662,买盘
1264,13:43:03,6.77,-0.01,4,2708,卖盘
1265,13:43:00,6.78,--,72,48816,买盘
1266,13:42:57,6.78,0.01,100,67800,买盘
1267,13:42:54,6.77,-0.01,10,6770,卖盘
1268,13:42:51,6.78,0.01,147,99666,买盘
1269,13:42:48,6.77,--,209,141493,卖盘
1270,13:42:36,6.77,--,271,183467,卖盘
1271,13:42:33,6.77,-0.01,3,2030,卖盘
1272,13:42:30,6.78,0.01,51,34578,买盘
1273,13:42:27,6.77,-0.01,6,4061,卖盘
1274,13:42:24,6.78,--,41,27798,买盘
1275,13:42:21,6.78,--,38,25764,买盘
1276,13:42:18,6.78,--,14,9492,买盘
1277,13:42:15,6.78,0.01,457,309846,买盘
1278,13:42:12,6.77,-0.01,10,6770,卖盘
1279,13:42:09,6.78,--,225,152550,买盘
1280,13:42:06,6.78,0.01,28,18984,买盘
1281,13:42:00,6.77,-0.01,567,383859,卖盘
1282,13:41:57,6.78,--,50,33900,买盘
1283,13:41:42,6.78,--,66,44748,买盘
1284,13:41:39,6.78,0.01,2,1356,买盘
1285,13:41:36,6.77,--,249,168573,卖盘
1286,13:41:33,6.77,--,15,10155,卖盘
1287,13:41:27,6.77,--,318,215286,买盘
1288,13:41:24,6.77,--,1,677,买盘
1289,13:41:21,6.77,0.01,201,136077,买盘
1290,13:41:18,6.76,-0.01,100,67600,卖盘
1291,13:41:15,6.77,--,6,4061,买盘
1292,13:41:12,6.77,--,126,85302,买盘
1293,13:41:09,6.77,--,387,261998,买盘
1294,13:41:06,6.77,--,74,50098,买盘
1295,13:41:03,6.77,0.01,4,2708,买盘
1296,13:41:00,6.76,-0.01,50,33800,卖盘
1297,13:40:54,6.77,--,68,46036,买盘
1298,13:40:48,6.77,--,23,15570,买盘
1299,13:40:42,6.77,-0.01,7,4739,卖盘
1300,13:40:39,6.78,--,1,678,买盘
1301,13:40:36,6.78,0.01,1,678,买盘
1302,13:40:33,6.77,-0.01,281,190237,卖盘
1303,13:40:30,6.78,--,16,10848,买盘
1304,13:40:24,6.78,0.01,7,4746,买盘
1305,13:40:21,6.77,--,13,8801,卖盘
1306,13:40:18,6.77,-0.01,222,150294,卖盘
1307,13:40:15,6.78,0.01,140,94920,买盘
1308,13:40:09,6.77,-0.01,30,20310,卖盘
1309,13:40:06,6.78,--,36,24408,买盘
1310,13:40:03,6.78,0.01,236,160008,买盘
1311,13:40:00,6.77,-0.01,20,13540,卖盘
1312,13:39:54,6.78,0.01,50,33900,买盘
1313,13:39:51,6.77,--,88,59575,买盘
1314,13:39:45,6.77,0.01,15,10155,买盘
1315,13:39:42,6.76,-0.01,75,50700,卖盘
1316,13:39:36,6.77,--,2,1354,买盘
1317,13:39:33,6.77,-0.01,383,259290,卖盘
1318,13:39:30,6.78,--,6,4068,买盘
1319,13:39:27,6.78,0.01,163,110514,买盘
1320,13:39:24,6.77,-0.01,21,14217,卖盘
1321,13:39:21,6.78,--,11,7458,买盘
1322,13:39:12,6.78,--,146,98988,买盘
1323,13:39:06,6.78,--,428,290184,买盘
1324,13:39:03,6.78,--,23,15594,买盘
1325,13:39:00,6.78,0.01,15,10170,买盘
1326,13:38:57,6.77,--,39,26403,卖盘
1327,13:38:54,6.77,-0.01,93,62960,卖盘
1328,13:38:51,6.78,0.01,95,64410,买盘
1329,13:38:45,6.77,--,8,5416,卖盘
1330,13:38:42,6.77,--,30,20310,卖盘
1331,13:38:36,6.77,--,161,108997,买盘
1332,13:38:33,6.77,--,250,169250,买盘
1333,13:38:30,6.77,-0.01,1,677,买盘
1334,13:38:27,6.78,0.01,60,40680,买盘
1335,13:38:24,6.77,--,7,4739,买盘
1336,13:38:21,6.77,--,35,23695,卖盘
1337,13:38:18,6.77,--,100,67700,卖盘
1338,13:38:15,6.77,--,169,114413,卖盘
1339,13:38:12,6.77,-0.01,107,72439,卖盘
1340,13:38:06,6.78,0.01,286,193908,买盘
1341,13:38:00,6.77,--,151,102227,卖盘
1342,13:37:57,6.77,-0.01,10,6770,卖盘
1343,13:37:54,6.78,0.01,1,678,买盘
1344,13:37:51,6.77,-0.01,73,49421,卖盘
1345,13:37:45,6.78,0.01,158,107124,买盘
1346,13:37:42,6.77,-0.01,16,10832,卖盘
1347,13:37:36,6.78,--,2,1356,买盘
1348,13:37:33,6.78,0.01,4,2712,买盘
1349,13:37:30,6.77,-0.01,253,171281,卖盘
1350,13:37:21,6.78,--,58,39324,买盘
1351,13:37:12,6.78,0.01,147,99666,买盘
1352,13:37:09,6.77,-0.01,30,20310,卖盘
1353,13:37:06,6.78,0.01,29,19662,买盘
1354,13:37:00,6.77,--,879,595083,卖盘
1355,13:36:57,6.77,--,205,138785,卖盘
1356,13:36:54,6.77,--,2,1354,卖盘
1357,13:36:51,6.77,--,307,207839,卖盘
1358,13:36:48,6.77,--,60,40620,卖盘
1359,13:36:45,6.77,-0.01,10,6770,卖盘
1360,13:36:42,6.78,--,5,3390,买盘
1361,13:36:36,6.78,0.01,2,1356,买盘
1362,13:36:33,6.77,--,9,6093,卖盘
1363,13:36:30,6.77,--,290,196330,卖盘
1364,13:36:27,6.77,--,20,13540,卖盘
1365,13:36:24,6.77,-0.01,62,41974,卖盘
1366,13:36:21,6.78,0.01,104,70512,买盘
1367,13:36:18,6.77,-0.01,104,70408,卖盘
1368,13:36:15,6.78,0.01,50,33900,买盘
1369,13:36:12,6.77,-0.01,101,68377,卖盘
1370,13:36:09,6.78,--,122,82716,买盘
1371,13:36:06,6.78,0.01,35,23730,买盘
1372,13:36:00,6.77,-0.01,187,126598,卖盘
1373,13:35:57,6.78,0.01,248,168144,买盘
1374,13:35:54,6.77,--,109,73793,卖盘
1375,13:35:51,6.77,-0.01,1416,958631,卖盘
1376,13:35:48,6.78,--,2,1356,买盘
1377,13:35:45,6.78,0.01,120,81360,买盘
1378,13:35:42,6.77,-0.01,16,10832,卖盘
1379,13:35:36,6.78,0.01,34,23052,买盘
1380,13:35:33,6.77,-0.01,1,677,卖盘
1381,13:35:30,6.78,0.01,251,170178,买盘
1382,13:35:27,6.77,-0.01,11,7446,卖盘
1383,13:35:24,6.78,0.01,1,678,买盘
1384,13:35:18,6.77,-0.01,109,73793,卖盘
1385,13:35:09,6.78,0.01,271,183738,买盘
1386,13:35:06,6.77,-0.01,43,29110,卖盘
1387,13:35:03,6.78,--,5,3390,买盘
1388,13:34:57,6.78,0.01,263,178314,买盘
1389,13:34:51,6.77,-0.01,15,10155,卖盘
1390,13:34:45,6.78,0.01,56,37968,买盘
1391,13:34:42,6.77,--,328,222056,卖盘
1392,13:34:39,6.77,-0.01,47,31818,卖盘
1393,13:34:36,6.78,--,2,1356,买盘
1394,13:34:30,6.78,0.01,182,123396,买盘
1395,13:34:27,6.77,-0.01,210,142170,卖盘
1396,13:34:24,6.78,--,20,13560,买盘
1397,13:34:21,6.78,--,1,678,买盘
1398,13:34:18,6.78,0.01,147,99666,买盘
1399,13:34:15,6.77,-0.01,29,19633,卖盘
1400,13:34:12,6.78,--,17,11526,买盘
1401,13:34:09,6.78,--,46,31188,买盘
1402,13:34:06,6.78,0.01,155,105090,买盘
1403,13:34:03,6.77,--,34,23018,卖盘
1404,13:34:00,6.77,-0.01,488,330376,卖盘
1405,13:33:54,6.78,0.01,338,229164,买盘
1406,13:33:51,6.77,--,24,16247,卖盘
1407,13:33:48,6.77,-0.01,1,677,卖盘
1408,13:33:45,6.78,--,65,44070,买盘
1409,13:33:42,6.78,--,37,25086,买盘
1410,13:33:39,6.78,--,50,33900,买盘
1411,13:33:36,6.78,--,2,1356,买盘
1412,13:33:33,6.78,--,82,55596,买盘
1413,13:33:30,6.78,0.01,111,75258,中性盘
1414,13:33:27,6.77,--,449,303973,卖盘
1415,13:33:24,6.77,-0.01,76,51452,卖盘
1416,13:33:21,6.78,0.01,31,21018,买盘
1417,13:33:18,6.77,-0.01,55,37235,卖盘
1418,13:33:15,6.78,0.01,300,203400,买盘
1419,13:33:09,6.77,-0.01,23,15570,卖盘
1420,13:33:06,6.78,--,33,22374,买盘
1421,13:33:03,6.78,--,8,5424,买盘
1422,13:32:57,6.78,0.01,184,124752,买盘
1423,13:32:54,6.77,-0.01,283,191591,卖盘
1424,13:32:48,6.78,--,16,10848,买盘
1425,13:32:45,6.78,--,48,32544,买盘
1426,13:32:36,6.78,--,176,119328,买盘
1427,13:32:33,6.78,--,50,33900,买盘
1428,13:32:30,6.78,0.01,21,14238,买盘
1429,13:32:27,6.77,--,270,182790,卖盘
1430,13:32:24,6.77,-0.01,66,44682,卖盘
1431,13:32:21,6.78,0.01,9,6102,买盘
1432,13:32:15,6.77,--,10,6770,卖盘
1433,13:32:12,6.77,-0.01,24,16247,卖盘
1434,13:32:09,6.78,--,430,291540,买盘
1435,13:32:06,6.78,0.01,28,18984,买盘
1436,13:32:03,6.77,--,28,18956,卖盘
1437,13:32:00,6.77,-0.02,10,6770,卖盘
1438,13:31:57,6.79,0.02,208,141232,买盘
1439,13:31:54,6.77,-0.01,314,212578,卖盘
1440,13:31:51,6.78,--,133,90174,买盘
1441,13:31:45,6.78,--,157,106446,买盘
1442,13:31:42,6.78,0.01,8,5424,买盘
1443,13:31:39,6.77,-0.01,31,20987,卖盘
1444,13:31:36,6.78,--,22,14916,买盘
1445,13:31:33,6.78,--,20,13560,买盘
1446,13:31:30,6.78,0.01,62,42036,买盘
1447,13:31:27,6.77,-0.01,28,18956,卖盘
1448,13:31:24,6.78,-0.01,131,88818,卖盘
1449,13:31:21,6.79,--,1,679,买盘
1450,13:31:18,6.79,0.01,42,28518,买盘
1451,13:31:12,6.78,-0.01,6,4068,卖盘
1452,13:31:06,6.79,--,54,36666,买盘
1453,13:31:00,6.79,0.02,139,94381,买盘
1454,13:30:54,6.77,-0.01,410,277570,卖盘
1455,13:30:51,6.78,--,10,6780,买盘
1456,13:30:45,6.78,--,35,23730,买盘
1457,13:30:42,6.78,--,5,3390,买盘
1458,13:30:36,6.78,--,50,33900,买盘
1459,13:30:33,6.78,--,27,18306,买盘
1460,13:30:30,6.78,--,1,678,买盘
1461,13:30:27,6.78,--,10,6780,买盘
1462,13:30:24,6.78,--,300,203400,买盘
1463,13:30:21,6.78,--,25,16950,买盘
1464,13:30:15,6.78,0.01,10,6780,买盘
1465,13:30:12,6.77,-0.01,27,18279,卖盘
1466,13:30:09,6.78,--,1,678,买盘
1467,13:30:06,6.78,0.01,27,18306,买盘
1468,13:30:03,6.77,-0.01,16,10832,卖盘
1469,13:30:00,6.78,-0.01,182,123396,卖盘
1470,13:29:57,6.79,0.02,130,88270,买盘
1471,13:29:54,6.77,-0.02,20,13540,卖盘
1472,13:29:51,6.79,0.02,264,179256,买盘
1473,13:29:48,6.77,-0.01,45,30464,卖盘
1474,13:29:45,6.78,--,127,86106,卖盘
1475,13:29:39,6.78,-0.01,25,16950,卖盘
1476,13:29:30,6.79,0.02,201,136479,买盘
1477,13:29:27,6.77,-0.01,43,29110,卖盘
1478,13:29:24,6.78,--,304,206112,买盘
1479,13:29:21,6.78,--,2,1356,中性盘
1480,13:29:18,6.78,0.01,2,1356,中性盘
1481,13:29:15,6.77,-0.01,38,25726,卖盘
1482,13:29:12,6.78,-0.01,8,5424,卖盘
1483,13:29:09,6.79,0.01,147,99813,买盘
1484,13:29:06,6.78,--,44,29832,买盘
1485,13:28:54,6.78,--,141,95598,买盘
1486,13:28:51,6.78,-0.01,2,1356,中性盘
1487,13:28:48,6.79,0.01,288,195552,买盘
1488,13:28:45,6.78,0.01,18,12204,买盘
1489,13:28:42,6.77,-0.01,29,19633,卖盘
1490,13:28:39,6.78,--,8,5424,买盘
1491,13:28:36,6.78,--,12,8136,买盘
1492,13:28:33,6.78,--,55,37290,买盘
1493,13:28:30,6.78,--,1,678,买盘
1494,13:28:27,6.78,--,293,199060,卖盘
1495,13:28:24,6.78,-0.01,78,52884,卖盘
1496,13:28:21,6.79,--,284,192836,买盘
1497,13:28:18,6.79,--,147,99813,买盘
1498,13:28:15,6.79,0.01,5,3395,买盘
1499,13:28:12,6.78,-0.01,1,678,卖盘
1500,13:28:09,6.79,--,75,50925,买盘
1501,13:28:06,6.79,--,527,357833,买盘
1502,13:28:03,6.79,--,10,6790,买盘
1503,13:28:00,6.79,--,30,20370,买盘
1504,13:27:57,6.79,--,116,78764,买盘
1505,13:27:54,6.79,--,3,2037,买盘
1506,13:27:51,6.79,0.01,249,169071,买盘
1507,13:27:48,6.78,--,27,18306,卖盘
1508,13:27:45,6.78,--,22,14916,卖盘
1509,13:27:42,6.78,--,31,21018,卖盘
1510,13:27:36,6.78,-0.01,428,290184,卖盘
1511,13:27:33,6.79,--,1,679,买盘
1512,13:27:30,6.79,--,24,16296,买盘
1513,13:27:27,6.79,--,180,122220,买盘
1514,13:27:24,6.79,--,3,2037,买盘
1515,13:27:21,6.79,0.01,252,171108,买盘
1516,13:27:18,6.78,--,38,26035,卖盘
1517,13:27:15,6.78,-0.01,26,17628,卖盘
1518,13:27:06,6.79,0.01,27,18333,买盘
1519,13:27:03,6.78,--,72,48816,卖盘
1520,13:27:00,6.78,--,20,13560,卖盘
1521,13:26:51,6.78,-0.01,219,148482,卖盘
1522,13:26:48,6.79,0.01,256,173824,买盘
1523,13:26:45,6.78,--,5,3390,卖盘
1524,13:26:42,6.78,--,30,20340,卖盘
1525,13:26:36,6.78,-0.01,24,16272,卖盘
1526,13:26:33,6.79,0.01,155,105245,买盘
1527,13:26:30,6.78,--,49,33222,卖盘
1528,13:26:27,6.78,-0.01,1,678,卖盘
1529,13:26:24,6.79,--,6,4074,买盘
1530,13:26:21,6.79,0.01,312,211848,买盘
1531,13:26:18,6.78,--,333,225774,卖盘
1532,13:26:09,6.78,-0.01,65,44070,卖盘
1533,13:26:06,6.79,0.01,43,29197,买盘
1534,13:26:03,6.78,--,16,10848,卖盘
1535,13:26:00,6.78,--,257,174246,卖盘
1536,13:25:57,6.78,--,202,136956,买盘
1537,13:25:54,6.78,--,38,25764,买盘
1538,13:25:51,6.78,--,131,88818,买盘
1539,13:25:48,6.78,--,273,185094,买盘
1540,13:25:45,6.78,--,132,89496,买盘
1541,13:25:42,6.78,--,148,100344,买盘
1542,13:25:39,6.78,--,239,162042,卖盘
1543,13:25:36,6.78,--,145,98310,卖盘
1544,13:25:33,6.78,-0.01,5,3390,卖盘
1545,13:25:30,6.79,--,101,68579,买盘
1546,13:25:27,6.79,0.01,39,26481,买盘
1547,13:25:24,6.78,--,97,65766,买盘
1548,13:25:21,6.78,--,2,1356,买盘
1549,13:25:18,6.78,--,228,154584,卖盘
1550,13:25:12,6.78,-0.01,51,34578,卖盘
1551,13:25:09,6.79,--,205,139195,买盘
1552,13:25:06,6.79,0.01,484,328636,买盘
1553,13:25:03,6.78,--,38,25764,卖盘
1554,13:25:00,6.78,--,89,60342,买盘
1555,13:24:57,6.78,--,66,44748,买盘
1556,13:24:51,6.78,0.01,562,381036,买盘
1557,13:24:48,6.77,-0.01,12,8123,卖盘
1558,13:24:45,6.78,--,245,166110,买盘
1559,13:24:42,6.78,0.01,270,183060,买盘
1560,13:24:39,6.77,-0.01,26,17602,卖盘
1561,13:24:36,6.78,--,46,31188,买盘
1562,13:24:33,6.78,--,398,269844,买盘
1563,13:24:30,6.78,--,27,18306,买盘
1564,13:24:21,6.78,0.01,44,29832,买盘
1565,13:24:18,6.77,--,312,211224,卖盘
1566,13:24:12,6.77,-0.01,58,39266,卖盘
1567,13:24:09,6.78,--,586,397579,买盘
1568,13:24:06,6.78,0.01,52,35256,买盘
1569,13:24:03,6.77,-0.01,10,6770,卖盘
1570,13:24:00,6.78,0.01,147,99666,买盘
1571,13:23:57,6.77,-0.01,80,54160,卖盘
1572,13:23:54,6.78,0.01,70,47460,买盘
1573,13:23:51,6.77,-0.01,152,102904,卖盘
1574,13:23:45,6.78,--,263,178314,买盘
1575,13:23:42,6.78,--,500,339000,买盘
1576,13:23:36,6.78,0.02,212,143736,买盘
1577,13:23:33,6.76,-0.02,26,17576,卖盘
1578,13:23:30,6.78,0.01,98,66444,买盘
1579,13:23:27,6.77,-0.01,18,12186,卖盘
1580,13:23:24,6.78,0.01,11,7458,买盘
1581,13:23:21,6.77,--,101,68377,买盘
1582,13:23:18,6.77,-0.01,167,113059,卖盘
1583,13:23:15,6.78,0.01,77,52206,买盘
1584,13:23:12,6.77,-0.01,24,16247,卖盘
1585,13:23:09,6.78,--,164,111192,买盘
1586,13:23:06,6.78,0.01,133,90174,买盘
1587,13:23:00,6.77,-0.01,28,18956,卖盘
1588,13:22:54,6.78,0.01,90,61020,买盘
1589,13:22:51,6.77,--,23,15570,卖盘
1590,13:22:48,6.77,-0.01,139,94103,卖盘
1591,13:22:42,6.78,--,10,6780,买盘
1592,13:22:39,6.78,0.01,277,187806,买盘
1593,13:22:33,6.77,-0.01,26,17602,卖盘
1594,13:22:30,6.78,0.02,1,678,买盘
1595,13:22:27,6.76,-0.02,29,19604,卖盘
1596,13:22:21,6.78,0.02,43,29154,买盘
1597,13:22:18,6.76,--,77,52052,卖盘
1598,13:22:15,6.76,-0.01,200,135200,卖盘
1599,13:22:12,6.77,--,158,106966,卖盘
1600,13:22:09,6.77,-0.01,2,1354,卖盘
1601,13:22:06,6.78,--,66,44748,买盘
1602,13:22:03,6.78,0.01,30,20340,买盘
1603,13:22:00,6.77,0.01,8,5416,卖盘
1604,13:21:54,6.76,-0.02,29,19604,卖盘
1605,13:21:51,6.78,--,50,33900,买盘
1606,13:21:48,6.78,0.02,143,96954,买盘
1607,13:21:45,6.76,-0.01,53,35828,卖盘
1608,13:21:42,6.77,-0.01,257,173989,卖盘
1609,13:21:39,6.78,--,84,56952,买盘
1610,13:21:33,6.78,--,66,44748,买盘
1611,13:21:27,6.78,0.01,21,14238,买盘
1612,13:21:21,6.77,--,180,121859,买盘
1613,13:21:18,6.77,--,57,38589,买盘
1614,13:21:15,6.77,--,282,190914,卖盘
1615,13:21:09,6.77,-0.01,26,17602,卖盘
1616,13:21:06,6.78,0.01,77,52206,买盘
1617,13:21:00,6.77,-0.01,24,16247,卖盘
1618,13:20:57,6.78,--,10,6780,买盘
1619,13:20:54,6.78,--,30,20340,买盘
1620,13:20:51,6.78,0.01,50,33900,买盘
1621,13:20:48,6.77,--,104,70408,卖盘
1622,13:20:45,6.77,--,167,113059,卖盘
1623,13:20:42,6.77,-0.01,10,6770,卖盘
1624,13:20:39,6.78,0.01,218,147804,买盘
1625,13:20:36,6.77,-0.01,75,50775,卖盘
1626,13:20:30,6.78,0.01,157,106446,买盘
1627,13:20:27,6.77,-0.01,27,18279,卖盘
1628,13:20:21,6.78,--,3,2034,买盘
1629,13:20:15,6.78,0.01,233,157974,买盘
1630,13:20:12,6.77,--,74,50098,卖盘
1631,13:20:09,6.77,-0.01,1,677,卖盘
1632,13:20:06,6.78,0.01,96,65088,买盘
1633,13:20:03,6.77,--,10,6770,卖盘
1634,13:20:00,6.77,-0.01,90,60929,卖盘
1635,13:19:57,6.78,0.01,190,128820,买盘
1636,13:19:54,6.77,-0.01,25,16925,卖盘
1637,13:19:48,6.78,0.01,50,33900,买盘
1638,13:19:42,6.77,--,161,108997,卖盘
1639,13:19:39,6.77,-0.01,247,167219,卖盘
1640,13:19:36,6.78,0.01,234,158652,买盘
1641,13:19:33,6.77,--,82,55514,卖盘
1642,13:19:30,6.77,--,34,23018,卖盘
1643,13:19:21,6.77,--,30,20310,买盘
1644,13:19:18,6.77,-0.01,1,677,中性盘
1645,13:19:15,6.78,--,2,1356,买盘
1646,13:19:12,6.78,0.01,253,171534,买盘
1647,13:19:09,6.77,-0.01,26,17602,卖盘
1648,13:19:06,6.78,0.01,75,50850,买盘
1649,13:19:00,6.77,0.01,144,97488,中性盘
1650,13:18:57,6.76,-0.01,433,292708,卖盘
1651,13:18:51,6.77,-0.01,45,30464,卖盘
1652,13:18:48,6.78,--,172,116616,买盘
1653,13:18:45,6.78,0.01,210,142380,买盘
1654,13:18:36,6.77,-0.01,251,169927,卖盘
1655,13:18:33,6.78,0.01,255,172890,买盘
1656,13:18:30,6.77,--,24,16247,卖盘
1657,13:18:27,6.77,--,6,4061,卖盘
1658,13:18:24,6.77,--,42,28434,买盘
1659,13:18:21,6.77,--,3,2030,买盘
1660,13:18:18,6.77,0.01,5,3385,中性盘
1661,13:18:15,6.76,--,19,12844,卖盘
1662,13:18:12,6.76,-0.01,260,175760,卖盘
1663,13:18:09,6.77,--,23,15570,买盘
1664,13:18:06,6.77,--,66,44682,卖盘
1665,13:18:03,6.77,--,26,17602,卖盘
1666,13:18:00,6.77,-0.01,45,30464,卖盘
1667,13:17:57,6.78,--,147,99666,买盘
1668,13:17:54,6.78,0.01,28,18984,买盘
1669,13:17:51,6.77,-0.01,203,137431,中性盘
1670,13:17:48,6.78,0.01,17,11526,买盘
1671,13:17:45,6.77,-0.01,15,10155,买盘
1672,13:17:42,6.78,0.02,132,89496,买盘
1673,13:17:39,6.76,--,23,15548,卖盘
1674,13:17:36,6.76,-0.02,14,9464,卖盘
1675,13:17:33,6.78,0.02,234,158652,买盘
1676,13:17:30,6.76,-0.01,30,20280,卖盘
1677,13:17:24,6.77,--,88,59575,买盘
1678,13:17:21,6.77,0.01,21,14217,买盘
1679,13:17:18,6.76,-0.01,28,18928,卖盘
1680,13:17:15,6.77,--,13,8801,买盘
1681,13:17:12,6.77,--,99,67023,卖盘
1682,13:17:09,6.77,--,2,1354,卖盘
1683,13:17:06,6.77,--,203,137431,卖盘
1684,13:17:03,6.77,--,14,9478,卖盘
1685,13:17:00,6.77,--,45,30464,卖盘
1686,13:16:57,6.77,--,27,18279,卖盘
1687,13:16:54,6.77,0.01,39,26403,中性盘
1688,13:16:45,6.76,-0.02,75,50700,卖盘
1689,13:16:42,6.78,--,2,1356,买盘
1690,13:16:39,6.78,--,146,98988,买盘
1691,13:16:36,6.78,0.02,219,148482,买盘
1692,13:16:33,6.76,-0.01,26,17576,卖盘
1693,13:16:30,6.77,0.01,15,10155,买盘
1694,13:16:24,6.76,-0.01,99,66924,卖盘
1695,13:16:21,6.77,0.01,20,13540,买盘
1696,13:16:15,6.76,-0.01,161,108836,卖盘
1697,13:16:12,6.77,--,85,57545,买盘
1698,13:16:09,6.77,-0.01,29,19633,卖盘
1699,13:16:06,6.78,--,51,34578,买盘
1700,13:16:03,6.78,0.02,11,7458,买盘
1701,13:16:00,6.76,--,275,185900,卖盘
1702,13:15:57,6.76,-0.02,1425,963300,卖盘
1703,13:15:54,6.78,0.02,9,6102,买盘
1704,13:15:51,6.76,-0.02,14,9464,卖盘
1705,13:15:48,6.78,0.01,1,678,买盘
1706,13:15:45,6.77,-0.01,20,13540,卖盘
1707,13:15:39,6.78,--,50,33900,买盘
1708,13:15:36,6.78,--,125,84750,买盘
1709,13:15:33,6.78,0.01,282,191196,买盘
1710,13:15:30,6.77,--,1,677,买盘
1711,13:15:24,6.77,--,147,99519,买盘
1712,13:15:21,6.77,--,2,1354,买盘
1713,13:15:15,6.77,0.01,40,27080,买盘
1714,13:15:09,6.76,-0.01,251,169676,卖盘
1715,13:15:06,6.77,--,28,18956,买盘
1716,13:15:03,6.77,0.01,84,56868,买盘
1717,13:15:00,6.76,-0.01,75,50700,卖盘
1718,13:14:57,6.77,--,1,677,买盘
1719,13:14:54,6.77,0.01,6,4061,买盘
1720,13:14:51,6.76,-0.01,43,29068,卖盘
1721,13:14:45,6.77,-0.01,903,611331,卖盘
1722,13:14:42,6.78,--,139,94242,买盘
1723,13:14:36,6.78,0.01,56,37968,买盘
1724,13:14:33,6.77,--,492,333084,买盘
1725,13:14:30,6.77,--,106,71762,买盘
1726,13:14:27,6.77,--,20,13540,买盘
1727,13:14:21,6.77,0.01,2,1354,买盘
1728,13:14:18,6.76,-0.01,16,10816,卖盘
1729,13:14:15,6.77,--,10,6770,买盘
1730,13:14:12,6.77,0.01,1,677,买盘
1731,13:14:09,6.76,-0.01,178,120463,卖盘
1732,13:14:06,6.77,-0.01,135,91395,卖盘
1733,13:13:57,6.78,0.01,6,4068,买盘
1734,13:13:54,6.77,--,155,104935,卖盘
1735,13:13:51,6.77,-0.01,48,32495,卖盘
1736,13:13:42,6.78,0.01,197,133566,买盘
1737,13:13:39,6.77,-0.01,220,148940,卖盘
1738,13:13:36,6.78,--,50,33900,买盘
1739,13:13:33,6.78,--,5,3390,买盘
1740,13:13:30,6.78,0.01,227,153906,买盘
1741,13:13:24,6.77,-0.01,50,33850,卖盘
1742,13:13:21,6.78,0.01,2,1356,买盘
1743,13:13:12,6.77,-0.01,30,20310,卖盘
1744,13:13:09,6.78,0.01,2,1356,买盘
1745,13:13:06,6.77,-0.01,279,189424,卖盘
1746,13:12:57,6.78,--,1,678,买盘
1747,13:12:54,6.78,0.01,2195,1488210,买盘
1748,13:12:51,6.77,-0.01,206,139462,卖盘
1749,13:12:48,6.78,0.01,39,26442,买盘
1750,13:12:45,6.77,--,55,37235,卖盘
1751,13:12:42,6.77,-0.01,13,8801,卖盘
1752,13:12:39,6.78,--,198,134244,买盘
1753,13:12:36,6.78,--,50,33900,买盘
1754,13:12:33,6.78,--,10,6780,买盘
1755,13:12:30,6.78,--,228,154584,买盘
1756,13:12:24,6.78,--,401,271878,买盘
1757,13:12:21,6.78,0.01,4,2712,买盘
1758,13:12:15,6.77,-0.01,76,51452,卖盘
1759,13:12:12,6.78,0.01,30,20340,买盘
1760,13:12:09,6.77,--,16,10832,卖盘
1761,13:12:06,6.77,-0.01,276,186852,卖盘
1762,13:12:00,6.78,--,147,99666,买盘
1763,13:11:57,6.78,--,13,8814,买盘
1764,13:11:54,6.78,0.01,13,8814,买盘
1765,13:11:51,6.77,--,43,29110,卖盘
1766,13:11:42,6.77,--,50,33850,卖盘
1767,13:11:39,6.77,--,1117,756209,卖盘
1768,13:11:33,6.77,-0.01,51,34527,卖盘
1769,13:11:30,6.78,--,333,225774,买盘
1770,13:11:27,6.78,0.01,106,71868,买盘
1771,13:11:24,6.77,-0.01,55,37235,卖盘
1772,13:11:21,6.78,--,2,1356,买盘
1773,13:11:15,6.78,0.01,1475,1000050,买盘
1774,13:11:12,6.77,--,30,20310,卖盘
1775,13:11:09,6.77,-0.01,166,112382,卖盘
1776,13:11:06,6.78,0.01,277,187806,买盘
1777,13:11:00,6.77,-0.01,3,2030,卖盘
1778,13:10:57,6.78,0.01,1,678,买盘
1779,13:10:51,6.77,-0.01,63,42651,卖盘
1780,13:10:48,6.78,0.01,18,12204,买盘
1781,13:10:39,6.77,-0.01,200,135400,卖盘
1782,13:10:30,6.78,--,185,125430,买盘
1783,13:10:27,6.78,--,311,210858,买盘
1784,13:10:24,6.78,0.01,30,20340,买盘
1785,13:10:21,6.77,--,17,11509,卖盘
1786,13:10:18,6.77,-0.01,2,1354,卖盘
1787,13:10:15,6.78,--,155,105090,买盘
1788,13:10:12,6.78,0.01,2,1356,买盘
1789,13:10:06,6.77,--,211,142847,卖盘
1790,13:10:03,6.77,--,69,46713,卖盘
1791,13:10:00,6.77,-0.01,5,3385,卖盘
1792,13:09:57,6.78,0.01,5,3390,买盘
1793,13:09:54,6.77,-0.01,720,487439,卖盘
1794,13:09:51,6.78,--,20,13560,买盘
1795,13:09:48,6.78,--,30,20340,买盘
1796,13:09:45,6.78,0.01,3,2034,买盘
1797,13:09:39,6.77,-0.01,10,6770,卖盘
1798,13:09:36,6.78,--,69,46782,买盘
1799,13:09:33,6.78,--,112,75936,买盘
1800,13:09:30,6.78,--,9,6102,买盘
1801,13:09:27,6.78,0.01,50,33900,买盘
1802,13:09:24,6.77,-0.01,30,20310,卖盘
1803,13:09:21,6.78,0.01,401,271878,买盘
1804,13:09:18,6.77,--,240,162480,卖盘
1805,13:09:15,6.77,0.01,520,352040,买盘
1806,13:09:12,6.76,-0.01,243,164268,卖盘
1807,13:09:06,6.77,--,96,64991,买盘
1808,13:09:03,6.77,--,755,511134,买盘
1809,13:09:00,6.77,--,19,12863,买盘
1810,13:08:57,6.77,--,39,26403,买盘
1811,13:08:54,6.77,0.01,1000,677000,买盘
1812,13:08:51,6.76,-0.01,53,35828,卖盘
1813,13:08:48,6.77,-0.01,40,27080,买盘
1814,13:08:42,6.78,--,4,2712,买盘
1815,13:08:39,6.78,0.01,75,50850,买盘
1816,13:08:36,6.77,--,16,10832,买盘
1817,13:08:33,6.77,-0.01,1713,1159701,卖盘
1818,13:08:30,6.78,--,292,197976,买盘
1819,13:08:27,6.78,--,234,158652,买盘
1820,13:08:24,6.78,--,50,33900,买盘
1821,13:08:21,6.78,--,91,61698,买盘
1822,13:08:15,6.78,--,1,678,买盘
1823,13:08:09,6.78,--,125,84750,买盘
1824,13:08:06,6.78,0.01,45,30510,买盘
1825,13:08:03,6.77,--,133,90041,卖盘
1826,13:08:00,6.77,-0.01,118,79886,卖盘
1827,13:07:57,6.78,0.01,11,7458,买盘
1828,13:07:54,6.77,--,18,12186,卖盘
1829,13:07:48,6.77,-0.01,211,142847,卖盘
1830,13:07:45,6.78,--,12,8136,买盘
1831,13:07:39,6.78,--,147,99666,买盘
1832,13:07:36,6.78,--,10,6780,买盘
1833,13:07:33,6.78,--,21,14238,买盘
1834,13:07:30,6.78,--,439,297642,买盘
1835,13:07:24,6.78,0.01,331,224418,买盘
1836,13:07:21,6.77,--,11,7446,买盘
1837,13:07:18,6.77,--,50,33850,买盘
1838,13:07:15,6.77,--,7,4739,买盘
1839,13:07:09,6.77,--,28,18956,买盘
1840,13:07:06,6.77,--,179,121182,买盘
1841,13:07:03,6.77,0.01,16,10832,买盘
1842,13:07:00,6.76,-0.01,219,148044,卖盘
1843,13:06:57,6.77,--,22,14893,买盘
1844,13:06:54,6.77,--,30,20310,买盘
1845,13:06:51,6.77,--,95,64314,卖盘
1846,13:06:48,6.77,--,193,130660,卖盘
1847,13:06:45,6.77,--,20,13540,卖盘
1848,13:06:42,6.77,--,5,3385,卖盘
1849,13:06:33,6.77,--,36,24372,买盘
1850,13:06:30,6.77,-0.01,55,37235,卖盘
1851,13:06:27,6.78,--,108,73224,买盘
1852,13:06:24,6.78,--,257,174246,买盘
1853,13:06:21,6.78,0.01,466,315948,买盘
1854,13:06:18,6.77,--,54,36558,买盘
1855,13:06:12,6.77,--,30,20310,买盘
1856,13:06:06,6.77,--,27,18279,买盘
1857,13:06:00,6.77,--,509,344593,买盘
1858,13:05:57,6.77,--,245,165865,买盘
1859,13:05:54,6.77,--,10,6770,买盘
1860,13:05:45,6.77,--,125,84625,买盘
1861,13:05:36,6.77,--,32,21664,买盘
1862,13:05:30,6.77,-0.01,1,677,中性盘
1863,13:05:24,6.78,--,108,73224,买盘
1864,13:05:18,6.78,0.02,334,226452,买盘
1865,13:05:15,6.76,-0.01,574,388024,卖盘
1866,13:05:12,6.77,0.01,2,1354,买盘
1867,13:05:09,6.76,-0.01,20,13520,卖盘
1868,13:05:06,6.77,0.01,28,18956,买盘
1869,13:05:03,6.76,-0.01,143,96668,卖盘
1870,13:05:00,6.77,0.01,351,237626,买盘
1871,13:04:57,6.76,-0.01,72,48672,卖盘
1872,13:04:51,6.77,--,139,94103,买盘
1873,13:04:48,6.77,--,1,677,买盘
1874,13:04:45,6.77,--,31,20987,买盘
1875,13:04:39,6.77,--,64,43328,买盘
1876,13:04:36,6.77,--,8,5416,买盘
1877,13:04:30,6.77,-0.01,2,1354,买盘
1878,13:04:27,6.78,0.01,138,93564,买盘
1879,13:04:21,6.77,--,242,163834,买盘
1880,13:04:18,6.77,--,211,142847,买盘
1881,13:04:15,6.77,--,60,40620,买盘
1882,13:04:12,6.77,--,30,20310,买盘
1883,13:04:06,6.77,--,60,40620,买盘
1884,13:04:03,6.77,--,156,105612,买盘
1885,13:04:00,6.77,0.01,8,5416,买盘
1886,13:03:57,6.76,-0.01,321,216996,卖盘
1887,13:03:51,6.77,0.01,82,55514,买盘
1888,13:03:45,6.76,--,2,1352,卖盘
1889,13:03:42,6.76,-0.01,4,2704,卖盘
1890,13:03:30,6.77,--,1,677,买盘
1891,13:03:24,6.77,--,129,87333,买盘
1892,13:03:21,6.77,--,1,677,买盘
1893,13:03:18,6.77,--,262,177374,买盘
1894,13:03:15,6.77,--,2,1354,买盘
1895,13:03:12,6.77,--,40,27080,买盘
1896,13:03:09,6.77,0.01,161,108997,买盘
1897,13:03:06,6.76,0.01,29,19604,买盘
1898,13:03:03,6.75,-0.01,42,28350,卖盘
1899,13:03:00,6.76,--,130,87880,买盘
1900,13:02:57,6.76,0.01,302,204152,买盘
1901,13:02:51,6.75,-0.02,204,137700,卖盘
1902,13:02:36,6.77,0.01,90,60929,买盘
1903,13:02:33,6.76,0.01,100,67600,买盘
1904,13:02:30,6.75,-0.01,20,13500,卖盘
1905,13:02:24,6.76,--,132,89232,买盘
1906,13:02:21,6.76,-0.02,415,280540,卖盘
1907,13:02:18,6.78,--,263,178314,买盘
1908,13:02:15,6.78,0.02,156,105768,买盘
1909,13:02:12,6.76,-0.01,75,50700,卖盘
1910,13:02:09,6.77,--,21,14217,买盘
1911,13:02:06,6.77,0.01,27,18279,买盘
1912,13:02:00,6.76,-0.01,109,73684,卖盘
1913,13:01:57,6.77,0.01,71,48067,买盘
1914,13:01:54,6.76,-0.01,268,181168,卖盘
1915,13:01:51,6.77,--,1,677,买盘
1916,13:01:39,6.77,--,817,553109,买盘
1917,13:01:33,6.77,--,4,2708,买盘
1918,13:01:30,6.77,--,17,11509,买盘
1919,13:01:27,6.77,--,60,40620,买盘
1920,13:01:24,6.77,-0.01,11,7446,卖盘
1921,13:01:21,6.78,--,132,89496,买盘
1922,13:01:18,6.78,0.01,156,105768,买盘
1923,13:01:15,6.77,-0.01,17,11509,中性盘
1924,13:01:12,6.78,--,457,309846,买盘
1925,13:01:09,6.78,0.02,52,35256,买盘
1926,13:01:06,6.76,-0.02,138,93288,卖盘
1927,13:01:00,6.78,0.01,100,67800,买盘
1928,13:00:57,6.77,0.01,5,3385,中性盘
1929,13:00:54,6.76,-0.02,284,191984,卖盘
1930,13:00:51,6.78,0.01,5,3390,买盘
1931,13:00:45,6.77,--,57,38589,卖盘
1932,13:00:39,6.77,--,17,11509,卖盘
1933,13:00:36,6.77,--,326,220702,卖盘
1934,13:00:33,6.77,-0.01,25,16925,卖盘
1935,13:00:30,6.78,0.01,70,47460,买盘
1936,13:00:24,6.77,--,350,236949,卖盘
1937,13:00:21,6.77,-0.01,149,100873,卖盘
1938,13:00:18,6.78,--,52,35256,买盘
1939,13:00:12,6.78,0.01,271,183738,买盘
1940,13:00:09,6.77,--,75,50775,卖盘
1941,13:00:06,6.77,0.01,1174,794798,买盘
1942,13:00:03,6.76,--,3684,2490384,卖盘
1943,13:00:00,6.76,--,180,121680,卖盘
1944,11:30:00,6.76,-0.01,23,15548,卖盘
1945,11:29:57,6.77,0.01,27,18279,买盘
1946,11:29:54,6.76,--,251,169676,卖盘
1947,11:29:51,6.76,--,250,169000,卖盘
1948,11:29:48,6.76,--,27,18252,卖盘
1949,11:29:36,6.76,--,27,18252,卖盘
1950,11:29:33,6.76,--,7,4732,卖盘
1951,11:29:30,6.76,--,7,4732,卖盘
1952,11:29:27,6.76,0.01,26,17576,中性盘
1953,11:29:18,6.75,--,420,283500,卖盘
1954,11:29:15,6.75,-0.02,31,20925,卖盘
1955,11:29:12,6.77,0.01,255,172635,买盘
1956,11:29:09,6.76,--,104,70304,买盘
1957,11:29:06,6.76,0.01,50,33800,买盘
1958,11:29:03,6.75,-0.01,27,18225,卖盘
1959,11:28:57,6.76,0.01,27,18252,买盘
1960,11:28:54,6.75,--,29,19575,卖盘
1961,11:28:51,6.75,-0.01,100,67500,卖盘
1962,11:28:48,6.76,--,162,109512,卖盘
1963,11:28:42,6.76,--,25,16900,卖盘
1964,11:28:36,6.76,--,1025,692900,卖盘
1965,11:28:33,6.76,0.01,50,33800,买盘
1966,11:28:30,6.75,-0.01,89,60075,卖盘
1967,11:28:27,6.76,--,30,20280,卖盘
1968,11:28:24,6.76,--,15,10140,卖盘
1969,11:28:21,6.76,--,23,15548,卖盘
1970,11:28:15,6.76,-0.01,10,6760,卖盘
1971,11:28:12,6.77,0.01,1152,779904,买盘
1972,11:28:09,6.76,-0.01,28,18928,卖盘
1973,11:28:03,6.77,0.03,224,151648,买盘
1974,11:27:57,6.74,-0.01,65,43810,卖盘
1975,11:27:54,6.75,--,1,675,买盘
1976,11:27:51,6.75,-0.02,37,24975,卖盘
1977,11:27:48,6.77,0.01,204,138108,买盘
1978,11:27:45,6.76,--,1,676,买盘
1979,11:27:39,6.76,0.02,2,1352,中性盘
1980,11:27:36,6.74,-0.03,25,16850,卖盘
1981,11:27:30,6.77,--,1,677,买盘
1982,11:27:27,6.77,0.01,70,47390,买盘
1983,11:27:24,6.76,--,118,79768,卖盘
1984,11:27:18,6.76,0.02,880,594880,买盘
1985,11:27:15,6.74,-0.02,26,17524,卖盘
1986,11:27:12,6.76,--,137,92612,买盘
1987,11:27:06,6.76,0.02,236,159536,买盘
1988,11:27:03,6.74,-0.02,97,65378,卖盘
1989,11:26:57,6.76,--,27,18252,买盘
1990,11:26:54,6.76,0.01,155,104780,买盘
1991,11:26:51,6.75,-0.01,277,186975,卖盘
1992,11:26:48,6.76,--,10,6760,买盘
1993,11:26:45,6.76,0.01,26,17576,买盘
1994,11:26:42,6.75,--,27,18225,卖盘
1995,11:26:39,6.75,-0.01,8,5400,卖盘
1996,11:26:36,6.76,0.01,6,4056,买盘
1997,11:26:33,6.75,-0.01,16,10800,卖盘
1998,11:26:30,6.76,0.01,248,167648,买盘
1999,11:26:24,6.75,--,2,1350,卖盘
2000,11:26:21,6.75,--,10,6750,卖盘
2001,11:26:18,6.75,-0.01,28,18900,卖盘
2002,11:26:15,6.76,--,33,22308,买盘
2003,11:26:09,6.76,0.01,165,111540,买盘
2004,11:26:06,6.75,-0.01,248,167400,卖盘
2005,11:26:00,6.76,0.01,207,139932,买盘
2006,11:25:57,6.75,--,54,36450,卖盘
2007,11:25:51,6.75,--,182,122850,卖盘
2008,11:25:48,6.75,--,67,45225,卖盘
2009,11:25:45,6.75,-0.01,28,18900,卖盘
2010,11:25:39,6.76,0.01,3,2028,买盘
2011,11:25:36,6.75,-0.01,25,16875,卖盘
2012,11:25:30,6.76,0.01,1,676,买盘
2013,11:25:27,6.75,--,33,22275,卖盘
2014,11:25:24,6.75,--,28,18900,卖盘
2015,11:25:15,6.75,-0.01,5,3375,卖盘
2016,11:25:12,6.76,--,171,115596,买盘
2017,11:25:09,6.76,--,14,9464,买盘
2018,11:25:06,6.76,0.01,394,266344,买盘
2019,11:25:03,6.75,-0.01,33,22275,卖盘
2020,11:25:00,6.76,0.01,123,83148,买盘
2021,11:24:57,6.75,0.01,30,20250,买盘
2022,11:24:51,6.74,--,24,16176,卖盘
2023,11:24:48,6.74,--,250,168500,卖盘
2024,11:24:42,6.74,-0.01,41,27634,卖盘
2025,11:24:39,6.75,--,30,20250,卖盘
2026,11:24:36,6.75,-0.01,23,15525,卖盘
2027,11:24:33,6.76,0.01,50,33800,买盘
2028,11:24:30,6.75,-0.01,28,18900,中性盘
2029,11:24:18,6.76,0.02,70,47320,买盘
2030,11:24:15,6.74,-0.02,1,674,卖盘
2031,11:24:12,6.76,--,216,146016,买盘
2032,11:24:09,6.76,0.02,101,68276,买盘
2033,11:24:06,6.74,-0.02,46,31004,卖盘
2034,11:24:03,6.76,0.01,300,202800,买盘
2035,11:24:00,6.75,-0.01,12,8100,卖盘
2036,11:23:57,6.76,0.01,47,31772,买盘
2037,11:23:54,6.75,--,10,6750,买盘
2038,11:23:51,6.75,--,162,109350,买盘
2039,11:23:48,6.75,--,88,59400,卖盘
2040,11:23:45,6.75,--,27,18225,卖盘
2041,11:23:39,6.75,--,1,675,买盘
2042,11:23:36,6.75,0.01,4,2700,买盘
2043,11:23:33,6.74,-0.01,133,89642,卖盘
2044,11:23:30,6.75,0.01,1,675,买盘
2045,11:23:24,6.74,-0.02,24,16176,卖盘
2046,11:23:21,6.76,--,147,99372,买盘
2047,11:23:18,6.76,0.02,33,22308,买盘
2048,11:23:12,6.74,-0.02,24,16176,卖盘
2049,11:23:09,6.76,0.01,139,93964,买盘
2050,11:23:06,6.75,0.01,226,152550,买盘
2051,11:23:03,6.74,-0.01,31,20894,卖盘
2052,11:23:00,6.75,0.01,87,58725,买盘
2053,11:22:57,6.74,-0.01,29,19546,卖盘
2054,11:22:54,6.75,0.01,131,88425,买盘
2055,11:22:48,6.74,--,246,165804,卖盘
2056,11:22:45,6.74,0.01,31,20894,中性盘
2057,11:22:39,6.73,-0.02,28,18844,卖盘
2058,11:22:30,6.75,0.01,173,116775,买盘
2059,11:22:27,6.74,--,27,18198,卖盘
2060,11:22:15,6.74,--,35,23590,卖盘
2061,11:22:12,6.74,--,10,7144,买盘
2062,11:22:09,6.74,-0.01,436,294133,卖盘
2063,11:22:06,6.75,--,31,20925,卖盘
2064,11:22:03,6.75,-0.01,224,151200,卖盘
2065,11:22:00,6.76,--,31,20956,买盘
2066,11:21:57,6.76,0.02,28,18928,买盘
2067,11:21:54,6.74,-0.02,88,59312,卖盘
2068,11:21:51,6.76,0.01,10,6760,买盘
2069,11:21:48,6.75,0.01,34,22950,买盘
2070,11:21:45,6.74,--,256,172544,卖盘
2071,11:21:42,6.74,-0.02,45,30330,卖盘
2072,11:21:33,6.76,0.01,185,125060,买盘
2073,11:21:30,6.75,--,1,675,买盘
2074,11:21:24,6.75,0.01,10,6750,买盘
2075,11:21:21,6.74,-0.01,25,16850,卖盘
2076,11:21:15,6.75,--,125,84375,卖盘
2077,11:21:09,6.75,-0.01,28,18900,卖盘
2078,11:21:03,6.76,--,120,81120,买盘
2079,11:21:00,6.76,--,33,22308,买盘
2080,11:20:57,6.76,0.01,281,189956,买盘
2081,11:20:54,6.75,--,30,20250,卖盘
2082,11:20:51,6.75,--,145,97875,卖盘
2083,11:20:48,6.75,--,64,43200,买盘
2084,11:20:45,6.75,0.01,259,174825,买盘
2085,11:20:42,6.74,-0.02,182,122668,卖盘
2086,11:20:39,6.76,0.02,156,105456,买盘
2087,11:20:36,6.74,-0.01,27,18198,卖盘
2088,11:20:27,6.75,0.01,49,33075,买盘
2089,11:20:21,6.74,--,10,6740,卖盘
2090,11:20:18,6.74,-0.01,2,1348,卖盘
2091,11:20:15,6.75,--,55,37125,买盘
2092,11:20:12,6.75,--,50,33750,买盘
2093,11:20:09,6.75,0.01,80,54000,买盘
2094,11:20:03,6.74,-0.01,237,159738,卖盘
2095,11:20:00,6.75,-0.01,93,62775,卖盘
2096,11:19:57,6.76,0.01,290,196040,买盘
2097,11:19:54,6.75,-0.01,23,15525,卖盘
2098,11:19:48,6.76,0.01,55,37180,买盘
2099,11:19:45,6.75,--,30,20250,买盘
2100,11:19:42,6.75,--,248,167400,卖盘
2101,11:19:39,6.75,--,5,3375,卖盘
2102,11:19:36,6.75,0.01,67,45225,买盘
2103,11:19:33,6.74,-0.01,2,1348,卖盘
2104,11:19:30,6.75,0.01,29,19575,买盘
2105,11:19:27,6.74,-0.01,83,55942,卖盘
2106,11:19:24,6.75,--,5,3375,买盘
2107,11:19:21,6.75,0.01,29,19575,买盘
2108,11:19:18,6.74,-0.01,182,122668,卖盘
2109,11:19:15,6.75,--,44,29700,卖盘
2110,11:19:12,6.75,--,25,16875,卖盘
2111,11:19:09,6.75,-0.01,56,37800,卖盘
2112,11:19:06,6.76,--,300,202800,买盘
2113,11:19:03,6.76,--,113,76388,买盘
2114,11:19:00,6.76,0.01,11,7436,买盘
2115,11:18:57,6.75,-0.01,52,35100,卖盘
2116,11:18:54,6.76,0.01,278,187928,买盘
2117,11:18:51,6.75,--,409,276075,买盘
2118,11:18:48,6.75,0.01,78,52650,买盘
2119,11:18:45,6.74,--,2,1348,卖盘
2120,11:18:42,6.74,-0.01,251,169174,卖盘
2121,11:18:39,6.75,--,82,55350,买盘
2122,11:18:36,6.75,0.01,26,17550,买盘
2123,11:18:33,6.74,--,2,1348,卖盘
2124,11:18:30,6.74,-0.01,21,14154,卖盘
2125,11:18:27,6.75,0.01,8,5400,买盘
2126,11:18:24,6.74,-0.01,210,141540,卖盘
2127,11:18:18,6.75,0.01,155,104625,买盘
2128,11:18:15,6.74,-0.01,26,17524,卖盘
2129,11:18:12,6.75,0.01,10,6750,买盘
2130,11:18:06,6.74,-0.02,8,5392,卖盘
2131,11:18:03,6.76,0.01,172,116272,买盘
2132,11:18:00,6.75,-0.01,117,78975,卖盘
2133,11:17:57,6.76,0.01,284,191984,买盘
2134,11:17:54,6.75,0.01,20,13500,买盘
2135,11:17:51,6.74,--,130,87620,卖盘
2136,11:17:48,6.74,-0.02,2,1348,卖盘
2137,11:17:45,6.76,0.01,798,539448,买盘
2138,11:17:42,6.75,--,274,184950,卖盘
2139,11:17:39,6.75,--,115,77625,卖盘
2140,11:17:30,6.75,-0.01,28,18900,卖盘
2141,11:17:24,6.76,0.01,3,2028,买盘
2142,11:17:21,6.75,--,182,122850,卖盘
2143,11:17:18,6.75,--,28,18900,卖盘
2144,11:17:12,6.75,--,194,130950,卖盘
2145,11:17:09,6.75,--,42,28350,卖盘
2146,11:17:00,6.75,--,117,78975,卖盘
2147,11:16:57,6.75,-0.01,960,648000,卖盘
2148,11:16:54,6.76,0.01,19,12844,买盘
2149,11:16:51,6.75,--,2,1350,卖盘
2150,11:16:48,6.75,--,600,405000,卖盘
2151,11:16:45,6.75,--,95,64125,卖盘
2152,11:16:42,6.75,--,184,124200,卖盘
2153,11:16:39,6.75,--,68,45900,卖盘
2154,11:16:33,6.75,--,206,139050,卖盘
2155,11:16:27,6.75,--,5,3375,卖盘
2156,11:16:24,6.75,--,49,33075,卖盘
2157,11:16:21,6.75,-0.01,16,10800,卖盘
2158,11:16:18,6.76,--,10,6760,买盘
2159,11:16:15,6.76,0.01,147,99372,买盘
2160,11:16:12,6.75,--,28,18900,卖盘
2161,11:16:09,6.75,-0.01,80,54000,卖盘
2162,11:16:06,6.76,0.01,15,10140,买盘
2163,11:16:00,6.75,-0.01,163,110025,卖盘
2164,11:15:57,6.76,--,27,18252,买盘
2165,11:15:54,6.76,0.01,230,155480,买盘
2166,11:15:51,6.75,--,26,17550,卖盘
2167,11:15:48,6.75,--,871,587925,卖盘
2168,11:15:45,6.75,-0.01,5,3375,卖盘
2169,11:15:42,6.76,0.01,50,33800,买盘
2170,11:15:39,6.75,--,277,186975,卖盘
2171,11:15:33,6.75,--,10,6750,卖盘
2172,11:15:30,6.75,-0.01,20,13500,卖盘
2173,11:15:27,6.76,--,54,36504,买盘
2174,11:15:24,6.76,0.01,147,99372,买盘
2175,11:15:21,6.75,--,2,1350,卖盘
2176,11:15:18,6.75,-0.01,65,43875,卖盘
2177,11:15:15,6.76,--,117,79092,买盘
2178,11:15:12,6.76,--,10,6760,买盘
2179,11:15:06,6.76,--,30,20280,买盘
2180,11:15:03,6.76,0.01,8,5408,买盘
2181,11:15:00,6.75,-0.01,63,42525,卖盘
2182,11:14:57,6.76,--,146,98696,买盘
2183,11:14:54,6.76,0.01,109,73684,买盘
2184,11:14:51,6.75,-0.01,306,206550,卖盘
2185,11:14:48,6.76,--,130,87880,买盘
2186,11:14:45,6.76,--,164,110864,买盘
2187,11:14:39,6.76,--,384,259584,买盘
2188,11:14:33,6.76,0.01,182,123032,买盘
2189,11:14:30,6.75,--,10,6750,卖盘
2190,11:14:21,6.75,-0.01,36,24300,卖盘
2191,11:14:18,6.76,--,234,158184,买盘
2192,11:14:15,6.76,--,1,676,买盘
2193,11:14:12,6.76,0.01,28,18928,买盘
2194,11:14:06,6.75,--,150,101250,卖盘
2195,11:14:03,6.75,-0.01,202,136350,卖盘
2196,11:14:00,6.76,--,37,25012,买盘
2197,11:13:57,6.76,--,148,100048,买盘
2198,11:13:51,6.76,0.01,244,164944,买盘
2199,11:13:48,6.75,--,27,18225,卖盘
2200,11:13:45,6.75,-0.01,330,222750,卖盘
2201,11:13:42,6.76,--,3,2028,买盘
2202,11:13:39,6.76,0.01,338,228488,买盘
2203,11:13:36,6.75,-0.01,169,114075,卖盘
2204,11:13:30,6.76,0.01,200,135200,买盘
2205,11:13:27,6.75,-0.01,26,17550,卖盘
2206,11:13:24,6.76,0.01,42,28392,买盘
2207,11:13:15,6.75,--,29,19575,卖盘
2208,11:13:09,6.75,-0.01,74,49950,卖盘
2209,11:13:06,6.76,0.01,231,156156,买盘
2210,11:13:03,6.75,--,22,14850,卖盘
2211,11:13:00,6.75,-0.01,2,1350,卖盘
2212,11:12:57,6.76,0.01,175,118300,买盘
2213,11:12:54,6.75,-0.01,26,17550,卖盘
2214,11:12:51,6.76,0.01,1,676,买盘
2215,11:12:48,6.75,-0.01,20,13500,卖盘
2216,11:12:45,6.76,0.01,394,266344,买盘
2217,11:12:42,6.75,-0.01,80,54000,卖盘
2218,11:12:39,6.76,0.01,2,1352,买盘
2219,11:12:36,6.75,-0.01,250,168750,卖盘
2220,11:12:33,6.76,--,353,238628,买盘
2221,11:12:30,6.76,0.01,25,16900,买盘
2222,11:12:27,6.75,--,829,559575,卖盘
2223,11:12:24,6.75,-0.02,43,29025,卖盘
2224,11:12:21,6.77,--,32,21664,买盘
2225,11:12:18,6.77,0.02,1000,677000,买盘
2226,11:12:15,6.75,--,128,86400,卖盘
2227,11:12:12,6.75,-0.01,320,216000,卖盘
2228,11:12:09,6.76,--,8,5408,卖盘
2229,11:12:06,6.76,--,524,354224,卖盘
2230,11:12:00,6.76,--,121,81796,卖盘
2231,11:11:57,6.76,--,14,9464,买盘
2232,11:11:54,6.76,0.01,665,449540,买盘
2233,11:11:51,6.75,-0.01,157,105975,卖盘
2234,11:11:48,6.76,0.01,243,164268,买盘
2235,11:11:42,6.75,--,31,20925,卖盘
2236,11:11:36,6.75,-0.01,268,180900,卖盘
2237,11:11:33,6.76,--,88,59488,买盘
2238,11:11:27,6.76,--,1,676,买盘
2239,11:11:24,6.76,0.01,60,40560,买盘
2240,11:11:21,6.75,--,30,20250,卖盘
2241,11:11:18,6.75,-0.01,2,1350,卖盘
2242,11:11:15,6.76,0.01,19,12844,买盘
2243,11:11:12,6.75,--,10,6750,卖盘
2244,11:11:09,6.75,-0.01,31,20925,卖盘
2245,11:11:06,6.76,--,1,676,买盘
2246,11:11:03,6.76,--,147,99372,买盘
2247,11:11:00,6.76,0.01,8,5408,买盘
2248,11:10:57,6.75,-0.01,69,46575,卖盘
2249,11:10:54,6.76,0.01,20,13520,买盘
2250,11:10:51,6.75,--,69,46575,买盘
2251,11:10:48,6.75,-0.01,2128,1436400,卖盘
2252,11:10:45,6.76,0.01,264,178464,买盘
2253,11:10:42,6.75,-0.01,50,33750,卖盘
2254,11:10:39,6.76,0.01,20,13520,买盘
2255,11:10:36,6.75,-0.01,128,86400,卖盘
2256,11:10:33,6.76,--,56,37856,卖盘
2257,11:10:30,6.76,-0.01,29,19604,卖盘
2258,11:10:27,6.77,0.01,18,12186,买盘
2259,11:10:24,6.76,--,69,46644,买盘
2260,11:10:21,6.76,--,22,14872,卖盘
2261,11:10:18,6.76,--,493,333268,买盘
2262,11:10:15,6.76,--,100,67600,买盘
2263,11:10:12,6.76,0.01,221,149396,买盘
2264,11:10:09,6.75,-0.01,5,3375,卖盘
2265,11:10:03,6.76,0.01,19,12844,买盘
2266,11:10:00,6.75,-0.01,33,22275,卖盘
2267,11:09:57,6.76,-0.01,345,233220,卖盘
2268,11:09:54,6.77,0.01,525,355425,买盘
2269,11:09:51,6.76,--,477,322452,卖盘
2270,11:09:48,6.76,--,390,263640,卖盘
2271,11:09:45,6.76,--,241,162916,卖盘
2272,11:09:42,6.76,--,92,62192,买盘
2273,11:09:39,6.76,0.01,179,121004,买盘
2274,11:09:33,6.75,-0.02,122,82350,卖盘
2275,11:09:30,6.77,0.01,969,656013,买盘
2276,11:09:27,6.76,--,434,293384,买盘
2277,11:09:21,6.76,0.01,5,3380,买盘
2278,11:09:18,6.75,-0.01,531,358425,卖盘
2279,11:09:15,6.76,--,5,3380,买盘
2280,11:09:12,6.76,0.01,2,1352,中性盘
2281,11:09:06,6.75,-0.01,156,105300,卖盘
2282,11:09:03,6.76,--,100,67600,卖盘
2283,11:09:00,6.76,--,47,31772,卖盘
2284,11:08:57,6.76,0.01,1140,770640,买盘
2285,11:08:54,6.75,-0.01,69,46575,卖盘
2286,11:08:51,6.76,--,9,6084,买盘
2287,11:08:48,6.76,--,7,4732,买盘
2288,11:08:45,6.76,--,180,121680,买盘
2289,11:08:42,6.76,--,228,154128,买盘
2290,11:08:39,6.76,--,4,2704,买盘
2291,11:08:36,6.76,--,64,43264,买盘
2292,11:08:33,6.76,--,95,64220,卖盘
2293,11:08:30,6.76,--,18,12168,卖盘
2294,11:08:27,6.76,--,220,148720,卖盘
2295,11:08:24,6.76,--,90,60840,卖盘
2296,11:08:21,6.76,--,354,239304,卖盘
2297,11:08:18,6.76,--,310,209560,卖盘
2298,11:08:15,6.76,-0.01,21,14196,卖盘
2299,11:08:12,6.77,0.01,81,54837,买盘
2300,11:08:09,6.76,--,48,32448,卖盘
2301,11:08:06,6.76,--,2,1352,卖盘
2302,11:08:03,6.76,--,285,192660,买盘
2303,11:08:00,6.76,0.01,51,34476,买盘
2304,11:07:57,6.75,-0.01,47,31725,卖盘
2305,11:07:54,6.76,0.01,1030,696280,买盘
2306,11:07:48,6.75,-0.01,41,27675,卖盘
2307,11:07:45,6.76,0.01,124,83824,买盘
2308,11:07:39,6.75,0.01,2287,1543725,买盘
2309,11:07:36,6.74,-0.02,31,20894,卖盘
2310,11:07:33,6.76,--,148,100048,买盘
2311,11:07:30,6.76,0.01,317,214292,买盘
2312,11:07:27,6.75,-0.01,48,32400,买盘
2313,11:07:24,6.76,0.01,2000,1352000,买盘
2314,11:07:21,6.75,0.01,114,76950,买盘
2315,11:07:18,6.74,--,3,2022,卖盘
2316,11:07:15,6.74,-0.01,60,40440,卖盘
2317,11:07:12,6.75,--,44,29700,买盘
2318,11:07:06,6.75,0.01,28,18900,买盘
2319,11:07:03,6.74,--,235,158390,卖盘
2320,11:07:00,6.74,-0.01,1,674,卖盘
2321,11:06:57,6.75,--,32,21600,买盘
2322,11:06:54,6.75,--,44,29700,买盘
2323,11:06:51,6.75,--,161,108675,买盘
2324,11:06:45,6.75,--,10,6750,买盘
2325,11:06:42,6.75,--,310,209250,买盘
2326,11:06:39,6.75,0.01,306,206550,买盘
2327,11:06:36,6.74,--,60,40440,卖盘
2328,11:06:33,6.74,--,1,674,卖盘
2329,11:06:30,6.74,-0.01,281,189394,卖盘
2330,11:06:27,6.75,--,1,675,买盘
2331,11:06:24,6.75,--,26,17550,买盘
2332,11:06:21,6.75,0.01,100,67500,中性盘
2333,11:06:18,6.74,-0.02,58,39092,卖盘
2334,11:06:15,6.76,--,93,62868,买盘
2335,11:06:12,6.76,0.01,101,68276,买盘
2336,11:06:09,6.75,--,109,73575,卖盘
2337,11:06:06,6.75,--,109,73575,卖盘
2338,11:06:03,6.75,--,40,27000,卖盘
2339,11:06:00,6.75,--,566,382320,买盘
2340,11:05:57,6.75,0.01,559,377325,买盘
2341,11:05:54,6.74,-0.01,422,284428,卖盘
2342,11:05:51,6.75,--,152,102600,买盘
2343,11:05:48,6.75,0.01,10,6750,买盘
2344,11:05:45,6.74,-0.01,69,46506,卖盘
2345,11:05:42,6.75,--,681,459675,买盘
2346,11:05:39,6.75,0.01,8,5400,买盘
2347,11:05:36,6.74,--,349,235226,卖盘
2348,11:05:33,6.74,-0.01,29,19546,卖盘
2349,11:05:30,6.75,--,282,190350,买盘
2350,11:05:27,6.75,--,10,6750,买盘
2351,11:05:24,6.75,--,235,158625,买盘
2352,11:05:21,6.75,--,1,675,买盘
2353,11:05:18,6.75,--,100,67500,买盘
2354,11:05:15,6.75,0.01,30,20250,买盘
2355,11:05:12,6.74,--,81,54594,卖盘
2356,11:05:09,6.74,--,1,674,卖盘
2357,11:05:06,6.74,--,510,343740,卖盘
2358,11:05:03,6.74,--,33,22242,卖盘
2359,11:05:00,6.74,-0.01,149,100426,卖盘
2360,11:04:57,6.75,--,49,33075,买盘
2361,11:04:54,6.75,0.01,294,198450,买盘
2362,11:04:51,6.74,--,31,20894,卖盘
2363,11:04:45,6.74,-0.01,90,60660,卖盘
2364,11:04:42,6.75,0.01,333,224775,买盘
2365,11:04:39,6.74,-0.01,379,255446,卖盘
2366,11:04:36,6.75,0.01,455,307125,买盘
2367,11:04:33,6.74,-0.01,18,12132,卖盘
2368,11:04:30,6.75,0.01,214,144450,买盘
2369,11:04:27,6.74,-0.01,67,45158,卖盘
2370,11:04:24,6.75,--,8,5400,买盘
2371,11:04:21,6.75,0.01,35,23625,买盘
2372,11:04:18,6.74,-0.01,79,53246,卖盘
2373,11:04:15,6.75,--,13,8775,买盘
2374,11:04:12,6.75,--,9,6075,买盘
2375,11:04:09,6.75,0.01,147,99225,买盘
2376,11:04:06,6.74,--,31,20894,卖盘
2377,11:04:00,6.74,-0.01,123,82902,卖盘
2378,11:03:57,6.75,0.01,38,25650,买盘
2379,11:03:54,6.74,-0.01,132,88968,卖盘
2380,11:03:48,6.75,0.01,40,27000,买盘
2381,11:03:45,6.74,-0.01,30,20220,卖盘
2382,11:03:42,6.75,0.01,144,97200,买盘
2383,11:03:39,6.74,--,100,67400,卖盘
2384,11:03:36,6.74,--,69,46506,卖盘
2385,11:03:33,6.74,-0.01,270,181980,卖盘
2386,11:03:30,6.75,0.01,25,16875,买盘
2387,11:03:27,6.74,-0.01,256,172544,卖盘
2388,11:03:24,6.75,0.01,2,1350,买盘
2389,11:03:21,6.74,-0.01,31,20894,卖盘
2390,11:03:18,6.75,--,193,130275,买盘
2391,11:03:15,6.75,--,64,43200,买盘
2392,11:03:12,6.75,0.01,52,35100,买盘
2393,11:03:09,6.74,-0.01,43,28982,卖盘
2394,11:03:06,6.75,--,1,675,买盘
2395,11:03:03,6.75,--,12,8100,买盘
2396,11:03:00,6.75,0.01,37,24975,买盘
2397,11:02:57,6.74,--,98,66052,卖盘
2398,11:02:54,6.74,--,50,33700,卖盘
2399,11:02:48,6.74,--,75,50550,卖盘
2400,11:02:45,6.74,-0.01,30,20220,卖盘
2401,11:02:42,6.75,0.01,217,146475,买盘
2402,11:02:39,6.74,--,171,115254,卖盘
2403,11:02:36,6.74,--,31,20894,卖盘
2404,11:02:33,6.74,-0.01,229,154346,卖盘
2405,11:02:30,6.75,--,40,27000,买盘
2406,11:02:27,6.75,--,459,309825,买盘
2407,11:02:24,6.75,--,82,55350,买盘
2408,11:02:21,6.75,0.01,85,57375,买盘
2409,11:02:15,6.74,-0.01,30,20220,卖盘
2410,11:02:12,6.75,--,231,155925,买盘
2411,11:02:09,6.75,--,25,16875,买盘
2412,11:02:06,6.75,0.01,135,91125,买盘
2413,11:02:03,6.74,-0.01,62,41788,卖盘
2414,11:02:00,6.75,0.01,90,60750,买盘
2415,11:01:57,6.74,--,391,263534,卖盘
2416,11:01:54,6.74,--,41,27634,卖盘
2417,11:01:51,6.74,--,99,66860,买盘
2418,11:01:48,6.74,--,501,337674,买盘
2419,11:01:45,6.74,--,93,62682,买盘
2420,11:01:42,6.74,--,169,113906,买盘
2421,11:01:36,6.74,--,316,212984,买盘
2422,11:01:33,6.74,0.01,296,199504,买盘
2423,11:01:30,6.73,-0.01,85,57205,卖盘
2424,11:01:27,6.74,0.01,210,141540,买盘
2425,11:01:24,6.73,--,347,233531,卖盘
2426,11:01:21,6.73,--,119,80087,卖盘
2427,11:01:18,6.73,-0.01,230,154790,卖盘
2428,11:01:15,6.74,--,30,20220,买盘
2429,11:01:12,6.74,--,210,141540,买盘
2430,11:01:09,6.74,--,83,55942,买盘
2431,11:01:06,6.74,--,11,7414,买盘
2432,11:01:03,6.74,0.01,15,10110,买盘
2433,11:01:00,6.73,-0.01,17,11441,卖盘
2434,11:00:57,6.74,--,112,75488,买盘
2435,11:00:51,6.74,--,162,109188,买盘
2436,11:00:48,6.74,0.01,144,97056,买盘
2437,11:00:45,6.73,-0.01,177,119121,卖盘
2438,11:00:42,6.74,--,85,57290,买盘
2439,11:00:39,6.74,0.01,173,116602,买盘
2440,11:00:36,6.73,-0.01,32,21536,卖盘
2441,11:00:33,6.74,0.01,428,288472,买盘
2442,11:00:30,6.73,--,496,333808,买盘
2443,11:00:27,6.73,--,21,14133,买盘
2444,11:00:24,6.73,--,108,72684,卖盘
2445,11:00:21,6.73,--,1,673,卖盘
2446,11:00:18,6.73,-0.01,66,44418,卖盘
2447,11:00:15,6.74,0.01,178,119972,买盘
2448,11:00:12,6.73,-0.01,74,49802,卖盘
2449,11:00:09,6.74,--,156,105144,买盘
2450,11:00:06,6.74,--,200,134800,买盘
2451,11:00:03,6.74,0.01,181,121994,买盘
2452,11:00:00,6.73,-0.01,88,59224,卖盘
2453,10:59:57,6.74,--,27,18198,买盘
2454,10:59:54,6.74,0.01,267,179958,买盘
2455,10:59:51,6.73,--,34,22882,卖盘
2456,10:59:48,6.73,--,28,18844,卖盘
2457,10:59:45,6.73,--,100,67300,卖盘
2458,10:59:42,6.73,--,7,4711,卖盘
2459,10:59:39,6.73,--,4154,2795911,买盘
2460,10:59:33,6.73,--,117,78741,买盘
2461,10:59:30,6.73,0.01,279,187767,买盘
2462,10:59:24,6.72,-0.01,249,167328,卖盘
2463,10:59:21,6.73,0.01,11,7403,买盘
2464,10:59:18,6.72,--,52,34944,卖盘
2465,10:59:12,6.72,-0.01,105,70560,卖盘
2466,10:59:09,6.73,0.01,50,33650,买盘
2467,10:59:06,6.72,-0.01,119,79968,卖盘
2468,10:59:03,6.73,--,147,98931,买盘
2469,10:59:00,6.73,0.01,33,22209,买盘
2470,10:58:57,6.72,--,29,19488,卖盘
2471,10:58:54,6.72,--,143,96096,卖盘
2472,10:58:45,6.72,-0.01,26,17472,卖盘
2473,10:58:42,6.73,--,22,14806,买盘
2474,10:58:39,6.73,0.01,148,99604,买盘
2475,10:58:33,6.72,-0.01,34,22848,卖盘
2476,10:58:30,6.73,--,622,418606,买盘
2477,10:58:27,6.73,0.01,382,257086,买盘
2478,10:58:24,6.72,--,132,88704,卖盘
2479,10:58:21,6.72,--,204,137088,卖盘
2480,10:58:18,6.72,-0.01,11,7392,卖盘
2481,10:58:12,6.73,0.01,318,214014,买盘
2482,10:58:09,6.72,--,61,40992,买盘
2483,10:58:06,6.72,--,454,305088,买盘
2484,10:58:03,6.72,0.01,56,37632,买盘
2485,10:58:00,6.71,-0.01,33,22143,卖盘
2486,10:57:57,6.72,-0.01,297,199584,中性盘
2487,10:57:54,6.73,0.02,470,316310,买盘
2488,10:57:48,6.71,-0.01,117,78507,卖盘
2489,10:57:45,6.72,-0.01,139,93408,卖盘
2490,10:57:42,6.73,0.01,14,9422,买盘
2491,10:57:39,6.72,--,132,88704,卖盘
2492,10:57:33,6.72,-0.01,188,126336,卖盘
2493,10:57:30,6.73,--,93,62589,买盘
2494,10:57:27,6.73,0.02,266,179018,买盘
2495,10:57:21,6.71,-0.02,399,267729,卖盘
2496,10:57:18,6.73,--,131,88163,买盘
2497,10:57:15,6.73,--,43,28939,买盘
2498,10:57:12,6.73,0.01,1,673,买盘
2499,10:57:09,6.72,-0.01,6,4032,中性盘
2500,10:57:06,6.73,--,65,43745,买盘
2501,10:57:03,6.73,0.01,80,53840,买盘
2502,10:57:00,6.72,--,475,319603,买盘
2503,10:56:57,6.72,--,27,18144,买盘
2504,10:56:54,6.72,0.01,132,88704,买盘
2505,10:56:51,6.71,-0.01,40,26840,卖盘
2506,10:56:45,6.72,0.01,21,14112,买盘
2507,10:56:42,6.71,-0.01,41,27511,卖盘
2508,10:56:36,6.72,--,28,18816,买盘
2509,10:56:33,6.72,0.01,106,71232,买盘
2510,10:56:30,6.71,--,179,120109,卖盘
2511,10:56:27,6.71,-0.01,60,40260,卖盘
2512,10:56:24,6.72,0.01,263,176736,买盘
2513,10:56:21,6.71,--,251,168421,卖盘
2514,10:56:18,6.71,-0.01,31,20801,卖盘
2515,10:56:12,6.72,0.01,2,1344,买盘
2516,10:56:09,6.71,-0.01,29,19459,卖盘
2517,10:56:03,6.72,0.01,91,61152,买盘
2518,10:56:00,6.71,--,14,9394,卖盘
2519,10:55:57,6.71,-0.01,60,40260,卖盘
2520,10:55:54,6.72,0.01,2,1344,买盘
2521,10:55:45,6.71,-0.01,36,24156,卖盘
2522,10:55:39,6.72,0.01,167,112224,买盘
2523,10:55:36,6.71,--,32,21472,卖盘
2524,10:55:33,6.71,-0.01,9,6039,卖盘
2525,10:55:30,6.72,--,140,94080,买盘
2526,10:55:24,6.72,0.01,285,191520,买盘
2527,10:55:21,6.71,--,68,45628,买盘
2528,10:55:18,6.71,--,15,10065,卖盘
2529,10:55:15,6.71,--,15,10065,卖盘
2530,10:55:12,6.71,-0.01,31,20801,卖盘
2531,10:55:09,6.72,0.01,10,6720,买盘
2532,10:55:03,6.71,-0.01,800,536800,卖盘
2533,10:55:00,6.72,--,56,37632,买盘
2534,10:54:57,6.72,0.01,131,88032,买盘
2535,10:54:54,6.71,--,20,13420,卖盘
2536,10:54:51,6.71,-0.01,30,20130,卖盘
2537,10:54:48,6.72,--,585,393120,买盘
2538,10:54:45,6.72,--,6,4032,买盘
2539,10:54:39,6.72,0.01,149,100128,买盘
2540,10:54:36,6.71,0.01,45,30195,买盘
2541,10:54:33,6.7,-0.02,6,4020,卖盘
2542,10:54:30,6.72,0.02,107,71904,买盘
2543,10:54:27,6.7,-0.02,42,28140,卖盘
2544,10:54:21,6.72,0.01,263,176736,买盘
2545,10:54:18,6.71,--,206,138226,卖盘
2546,10:54:15,6.71,-0.01,55,36905,卖盘
2547,10:54:12,6.72,--,82,55104,买盘
2548,10:54:09,6.72,0.01,43,28896,买盘
2549,10:54:06,6.71,-0.01,70,46970,卖盘
2550,10:54:03,6.72,0.01,6,4032,买盘
2551,10:54:00,6.71,--,6,4026,卖盘
2552,10:53:57,6.71,--,28,18788,卖盘
2553,10:53:54,6.71,-0.01,188,126148,卖盘
2554,10:53:51,6.72,--,21,14112,买盘
2555,10:53:45,6.72,0.01,49,32928,买盘
2556,10:53:36,6.71,--,24,16104,卖盘
2557,10:53:33,6.71,-0.01,1259,844789,卖盘
2558,10:53:27,6.72,--,125,84000,买盘
2559,10:53:24,6.72,0.02,20,13440,买盘
2560,10:53:21,6.7,-0.02,32,21440,卖盘
2561,10:53:18,6.72,0.01,251,168672,买盘
2562,10:53:15,6.71,-0.01,28,18788,卖盘
2563,10:53:12,6.72,--,35,23520,买盘
2564,10:53:03,6.72,0.01,27,18144,买盘
2565,10:53:00,6.71,--,151,101321,买盘
2566,10:52:57,6.71,0.01,28,18788,买盘
2567,10:52:48,6.7,-0.02,36,24120,卖盘
2568,10:52:45,6.72,0.02,5,3360,买盘
2569,10:52:42,6.7,--,16,10720,卖盘
2570,10:52:39,6.7,-0.02,31,20770,卖盘
2571,10:52:36,6.72,0.02,300,201600,买盘
2572,10:52:27,6.7,-0.02,42,28140,卖盘
2573,10:52:24,6.72,0.01,186,124992,买盘
2574,10:52:21,6.71,-0.01,50,33550,卖盘
2575,10:52:18,6.72,0.01,274,184128,买盘
2576,10:52:15,6.71,--,282,189222,卖盘
2577,10:52:12,6.71,-0.01,22,14762,卖盘
2578,10:52:09,6.72,--,231,155232,买盘
2579,10:52:06,6.72,--,46,30912,买盘
2580,10:52:03,6.72,0.01,31,20832,买盘
2581,10:52:00,6.71,--,56,37576,卖盘
2582,10:51:57,6.71,--,29,19459,卖盘
2583,10:51:54,6.71,--,52,34892,卖盘
2584,10:51:51,6.71,-0.01,100,67100,卖盘
2585,10:51:48,6.72,--,2,1344,买盘
2586,10:51:45,6.72,--,2,1344,买盘
2587,10:51:42,6.72,0.01,51,34272,买盘
2588,10:51:39,6.71,--,15,10065,卖盘
2589,10:51:33,6.71,--,25,16775,卖盘
2590,10:51:30,6.71,-0.01,39,26169,卖盘
2591,10:51:27,6.72,0.01,135,90720,买盘
2592,10:51:24,6.71,--,153,102663,卖盘
2593,10:51:21,6.71,0.01,762,511302,买盘
2594,10:51:18,6.7,-0.01,64,42880,卖盘
2595,10:51:15,6.71,--,536,359656,买盘
2596,10:51:12,6.71,0.01,40,26840,买盘
2597,10:51:09,6.7,-0.01,35,23450,卖盘
2598,10:51:06,6.71,0.01,6,4026,买盘
2599,10:50:57,6.7,--,76,50920,卖盘
2600,10:50:51,6.7,--,7,4690,卖盘
2601,10:50:48,6.7,--,58,38860,卖盘
2602,10:50:45,6.7,--,94,62980,卖盘
2603,10:50:42,6.7,--,4,2680,卖盘
2604,10:50:39,6.7,--,5,3350,卖盘
2605,10:50:36,6.7,-0.01,65,43550,卖盘
2606,10:50:30,6.71,0.01,3,2013,中性盘
2607,10:50:24,6.7,-0.02,47,31490,卖盘
2608,10:50:21,6.72,0.02,352,236544,买盘
2609,10:50:18,6.7,-0.01,343,229810,卖盘
2610,10:50:15,6.71,0.01,285,191235,买盘
2611,10:50:12,6.7,-0.01,47,31490,卖盘
2612,10:50:09,6.71,--,6,4026,买盘
2613,10:50:06,6.71,0.01,12,8052,买盘
2614,10:50:03,6.7,--,34,22780,卖盘
2615,10:50:00,6.7,-0.01,46,30820,卖盘
2616,10:49:57,6.71,0.01,94,63074,买盘
2617,10:49:54,6.7,-0.01,64,42880,卖盘
2618,10:49:51,6.71,--,47,31537,卖盘
2619,10:49:48,6.71,--,112,75152,卖盘
2620,10:49:45,6.71,--,303,203313,卖盘
2621,10:49:39,6.71,0.01,31,20801,中性盘
2622,10:49:36,6.7,-0.02,1,670,卖盘
2623,10:49:33,6.72,0.02,1,672,买盘
2624,10:49:30,6.7,-0.02,55,36850,卖盘
2625,10:49:27,6.72,--,656,440832,买盘
2626,10:49:24,6.72,--,144,96768,买盘
2627,10:49:21,6.72,0.02,227,152544,买盘
2628,10:49:18,6.7,-0.01,41,27470,卖盘
2629,10:49:15,6.71,--,2,1342,买盘
2630,10:49:12,6.71,--,204,136884,卖盘
2631,10:49:09,6.71,0.01,49,32879,买盘
2632,10:49:06,6.7,-0.01,30,20100,卖盘
2633,10:49:00,6.71,0.01,331,222101,买盘
2634,10:48:57,6.7,--,55,36850,卖盘
2635,10:48:48,6.7,--,15,10050,卖盘
2636,10:48:45,6.7,--,41,27470,卖盘
2637,10:48:42,6.7,-0.01,399,267330,卖盘
2638,10:48:39,6.71,0.01,12,8052,买盘
2639,10:48:33,6.7,--,239,160130,卖盘
2640,10:48:30,6.7,-0.01,31,20770,卖盘
2641,10:48:27,6.71,0.01,36,24156,买盘
2642,10:48:24,6.7,-0.01,37,24790,卖盘
2643,10:48:21,6.71,--,170,114070,买盘
2644,10:48:18,6.71,--,42,28182,买盘
2645,10:48:15,6.71,--,317,212707,买盘
2646,10:48:12,6.71,-0.01,226,151646,卖盘
2647,10:48:09,6.72,0.01,14,9408,买盘
2648,10:48:06,6.71,-0.01,20,13420,卖盘
2649,10:48:03,6.72,0.01,20,13440,买盘
2650,10:48:00,6.71,-0.01,232,155672,卖盘
2651,10:47:57,6.72,--,33,22176,买盘
2652,10:47:54,6.72,--,2,1344,买盘
2653,10:47:51,6.72,0.01,68,45696,买盘
2654,10:47:48,6.71,-0.01,22,14762,卖盘
2655,10:47:45,6.72,0.01,55,36960,买盘
2656,10:47:42,6.71,-0.01,38,25498,卖盘
2657,10:47:39,6.72,--,187,125664,买盘
2658,10:47:36,6.72,--,330,221760,买盘
2659,10:47:33,6.72,--,5,3360,买盘
2660,10:47:30,6.72,0.01,14,9408,买盘
2661,10:47:27,6.71,-0.01,62,41602,卖盘
2662,10:47:24,6.72,--,55,36960,买盘
2663,10:47:21,6.72,--,34,22848,买盘
2664,10:47:18,6.72,0.01,148,99456,买盘
2665,10:47:15,6.71,--,7,4697,卖盘
2666,10:47:12,6.71,--,479,321409,卖盘
2667,10:47:09,6.71,--,97,65087,卖盘
2668,10:47:06,6.71,--,320,214720,卖盘
2669,10:47:03,6.71,-0.01,16,10736,卖盘
2670,10:46:57,6.72,0.01,28,18816,买盘
2671,10:46:54,6.71,--,34,22814,卖盘
2672,10:46:48,6.71,-0.01,10,6710,卖盘
2673,10:46:45,6.72,0.01,169,113568,买盘
2674,10:46:42,6.71,--,147,98637,卖盘
2675,10:46:33,6.71,--,91,61061,卖盘
2676,10:46:27,6.71,-0.01,3,2013,中性盘
2677,10:46:24,6.72,0.02,42,28224,买盘
2678,10:46:21,6.7,-0.02,48,32160,卖盘
2679,10:46:18,6.72,--,137,92064,买盘
2680,10:46:15,6.72,--,26,17472,买盘
2681,10:46:12,6.72,0.02,361,242592,买盘
2682,10:46:09,6.7,-0.01,148,99160,卖盘
2683,10:46:03,6.71,0.01,6,4026,买盘
2684,10:46:00,6.7,--,46,30820,卖盘
2685,10:45:57,6.7,--,44,29480,卖盘
2686,10:45:54,6.7,-0.01,9,6030,卖盘
2687,10:45:51,6.71,--,315,211365,买盘
2688,10:45:48,6.71,--,197,132187,买盘
2689,10:45:45,6.71,--,63,42273,买盘
2690,10:45:39,6.71,0.01,53,35563,买盘
2691,10:45:36,6.7,-0.01,39,26130,卖盘
2692,10:45:33,6.71,0.01,5,3355,买盘
2693,10:45:30,6.7,-0.01,131,87770,卖盘
2694,10:45:27,6.71,0.01,35,23485,买盘
2695,10:45:21,6.7,-0.01,12,8040,卖盘
2696,10:45:18,6.71,0.01,269,180499,买盘
2697,10:45:15,6.7,-0.01,42,28140,卖盘
2698,10:45:12,6.71,0.01,233,156343,买盘
2699,10:45:09,6.7,-0.01,358,239860,卖盘
2700,10:45:06,6.71,0.01,3,2013,买盘
2701,10:45:03,6.7,-0.01,52,34840,卖盘
2702,10:45:00,6.71,0.01,36,24156,买盘
2703,10:44:57,6.7,-0.01,55,36850,卖盘
2704,10:44:54,6.71,--,156,104676,买盘
2705,10:44:51,6.71,--,104,69784,买盘
2706,10:44:48,6.71,--,69,46299,买盘
2707,10:44:45,6.71,--,2,1342,买盘
2708,10:44:42,6.71,--,38,25498,买盘
2709,10:44:39,6.71,0.01,92,61732,买盘
2710,10:44:36,6.7,-0.01,15,10050,卖盘
2711,10:44:33,6.71,--,3,2013,买盘
2712,10:44:30,6.71,0.01,36,24156,买盘
2713,10:44:27,6.7,-0.01,20,13400,卖盘
2714,10:44:24,6.71,--,13,8723,买盘
2715,10:44:21,6.71,0.01,10,6710,买盘
2716,10:44:18,6.7,--,137,91790,卖盘
2717,10:44:15,6.7,--,15,10050,卖盘
2718,10:44:12,6.7,--,677,453590,卖盘
2719,10:44:09,6.7,--,252,168840,卖盘
2720,10:44:06,6.7,--,31,20770,卖盘
2721,10:44:03,6.7,--,11,7370,卖盘
2722,10:44:00,6.7,--,177,118590,卖盘
2723,10:43:57,6.7,--,65,43550,卖盘
2724,10:43:54,6.7,-0.01,16,10720,卖盘
2725,10:43:48,6.71,0.01,22,14762,买盘
2726,10:43:45,6.7,-0.01,30,20100,卖盘
2727,10:43:42,6.71,--,19,12749,买盘
2728,10:43:39,6.71,0.01,3,2013,买盘
2729,10:43:33,6.7,-0.01,55,36850,卖盘
2730,10:43:30,6.71,--,6,4026,买盘
2731,10:43:27,6.71,--,8,5368,买盘
2732,10:43:24,6.71,--,33,22143,买盘
2733,10:43:21,6.71,--,125,83875,买盘
2734,10:43:18,6.71,--,20,13420,买盘
2735,10:43:15,6.71,--,15,10065,买盘
2736,10:43:12,6.71,--,188,126148,买盘
2737,10:43:09,6.71,0.01,273,183183,买盘
2738,10:43:06,6.7,-0.01,463,310210,卖盘
2739,10:43:03,6.71,0.01,2,1342,买盘
2740,10:43:00,6.7,--,32,21440,卖盘
2741,10:42:57,6.7,-0.01,42,28140,卖盘
2742,10:42:51,6.71,0.01,26,17446,买盘
2743,10:42:48,6.7,-0.01,31,20770,卖盘
2744,10:42:42,6.71,--,5,3355,买盘
2745,10:42:39,6.71,--,35,23485,买盘
2746,10:42:36,6.71,0.01,3,2013,买盘
2747,10:42:33,6.7,--,152,101840,卖盘
2748,10:42:30,6.7,--,17,11390,卖盘
2749,10:42:27,6.7,-0.01,35,23450,卖盘
2750,10:42:21,6.71,--,5,3355,买盘
2751,10:42:18,6.71,0.01,1,671,买盘
2752,10:42:15,6.7,-0.01,48,32160,卖盘
2753,10:42:12,6.71,--,283,189893,买盘
2754,10:42:09,6.71,0.01,73,48983,买盘
2755,10:42:06,6.7,-0.01,535,358450,卖盘
2756,10:42:00,6.71,--,4,2684,买盘
2757,10:41:57,6.71,0.01,29,19459,买盘
2758,10:41:54,6.7,-0.01,34,22780,卖盘
2759,10:41:51,6.71,0.01,50,33550,买盘
2760,10:41:45,6.7,--,35,23450,卖盘
2761,10:41:42,6.7,-0.01,33,22110,卖盘
2762,10:41:39,6.71,--,5,3355,买盘
2763,10:41:36,6.71,0.01,16,10736,买盘
2764,10:41:33,6.7,--,41,27470,卖盘
2765,10:41:30,6.7,-0.01,78,52260,卖盘
2766,10:41:27,6.71,0.01,1,671,买盘
2767,10:41:24,6.7,--,16,10720,卖盘
2768,10:41:21,6.7,-0.01,74,49580,卖盘
2769,10:41:18,6.71,--,260,174460,买盘
2770,10:41:15,6.71,--,103,69113,买盘
2771,10:41:12,6.71,0.02,1,671,买盘
2772,10:41:09,6.69,-0.02,34,22746,卖盘
2773,10:41:06,6.71,0.01,471,316041,买盘
2774,10:41:03,6.7,--,100,67000,卖盘
2775,10:41:00,6.7,-0.01,51,34170,卖盘
2776,10:40:57,6.71,0.01,27,18117,买盘
2777,10:40:51,6.7,-0.01,8,5360,卖盘
2778,10:40:48,6.71,0.01,105,70455,买盘
2779,10:40:45,6.7,--,10,6700,卖盘
2780,10:40:42,6.7,-0.01,116,77720,卖盘
2781,10:40:39,6.71,0.01,58,38918,买盘
2782,10:40:36,6.7,-0.01,36,24120,卖盘
2783,10:40:33,6.71,0.01,19,12749,买盘
2784,10:40:30,6.7,0.01,20,13400,买盘
2785,10:40:27,6.69,--,6,4014,卖盘
2786,10:40:24,6.69,--,192,128448,卖盘
2787,10:40:21,6.69,--,15,10035,卖盘
2788,10:40:15,6.69,-0.02,29,19401,卖盘
2789,10:40:12,6.71,--,82,55022,买盘
2790,10:40:09,6.71,0.02,122,81862,买盘
2791,10:40:06,6.69,--,27,18063,卖盘
2792,10:40:03,6.69,--,535,357915,卖盘
2793,10:40:00,6.69,--,15,10035,卖盘
2794,10:39:57,6.69,--,53,35845,卖盘
2795,10:39:54,6.69,--,1,669,卖盘
2796,10:39:51,6.69,-0.01,965,645585,卖盘
2797,10:39:42,6.7,--,32,21440,卖盘
2798,10:39:39,6.7,-0.01,15,10050,卖盘
2799,10:39:36,6.71,--,19,12749,买盘
2800,10:39:33,6.71,0.02,3,2013,买盘
2801,10:39:30,6.69,--,186,124434,卖盘
2802,10:39:27,6.69,-0.02,25,16725,卖盘
2803,10:39:24,6.71,0.02,28,18788,买盘
2804,10:39:18,6.69,--,47,31443,卖盘
2805,10:39:15,6.69,-0.02,114,76266,卖盘
2806,10:39:12,6.71,0.01,148,99308,买盘
2807,10:39:09,6.7,--,288,192960,买盘
2808,10:39:06,6.7,--,20,13400,卖盘
2809,10:39:03,6.7,-0.01,250,167500,卖盘
2810,10:39:00,6.71,0.01,10,6710,买盘
2811,10:38:57,6.7,--,341,228470,卖盘
2812,10:38:54,6.7,-0.01,480,321600,卖盘
2813,10:38:51,6.71,0.01,12,8052,买盘
2814,10:38:45,6.7,--,34,22780,卖盘
2815,10:38:39,6.7,-0.01,38,25460,卖盘
2816,10:38:36,6.71,--,252,169092,买盘
2817,10:38:33,6.71,0.01,3,2013,买盘
2818,10:38:27,6.7,--,32,21440,卖盘
2819,10:38:24,6.7,--,32,21440,卖盘
2820,10:38:21,6.7,-0.01,147,98490,卖盘
2821,10:38:18,6.71,0.01,1,671,买盘
2822,10:38:12,6.7,--,49,32830,卖盘
2823,10:38:09,6.7,--,171,114570,卖盘
2824,10:38:03,6.7,-0.01,283,189610,卖盘
2825,10:38:00,6.71,--,325,218075,买盘
2826,10:37:57,6.71,0.01,83,55693,买盘
2827,10:37:54,6.7,--,53,35510,卖盘
2828,10:37:51,6.7,-0.01,73,48910,卖盘
2829,10:37:48,6.71,--,109,73139,买盘
2830,10:37:45,6.71,0.01,23,15433,买盘
2831,10:37:39,6.7,--,38,25460,卖盘
2832,10:37:36,6.7,-0.01,48,32160,卖盘
2833,10:37:33,6.71,--,19,12749,买盘
2834,10:37:30,6.71,--,175,117425,买盘
2835,10:37:27,6.71,--,53,35563,买盘
2836,10:37:24,6.71,--,1,671,买盘
2837,10:37:21,6.71,0.01,13,8723,买盘
2838,10:37:18,6.7,--,33,22110,卖盘
2839,10:37:15,6.7,-0.01,102,68340,卖盘
2840,10:37:12,6.71,-0.01,1,671,中性盘
