,time,price,change,volume,amount,type
0,15:00:03,7.07,--,15289,10809323,买盘
1,14:57:00,7.07,--,244,172508,买盘
2,14:56:57,7.07,--,30,21210,买盘
3,14:56:54,7.07,--,404,285628,买盘
4,14:56:51,7.07,0.01,145,102515,买盘
5,14:56:48,7.06,--,48,33888,卖盘
6,14:56:45,7.06,-0.01,131,92486,卖盘
7,14:56:42,7.07,0.01,112,79184,买盘
8,14:56:39,7.06,--,32,22592,卖盘
9,14:56:36,7.06,-0.01,50,35300,卖盘
10,14:56:33,7.07,--,25,17675,买盘
11,14:56:30,7.07,--,4,2828,买盘
12,14:56:27,7.07,0.01,83,59105,买盘
13,14:56:24,7.06,--,527,372062,卖盘
14,14:56:21,7.06,-0.01,100,70600,卖盘
15,14:56:18,7.07,--,30,21210,买盘
16,14:56:15,7.07,--,5,3535,买盘
17,14:56:12,7.07,0.01,171,120897,买盘
18,14:56:09,7.06,-0.01,24,16944,卖盘
19,14:56:06,7.07,0.01,54,38178,买盘
20,14:56:03,7.06,--,151,106606,卖盘
21,14:56:00,7.06,--,81,57186,卖盘
22,14:55:57,7.06,-0.01,98,69188,卖盘
23,14:55:54,7.07,--,20,14140,买盘
24,14:55:51,7.07,0.01,38,26866,买盘
25,14:55:48,7.06,-0.01,170,120020,卖盘
26,14:55:45,7.07,0.01,40,28280,买盘
27,14:55:42,7.06,--,22,15532,卖盘
28,14:55:39,7.06,-0.01,8,5648,卖盘
29,14:55:36,7.07,0.01,55,38885,买盘
30,14:55:33,7.06,--,73,51538,卖盘
31,14:55:27,7.06,-0.01,50,35300,卖盘
32,14:55:24,7.07,0.01,20,14140,买盘
33,14:55:21,7.06,-0.01,25,17650,卖盘
34,14:55:18,7.07,--,107,75649,买盘
35,14:55:15,7.07,0.01,2,1414,买盘
36,14:55:12,7.06,--,618,436308,卖盘
37,14:55:09,7.06,--,10,7060,卖盘
38,14:55:06,7.06,-0.01,18,12708,卖盘
39,14:55:03,7.07,--,49,34643,买盘
40,14:55:00,7.07,--,25,17675,买盘
41,14:54:57,7.07,0.01,167,118634,买盘
42,14:54:54,7.06,--,73,51679,卖盘
43,14:54:51,7.06,--,42,29652,卖盘
44,14:54:48,7.06,--,599,422894,卖盘
45,14:54:45,7.06,--,83,58598,卖盘
46,14:54:42,7.06,--,31,21886,卖盘
47,14:54:39,7.06,--,10,7060,卖盘
48,14:54:36,7.06,-0.01,11,7766,卖盘
49,14:54:33,7.07,0.01,10,7070,买盘
50,14:54:30,7.06,--,9,6354,卖盘
51,14:54:27,7.06,--,15,10590,卖盘
52,14:54:24,7.06,--,26,18356,卖盘
53,14:54:21,7.06,--,30,21180,卖盘
54,14:54:18,7.06,--,38,26828,卖盘
55,14:54:15,7.06,--,479,338738,买盘
56,14:54:09,7.06,--,4,2824,买盘
57,14:54:06,7.06,--,300,211800,买盘
58,14:54:03,7.06,--,64,45184,买盘
59,14:54:00,7.06,--,410,289460,买盘
60,14:53:57,7.06,--,748,528088,买盘
61,14:53:54,7.06,0.01,54,38124,买盘
62,14:53:51,7.05,--,10,7050,卖盘
63,14:53:48,7.05,-0.01,60,42300,卖盘
64,14:53:45,7.06,--,962,679172,买盘
65,14:53:42,7.06,--,116,81896,买盘
66,14:53:39,7.06,--,63,44478,买盘
67,14:53:36,7.06,--,105,74130,买盘
68,14:53:33,7.06,0.01,409,288754,买盘
69,14:53:30,7.05,--,44,31020,卖盘
70,14:53:27,7.05,-0.01,50,35250,卖盘
71,14:53:24,7.06,0.01,379,267574,买盘
72,14:53:21,7.05,-0.01,139,97995,卖盘
73,14:53:18,7.06,0.01,33,23298,买盘
74,14:53:15,7.05,--,192,135360,卖盘
75,14:53:12,7.05,-0.01,175,123798,卖盘
76,14:53:09,7.06,0.01,171,120726,买盘
77,14:53:06,7.05,-0.01,164,115620,卖盘
78,14:53:03,7.06,--,301,212506,买盘
79,14:53:00,7.06,--,20,14120,买盘
80,14:52:57,7.06,0.01,10,7060,买盘
81,14:52:54,7.05,--,103,72615,卖盘
82,14:52:51,7.05,-0.01,69,48645,卖盘
83,14:52:48,7.06,0.01,528,372768,买盘
84,14:52:45,7.05,--,35,24675,卖盘
85,14:52:42,7.05,-0.01,29,20445,卖盘
86,14:52:39,7.06,0.01,41,28946,买盘
87,14:52:36,7.05,--,18,12690,卖盘
88,14:52:33,7.05,--,325,229125,卖盘
89,14:52:30,7.05,--,73,51465,卖盘
90,14:52:27,7.05,-0.01,18,12690,卖盘
91,14:52:24,7.06,--,23,16238,买盘
92,14:52:21,7.06,0.01,94,66364,买盘
93,14:52:18,7.05,-0.01,150,105750,卖盘
94,14:52:15,7.06,--,124,87544,买盘
95,14:52:09,7.06,--,29,20474,买盘
96,14:52:06,7.06,--,122,86132,买盘
97,14:52:03,7.06,--,36,25416,买盘
98,14:52:00,7.06,--,10,7060,买盘
99,14:51:57,7.06,--,570,402420,卖盘
100,14:51:54,7.06,--,50,35300,卖盘
101,14:51:48,7.06,--,20,14120,卖盘
102,14:51:45,7.06,--,7,4942,卖盘
103,14:51:42,7.06,--,15,10590,卖盘
104,14:51:39,7.06,--,197,139082,买盘
105,14:51:36,7.06,0.01,10,7060,买盘
106,14:51:33,7.05,-0.01,21,14805,卖盘
107,14:51:30,7.06,--,55,38830,卖盘
108,14:51:27,7.06,--,3,2118,卖盘
109,14:51:24,7.06,--,343,242158,买盘
110,14:51:21,7.06,0.01,40,28240,买盘
111,14:51:18,7.05,-0.01,18,12690,卖盘
112,14:51:15,7.06,0.01,26,18356,买盘
113,14:51:12,7.05,-0.01,136,95880,卖盘
114,14:51:09,7.06,--,100,70600,买盘
115,14:51:06,7.06,0.01,220,155320,买盘
116,14:51:03,7.05,--,13,9165,卖盘
117,14:51:00,7.05,--,17,11985,卖盘
118,14:50:57,7.05,-0.01,58,40890,卖盘
119,14:50:54,7.06,--,346,244276,卖盘
120,14:50:51,7.06,--,1362,961572,买盘
121,14:50:48,7.06,0.01,426,300756,买盘
122,14:50:45,7.05,-0.01,1,705,卖盘
123,14:50:42,7.06,0.01,26,18356,买盘
124,14:50:39,7.05,-0.01,16,11280,卖盘
125,14:50:36,7.06,0.01,3,2118,买盘
126,14:50:33,7.05,--,154,108570,卖盘
127,14:50:27,7.05,--,774,545670,卖盘
128,14:50:24,7.05,-0.01,4,2820,卖盘
129,14:50:21,7.06,--,23,16238,买盘
130,14:50:18,7.06,0.01,43,30358,买盘
131,14:50:15,7.05,--,105,74025,卖盘
132,14:50:12,7.05,--,20,14100,卖盘
133,14:50:06,7.05,-0.01,10,7050,卖盘
134,14:50:03,7.06,--,243,171558,买盘
135,14:49:57,7.06,0.01,149,105194,买盘
136,14:49:54,7.05,--,98,69090,卖盘
137,14:49:51,7.05,-0.01,71,50055,卖盘
138,14:49:48,7.06,--,14,9884,买盘
139,14:49:45,7.06,--,1,706,买盘
140,14:49:42,7.06,0.01,32,22592,买盘
141,14:49:39,7.05,--,61,43005,卖盘
142,14:49:36,7.05,--,132,93060,卖盘
143,14:49:33,7.05,--,140,98700,卖盘
144,14:49:30,7.05,--,71,50055,卖盘
145,14:49:27,7.05,-0.01,317,223485,卖盘
146,14:49:24,7.06,0.01,100,70600,买盘
147,14:49:21,7.05,-0.01,90,63450,卖盘
148,14:49:18,7.06,--,68,48008,买盘
149,14:49:15,7.06,--,31,21886,买盘
150,14:49:12,7.06,--,112,79072,买盘
151,14:49:09,7.06,0.01,14,9884,买盘
152,14:49:06,7.05,--,10,7050,卖盘
153,14:49:03,7.05,--,694,489270,卖盘
154,14:49:00,7.05,-0.01,5,3525,卖盘
155,14:48:57,7.06,0.01,173,122138,买盘
156,14:48:54,7.05,-0.01,325,229125,卖盘
157,14:48:51,7.06,0.01,71,50126,买盘
158,14:48:48,7.05,--,100,70500,卖盘
159,14:48:45,7.05,-0.01,53,37365,卖盘
160,14:48:42,7.06,--,204,144024,买盘
161,14:48:39,7.06,0.01,20,14120,买盘
162,14:48:33,7.05,--,101,71205,卖盘
163,14:48:30,7.05,-0.01,2100,1480500,卖盘
164,14:48:27,7.06,0.01,1,706,买盘
165,14:48:21,7.05,-0.01,34,23970,卖盘
166,14:48:15,7.06,--,106,74836,买盘
167,14:48:12,7.06,--,57,40242,买盘
168,14:48:09,7.06,0.01,36,25416,买盘
169,14:48:06,7.05,-0.01,26,18330,卖盘
170,14:48:03,7.06,0.01,4318,3048508,买盘
171,14:48:00,7.05,--,46,32430,卖盘
172,14:47:57,7.05,-0.01,11,7755,卖盘
173,14:47:54,7.06,--,15,10590,买盘
174,14:47:48,7.06,--,348,245688,买盘
175,14:47:45,7.06,0.01,9,6354,买盘
176,14:47:42,7.05,--,25,17625,卖盘
177,14:47:36,7.05,-0.01,78,54990,卖盘
178,14:47:33,7.06,--,397,280282,买盘
179,14:47:30,7.06,--,42,29652,买盘
180,14:47:27,7.06,0.01,53,37418,买盘
181,14:47:24,7.05,--,1,705,卖盘
182,14:47:21,7.05,--,84,59220,卖盘
183,14:47:15,7.05,-0.01,25,17625,卖盘
184,14:47:12,7.06,0.01,3,2118,买盘
185,14:47:09,7.05,-0.01,44,31020,卖盘
186,14:47:06,7.06,0.01,1,706,买盘
187,14:47:03,7.05,--,42,29610,卖盘
188,14:47:00,7.05,-0.01,66,46530,卖盘
189,14:46:57,7.06,0.01,63,44478,买盘
190,14:46:54,7.05,-0.01,4,2820,卖盘
191,14:46:51,7.06,0.01,67,47302,买盘
192,14:46:48,7.05,--,707,498435,卖盘
193,14:46:45,7.05,-0.01,17,11985,卖盘
194,14:46:42,7.06,0.01,83,58598,买盘
195,14:46:39,7.05,--,11,7755,卖盘
196,14:46:36,7.05,-0.01,47,33135,卖盘
197,14:46:33,7.06,0.01,20,14120,买盘
198,14:46:30,7.05,-0.01,22,15510,卖盘
199,14:46:27,7.06,--,401,283106,买盘
200,14:46:21,7.06,--,103,72718,买盘
201,14:46:18,7.06,0.01,379,267574,买盘
202,14:46:15,7.05,-0.01,219,154395,卖盘
203,14:46:12,7.06,--,24,16944,买盘
204,14:46:09,7.06,0.01,41,28946,买盘
205,14:46:06,7.05,--,131,92355,卖盘
206,14:46:03,7.05,-0.01,34,23970,卖盘
207,14:45:57,7.06,--,92,64952,买盘
208,14:45:54,7.06,--,369,260514,卖盘
209,14:45:51,7.06,--,111,78366,卖盘
210,14:45:48,7.06,--,11,7766,卖盘
211,14:45:42,7.06,--,56,39536,卖盘
212,14:45:39,7.06,--,85,60010,卖盘
213,14:45:30,7.06,--,1,706,卖盘
214,14:45:27,7.06,--,105,74130,卖盘
215,14:45:24,7.06,--,10,7060,卖盘
216,14:45:21,7.06,-0.01,73,51538,卖盘
217,14:45:18,7.07,0.01,45,31815,买盘
218,14:45:15,7.06,-0.01,138,97428,卖盘
219,14:45:12,7.07,0.01,8,5656,买盘
220,14:45:09,7.06,--,191,134846,卖盘
221,14:45:06,7.06,-0.01,89,62834,卖盘
222,14:45:03,7.07,0.01,772,545804,买盘
223,14:45:00,7.06,-0.01,359,253454,卖盘
224,14:44:57,7.07,0.01,50,35350,买盘
225,14:44:54,7.06,-0.01,80,56480,卖盘
226,14:44:51,7.07,0.01,138,97566,买盘
227,14:44:45,7.06,--,307,216742,买盘
228,14:44:42,7.06,0.01,244,172264,买盘
229,14:44:39,7.05,-0.01,106,74730,卖盘
230,14:44:36,7.06,--,904,638224,买盘
231,14:44:33,7.06,--,43,30358,买盘
232,14:44:30,7.06,--,26,18356,买盘
233,14:44:27,7.06,--,476,336056,买盘
234,14:44:24,7.06,0.01,16,11296,买盘
235,14:44:21,7.05,-0.01,70,49350,卖盘
236,14:44:18,7.06,--,40,28240,买盘
237,14:44:15,7.06,--,38,26828,买盘
238,14:44:12,7.06,0.01,161,113666,买盘
239,14:44:09,7.05,--,127,89535,卖盘
240,14:44:06,7.05,-0.01,716,504780,卖盘
241,14:44:03,7.06,--,26,18356,买盘
242,14:43:57,7.06,--,218,153908,买盘
243,14:43:54,7.06,--,37,26122,买盘
244,14:43:51,7.06,0.01,63,44478,买盘
245,14:43:48,7.05,-0.01,83,58515,卖盘
246,14:43:45,7.06,0.01,15,10590,买盘
247,14:43:42,7.05,-0.01,2,1410,卖盘
248,14:43:39,7.06,0.01,7,4942,买盘
249,14:43:36,7.05,-0.01,5,3525,卖盘
250,14:43:33,7.06,--,7,4942,买盘
251,14:43:30,7.06,--,55,38830,买盘
252,14:43:27,7.06,0.01,1,706,买盘
253,14:43:21,7.05,-0.01,216,152280,卖盘
254,14:43:18,7.06,0.01,715,504790,买盘
255,14:43:15,7.05,--,22,15510,卖盘
256,14:43:12,7.05,-0.01,47,33135,卖盘
257,14:43:09,7.06,0.01,34,24004,买盘
258,14:43:06,7.05,-0.01,35,24675,卖盘
259,14:43:03,7.06,--,225,158850,买盘
260,14:43:00,7.06,0.01,3,2118,买盘
261,14:42:57,7.05,--,264,186120,卖盘
262,14:42:54,7.05,-0.01,100,70500,卖盘
263,14:42:51,7.06,--,35,24710,买盘
264,14:42:48,7.06,0.01,110,77660,买盘
265,14:42:45,7.05,-0.01,47,33135,卖盘
266,14:42:42,7.06,--,108,76248,买盘
267,14:42:39,7.06,--,800,564800,买盘
268,14:42:36,7.06,0.01,63,44478,买盘
269,14:42:33,7.05,-0.01,35,24675,卖盘
270,14:42:30,7.06,--,16,11296,买盘
271,14:42:27,7.06,--,144,101664,买盘
272,14:42:24,7.06,-0.01,3105,2192130,卖盘
273,14:42:21,7.07,--,57,40299,买盘
274,14:42:18,7.07,--,27,19089,买盘
275,14:42:15,7.07,0.01,12,8484,买盘
276,14:42:12,7.06,-0.01,12,8472,卖盘
277,14:42:09,7.07,--,8,5656,买盘
278,14:42:06,7.07,--,122,86254,买盘
279,14:42:03,7.07,-0.01,997,704879,卖盘
280,14:42:00,7.08,--,31,21948,买盘
281,14:41:57,7.08,0.01,7,4956,买盘
282,14:41:54,7.07,-0.01,420,296940,卖盘
283,14:41:51,7.08,--,152,107616,买盘
284,14:41:48,7.08,0.01,313,221604,买盘
285,14:41:45,7.07,0.01,7,4949,买盘
286,14:41:42,7.06,-0.02,107,75542,卖盘
287,14:41:39,7.08,0.02,14,9912,买盘
288,14:41:36,7.06,-0.02,429,302874,卖盘
289,14:41:33,7.08,0.01,42,29736,买盘
290,14:41:30,7.07,--,627,443289,卖盘
291,14:41:27,7.07,--,12,8484,卖盘
292,14:41:24,7.07,--,25,17675,卖盘
293,14:41:21,7.07,--,14,9898,卖盘
294,14:41:18,7.07,--,260,183820,卖盘
295,14:41:15,7.07,-0.01,4,2828,卖盘
296,14:41:12,7.08,--,109,77172,买盘
297,14:41:09,7.08,0.01,7,4956,买盘
298,14:41:06,7.07,--,88,62216,卖盘
299,14:41:03,7.07,-0.01,55,38885,卖盘
300,14:41:00,7.08,--,42,29736,买盘
301,14:40:57,7.08,--,20,14160,买盘
302,14:40:54,7.08,--,107,75756,买盘
303,14:40:51,7.08,0.01,75,53100,买盘
304,14:40:45,7.07,--,13,9191,卖盘
305,14:40:42,7.07,--,66,46662,卖盘
306,14:40:39,7.07,-0.01,10,7070,卖盘
307,14:40:36,7.08,0.01,310,219480,买盘
308,14:40:33,7.07,--,481,340067,卖盘
309,14:40:30,7.07,--,110,77770,卖盘
310,14:40:27,7.07,-0.01,67,47369,卖盘
311,14:40:24,7.08,0.01,5,3540,买盘
312,14:40:21,7.07,-0.01,329,232603,卖盘
313,14:40:18,7.08,--,12,8496,买盘
314,14:40:15,7.08,0.01,11,7788,买盘
315,14:40:12,7.07,-0.01,100,70700,卖盘
316,14:40:09,7.08,--,16,11328,买盘
317,14:40:06,7.08,0.01,181,128148,买盘
318,14:40:03,7.07,-0.01,1437,1015959,卖盘
319,14:40:00,7.08,--,48,33984,买盘
320,14:39:57,7.08,--,414,293112,买盘
321,14:39:54,7.08,--,200,141600,买盘
322,14:39:51,7.08,0.01,7,4956,买盘
323,14:39:48,7.07,-0.01,470,332290,卖盘
324,14:39:45,7.08,0.01,60,42480,买盘
325,14:39:42,7.07,--,28,19796,卖盘
326,14:39:39,7.07,-0.01,31,21917,卖盘
327,14:39:36,7.08,0.01,10,7080,买盘
328,14:39:33,7.07,--,13,9191,卖盘
329,14:39:30,7.07,-0.01,33,23331,卖盘
330,14:39:27,7.08,0.01,15,10620,买盘
331,14:39:24,7.07,-0.01,48,33936,卖盘
332,14:39:21,7.08,--,23,16284,买盘
333,14:39:15,7.08,--,15,10620,买盘
334,14:39:12,7.08,0.01,198,140184,买盘
335,14:39:09,7.07,--,66,46662,卖盘
336,14:39:06,7.07,-0.01,195,137865,卖盘
337,14:39:03,7.08,--,10,7080,买盘
338,14:39:00,7.08,--,31,21948,买盘
339,14:38:57,7.08,0.01,100,70800,买盘
340,14:38:54,7.07,--,39,27573,卖盘
341,14:38:51,7.07,-0.01,28,19796,卖盘
342,14:38:48,7.08,--,138,97704,买盘
343,14:38:45,7.08,--,78,55224,买盘
344,14:38:42,7.08,--,42,29736,买盘
345,14:38:36,7.08,--,31,21948,买盘
346,14:38:33,7.08,0.01,494,349752,买盘
347,14:38:30,7.07,-0.01,10,7070,卖盘
348,14:38:27,7.08,--,14,9912,买盘
349,14:38:24,7.08,0.01,43,30444,买盘
350,14:38:21,7.07,-0.01,87,61509,卖盘
351,14:38:15,7.08,0.01,20,14160,买盘
352,14:38:12,7.07,-0.01,143,101101,卖盘
353,14:38:09,7.08,0.01,7,4956,买盘
354,14:38:06,7.07,-0.01,242,171094,卖盘
355,14:38:03,7.08,--,314,222312,买盘
356,14:38:00,7.08,--,249,176292,买盘
357,14:37:57,7.08,--,178,126024,买盘
358,14:37:54,7.08,--,9,6372,买盘
359,14:37:51,7.08,0.01,18,12744,买盘
360,14:37:48,7.07,--,34,24038,卖盘
361,14:37:45,7.07,--,26,18382,卖盘
362,14:37:42,7.07,-0.01,37,26159,卖盘
363,14:37:39,7.08,0.01,7,4956,买盘
364,14:37:36,7.07,--,87,61509,卖盘
365,14:37:33,7.07,-0.01,65,45955,卖盘
366,14:37:30,7.08,--,148,104784,买盘
367,14:37:27,7.08,--,10,7080,买盘
368,14:37:24,7.08,0.01,21,14868,买盘
369,14:37:21,7.07,-0.01,568,401576,卖盘
370,14:37:18,7.08,0.01,7,4956,买盘
371,14:37:15,7.07,-0.01,22,15554,卖盘
372,14:37:12,7.08,--,8,5664,买盘
373,14:37:09,7.08,0.01,7,4956,买盘
374,14:37:03,7.07,-0.01,29,20503,卖盘
375,14:37:00,7.08,0.01,221,156468,买盘
376,14:36:57,7.07,--,9,6363,卖盘
377,14:36:54,7.07,-0.01,126,89082,卖盘
378,14:36:51,7.08,--,7,4956,买盘
379,14:36:48,7.08,0.01,281,198948,买盘
380,14:36:45,7.07,-0.01,14,9898,卖盘
381,14:36:42,7.08,0.01,12,8496,买盘
382,14:36:39,7.07,--,58,41006,卖盘
383,14:36:36,7.07,-0.01,377,266539,卖盘
384,14:36:33,7.08,--,6,4248,买盘
385,14:36:30,7.08,0.01,202,143016,买盘
386,14:36:27,7.07,--,10,7070,卖盘
387,14:36:24,7.07,--,149,105343,卖盘
388,14:36:18,7.07,-0.01,12,8484,卖盘
389,14:36:15,7.08,--,57,40356,买盘
390,14:36:12,7.08,0.01,81,57348,买盘
391,14:36:09,7.07,0.01,60,42420,中性盘
392,14:36:06,7.06,-0.02,645,455370,卖盘
393,14:36:03,7.08,--,119,84252,买盘
394,14:36:00,7.08,--,8,5664,买盘
395,14:35:57,7.08,--,129,91332,买盘
396,14:35:54,7.08,--,5,3540,买盘
397,14:35:51,7.08,0.01,128,90624,买盘
398,14:35:48,7.07,-0.01,21,14847,卖盘
399,14:35:45,7.08,--,7,4956,买盘
400,14:35:42,7.08,--,12,8496,买盘
401,14:35:39,7.08,--,272,192576,买盘
402,14:35:36,7.08,--,181,128148,买盘
403,14:35:33,7.08,--,500,354000,买盘
404,14:35:30,7.08,0.01,53,37524,买盘
405,14:35:27,7.07,-0.01,177,125139,卖盘
406,14:35:24,7.08,--,60,42480,买盘
407,14:35:21,7.08,--,170,120360,买盘
408,14:35:18,7.08,0.01,74,52392,买盘
409,14:35:15,7.07,--,135,95445,卖盘
410,14:35:12,7.07,-0.01,8,5656,卖盘
411,14:35:09,7.08,--,25,17700,买盘
412,14:35:06,7.08,--,124,87792,买盘
413,14:35:03,7.08,--,27,19116,买盘
414,14:35:00,7.08,0.01,28,19824,买盘
415,14:34:57,7.07,--,120,84840,卖盘
416,14:34:54,7.07,-0.01,139,98273,卖盘
417,14:34:51,7.08,0.01,9,6372,买盘
418,14:34:48,7.07,-0.01,80,56560,卖盘
419,14:34:45,7.08,0.01,7,4956,买盘
420,14:34:42,7.07,-0.01,124,87668,卖盘
421,14:34:39,7.08,--,10,7080,买盘
422,14:34:36,7.08,--,50,35400,买盘
423,14:34:33,7.08,--,53,37524,买盘
424,14:34:30,7.08,0.01,7,4956,买盘
425,14:34:27,7.07,-0.01,139,98273,卖盘
426,14:34:21,7.08,0.01,57,40356,买盘
427,14:34:18,7.07,--,57,40299,买盘
428,14:34:15,7.07,--,6,4242,买盘
429,14:34:12,7.07,--,41,28987,中性盘
430,14:34:09,7.07,--,17,12019,卖盘
431,14:34:06,7.07,--,319,225533,买盘
432,14:34:03,7.07,-0.01,184,130088,卖盘
433,14:34:00,7.08,0.01,300,212400,买盘
434,14:33:57,7.07,--,132,93324,买盘
435,14:33:54,7.07,0.01,235,166145,买盘
436,14:33:51,7.06,--,132,93192,卖盘
437,14:33:48,7.06,-0.01,138,97428,卖盘
438,14:33:45,7.07,--,150,106050,买盘
439,14:33:42,7.07,--,145,102515,买盘
440,14:33:39,7.07,--,100,70700,买盘
441,14:33:36,7.07,-0.01,293,207151,卖盘
442,14:33:33,7.08,0.01,63,44604,买盘
443,14:33:30,7.07,-0.01,54,38178,卖盘
444,14:33:27,7.08,--,35,24780,买盘
445,14:33:24,7.08,0.01,143,101244,买盘
446,14:33:21,7.07,-0.01,40,28280,卖盘
447,14:33:18,7.08,--,72,50976,买盘
448,14:33:15,7.08,--,103,72924,买盘
449,14:33:12,7.08,0.01,661,467988,买盘
450,14:33:09,7.07,-0.01,115,81305,卖盘
451,14:33:06,7.08,0.01,53,37524,买盘
452,14:33:03,7.07,-0.01,139,98273,卖盘
453,14:33:00,7.08,0.01,7,4956,买盘
454,14:32:57,7.07,-0.01,8,5656,卖盘
455,14:32:54,7.08,0.01,55,38940,买盘
456,14:32:51,7.07,--,63,44541,买盘
457,14:32:48,7.07,0.01,188,132916,买盘
458,14:32:45,7.06,-0.01,24,16944,卖盘
459,14:32:42,7.07,--,170,120190,卖盘
460,14:32:39,7.07,--,12,8484,卖盘
461,14:32:36,7.07,--,236,166852,买盘
462,14:32:33,7.07,--,64,45248,买盘
463,14:32:30,7.07,--,77,54439,卖盘
464,14:32:27,7.07,--,9,6363,卖盘
465,14:32:24,7.07,0.01,82,57974,买盘
466,14:32:21,7.06,-0.01,104,73424,卖盘
467,14:32:18,7.07,-0.01,448,316736,卖盘
468,14:32:15,7.08,0.01,52,36816,买盘
469,14:32:12,7.07,-0.01,131,92617,卖盘
470,14:32:09,7.08,--,139,98412,买盘
471,14:32:06,7.08,--,7,4956,买盘
472,14:32:03,7.08,--,7,4956,买盘
473,14:32:00,7.08,--,9,6372,买盘
474,14:31:57,7.08,0.01,18,12744,买盘
475,14:31:54,7.07,-0.01,30,21210,卖盘
476,14:31:51,7.08,--,115,81420,买盘
477,14:31:48,7.08,0.01,31,21948,买盘
478,14:31:45,7.07,--,84,59388,卖盘
479,14:31:42,7.07,-0.01,67,47369,卖盘
480,14:31:39,7.08,0.01,20,14160,买盘
481,14:31:36,7.07,-0.01,3,2121,卖盘
482,14:31:33,7.08,--,231,163548,买盘
483,14:31:30,7.08,0.01,129,91332,买盘
484,14:31:27,7.07,--,12,8484,卖盘
485,14:31:24,7.07,-0.01,25,17675,卖盘
486,14:31:21,7.08,0.01,244,172752,买盘
487,14:31:18,7.07,-0.01,533,376831,卖盘
488,14:31:12,7.08,--,112,79296,买盘
489,14:31:09,7.08,--,8,5664,买盘
490,14:31:03,7.08,0.01,23,16284,买盘
491,14:31:00,7.07,-0.01,2,1414,卖盘
492,14:30:57,7.08,0.01,10,7080,买盘
493,14:30:54,7.07,-0.01,27,19089,卖盘
494,14:30:51,7.08,--,114,80712,买盘
495,14:30:48,7.08,0.01,43,30444,买盘
496,14:30:45,7.07,-0.01,59,41713,卖盘
497,14:30:42,7.08,--,46,32568,买盘
498,14:30:39,7.08,0.01,7,4956,买盘
499,14:30:36,7.07,-0.01,120,84840,卖盘
500,14:30:33,7.08,--,38,26904,买盘
501,14:30:30,7.08,--,14,9912,买盘
502,14:30:27,7.08,--,31,21948,买盘
503,14:30:24,7.08,--,126,89208,买盘
504,14:30:21,7.08,0.01,113,80004,买盘
505,14:30:18,7.07,-0.01,92,65044,卖盘
506,14:30:15,7.08,--,111,78588,买盘
507,14:30:12,7.08,--,7,4956,买盘
508,14:30:06,7.08,--,94,66552,买盘
509,14:30:03,7.08,--,32,22656,买盘
510,14:30:00,7.08,--,241,170628,买盘
511,14:29:57,7.08,0.01,7,4956,买盘
512,14:29:54,7.07,-0.01,69,48783,卖盘
513,14:29:51,7.08,--,163,115404,买盘
514,14:29:48,7.08,--,27,19116,买盘
515,14:29:45,7.08,0.01,57,40356,买盘
516,14:29:42,7.07,-0.01,39,27573,卖盘
517,14:29:39,7.08,0.01,7,4956,买盘
518,14:29:36,7.07,-0.01,98,69286,卖盘
519,14:29:33,7.08,--,109,77172,买盘
520,14:29:30,7.08,--,139,98412,买盘
521,14:29:27,7.08,0.01,378,267624,买盘
522,14:29:24,7.07,-0.01,136,96152,卖盘
523,14:29:21,7.08,0.01,128,90624,买盘
524,14:29:18,7.07,-0.01,3,2121,卖盘
525,14:29:15,7.08,0.01,120,84960,买盘
526,14:29:12,7.07,-0.01,23,16261,卖盘
527,14:29:09,7.08,--,185,130980,买盘
528,14:29:06,7.08,--,273,193284,买盘
529,14:29:03,7.08,--,446,315768,买盘
530,14:29:00,7.08,0.01,7,4956,买盘
531,14:28:57,7.07,-0.01,129,91203,卖盘
532,14:28:54,7.08,0.01,405,286740,买盘
533,14:28:51,7.07,-0.01,49,34643,卖盘
534,14:28:48,7.08,0.01,154,109032,买盘
535,14:28:45,7.07,-0.01,13,9191,卖盘
536,14:28:42,7.08,0.01,101,71508,买盘
537,14:28:39,7.07,--,518,366226,买盘
538,14:28:36,7.07,--,279,197253,买盘
539,14:28:33,7.07,--,24,16968,买盘
540,14:28:30,7.07,--,85,60095,买盘
541,14:28:27,7.07,--,98,69286,买盘
542,14:28:24,7.07,0.01,85,60095,买盘
543,14:28:21,7.06,-0.01,32,22592,卖盘
544,14:28:18,7.07,--,302,213514,买盘
545,14:28:15,7.07,--,451,318857,买盘
546,14:28:12,7.07,0.01,240,169680,买盘
547,14:28:09,7.06,-0.01,103,72718,卖盘
548,14:28:06,7.07,--,541,382487,买盘
549,14:28:03,7.07,--,52,36764,买盘
550,14:28:00,7.07,0.01,15,10605,买盘
551,14:27:57,7.06,-0.01,37,26122,卖盘
552,14:27:54,7.07,--,27,19089,买盘
553,14:27:51,7.07,-0.01,147,103929,买盘
554,14:27:48,7.08,0.01,60,42480,买盘
555,14:27:45,7.07,-0.02,6,4242,卖盘
556,14:27:42,7.09,0.02,123,87207,买盘
557,14:27:39,7.07,--,22,15554,买盘
558,14:27:36,7.07,--,1100,777700,卖盘
559,14:27:33,7.07,--,53,37471,卖盘
560,14:27:30,7.07,-0.01,114,80598,卖盘
561,14:27:27,7.08,-0.01,42,29736,卖盘
562,14:27:24,7.09,0.01,86,60974,买盘
563,14:27:21,7.08,-0.01,27,19116,卖盘
564,14:27:18,7.09,--,127,90043,买盘
565,14:27:15,7.09,0.01,7,4963,买盘
566,14:27:12,7.08,--,43,30444,卖盘
567,14:27:09,7.08,0.01,281,198948,中性盘
568,14:27:06,7.07,-0.02,446,315322,卖盘
569,14:27:03,7.09,--,43,30487,买盘
570,14:27:00,7.09,0.01,1025,726725,买盘
571,14:26:57,7.08,--,12,8496,卖盘
572,14:26:54,7.08,-0.01,5,3540,卖盘
573,14:26:51,7.09,--,52,36868,买盘
574,14:26:48,7.09,0.01,34,24106,买盘
575,14:26:45,7.08,-0.01,115,81420,卖盘
576,14:26:42,7.09,0.01,49,34741,买盘
577,14:26:39,7.08,--,54,38232,卖盘
578,14:26:36,7.08,--,31,21948,卖盘
579,14:26:33,7.08,--,7,4956,卖盘
580,14:26:30,7.08,-0.01,96,67968,卖盘
581,14:26:27,7.09,0.01,74,52466,买盘
582,14:26:24,7.08,-0.01,103,72924,卖盘
583,14:26:21,7.09,0.01,361,255949,买盘
584,14:26:18,7.08,--,45,31860,卖盘
585,14:26:15,7.08,-0.01,16,11328,卖盘
586,14:26:12,7.09,--,48,34032,买盘
587,14:26:09,7.09,--,156,110604,买盘
588,14:26:06,7.09,0.01,32,22688,买盘
589,14:26:03,7.08,-0.01,18,12744,卖盘
590,14:26:00,7.09,0.01,116,82244,买盘
591,14:25:57,7.08,-0.01,53,37524,卖盘
592,14:25:54,7.09,0.01,47,33323,买盘
593,14:25:51,7.08,-0.01,53,37524,卖盘
594,14:25:48,7.09,0.01,7,4963,买盘
595,14:25:45,7.08,-0.01,100,70800,卖盘
596,14:25:42,7.09,--,327,231843,买盘
597,14:25:39,7.09,--,183,129747,买盘
598,14:25:36,7.09,0.01,254,180086,买盘
599,14:25:33,7.08,--,97,68676,卖盘
600,14:25:30,7.08,--,14,9912,卖盘
601,14:25:27,7.08,-0.01,221,156468,卖盘
602,14:25:24,7.09,--,85,60265,买盘
603,14:25:21,7.09,--,170,120530,买盘
604,14:25:18,7.09,--,475,336775,买盘
605,14:25:15,7.09,0.01,8,5672,买盘
606,14:25:12,7.08,--,223,157884,卖盘
607,14:25:09,7.08,-0.01,201,142308,卖盘
608,14:25:06,7.09,--,8,5672,买盘
609,14:25:03,7.09,0.01,6,4254,买盘
610,14:25:00,7.08,--,22,15576,卖盘
611,14:24:57,7.08,-0.01,41,29028,卖盘
612,14:24:54,7.09,0.01,14,9926,买盘
613,14:24:51,7.08,--,42,29736,卖盘
614,14:24:48,7.08,-0.01,27,19116,卖盘
615,14:24:45,7.09,--,7,4963,买盘
616,14:24:42,7.09,--,167,118403,买盘
617,14:24:39,7.09,0.01,212,150308,买盘
618,14:24:36,7.08,-0.01,40,28320,卖盘
619,14:24:33,7.09,--,507,359463,卖盘
620,14:24:30,7.09,-0.01,111,78699,卖盘
621,14:24:27,7.1,0.01,35,24850,买盘
622,14:24:24,7.09,--,174,123366,卖盘
623,14:24:21,7.09,--,32,22688,卖盘
624,14:24:18,7.09,-0.01,267,189303,卖盘
625,14:24:15,7.1,0.01,260,184600,买盘
626,14:24:12,7.09,-0.01,28,19852,卖盘
627,14:24:09,7.1,--,184,130640,买盘
628,14:24:06,7.1,--,50,35500,买盘
629,14:24:03,7.1,--,19,13490,买盘
630,14:24:00,7.1,--,7,4970,买盘
631,14:23:57,7.1,--,37,26270,买盘
632,14:23:54,7.1,0.01,7,4970,买盘
633,14:23:51,7.09,--,120,85080,卖盘
634,14:23:48,7.09,-0.01,21,14889,卖盘
635,14:23:45,7.1,--,96,68160,买盘
636,14:23:42,7.1,0.01,129,91590,买盘
637,14:23:39,7.09,-0.01,473,335357,卖盘
638,14:23:36,7.1,0.01,133,94430,买盘
639,14:23:33,7.09,--,19,13471,卖盘
640,14:23:30,7.09,-0.01,82,58138,卖盘
641,14:23:27,7.1,--,104,73840,买盘
642,14:23:24,7.1,0.01,21,14910,买盘
643,14:23:21,7.09,--,89,63101,卖盘
644,14:23:18,7.09,-0.01,48,34032,卖盘
645,14:23:15,7.1,0.01,40,28400,买盘
646,14:23:12,7.09,-0.01,99,70191,卖盘
647,14:23:09,7.1,0.01,140,99400,买盘
648,14:23:06,7.09,-0.01,252,178668,卖盘
649,14:23:03,7.1,0.01,32,22720,买盘
650,14:23:00,7.09,--,85,60265,卖盘
651,14:22:57,7.09,--,310,219790,买盘
652,14:22:54,7.09,--,106,75154,买盘
653,14:22:48,7.09,--,119,84371,买盘
654,14:22:45,7.09,--,6,4254,买盘
655,14:22:42,7.09,--,47,33323,买盘
656,14:22:39,7.09,--,108,76572,买盘
657,14:22:36,7.09,--,152,107768,买盘
658,14:22:33,7.09,--,8,5672,买盘
659,14:22:30,7.09,0.01,113,80117,买盘
660,14:22:27,7.08,--,134,94872,卖盘
661,14:22:24,7.08,-0.01,4,2832,卖盘
662,14:22:21,7.09,0.01,119,84371,买盘
663,14:22:18,7.08,--,20,14160,卖盘
664,14:22:15,7.08,-0.01,133,94164,卖盘
665,14:22:12,7.09,-0.01,112,79408,中性盘
666,14:22:09,7.1,0.01,77,54670,买盘
667,14:22:06,7.09,--,134,95006,买盘
668,14:22:03,7.09,0.01,126,89334,买盘
669,14:22:00,7.08,--,61,43188,卖盘
670,14:21:57,7.08,--,593,419844,卖盘
671,14:21:54,7.08,-0.01,222,157176,卖盘
672,14:21:51,7.09,0.01,260,184340,买盘
673,14:21:48,7.08,-0.01,489,346212,卖盘
674,14:21:45,7.09,--,137,97133,买盘
675,14:21:42,7.09,0.01,60,42540,买盘
676,14:21:39,7.08,-0.01,186,131688,卖盘
677,14:21:36,7.09,--,120,85080,买盘
678,14:21:33,7.09,--,613,434617,买盘
679,14:21:30,7.09,--,189,134001,买盘
680,14:21:27,7.09,0.01,16,11344,买盘
681,14:21:24,7.08,--,117,82836,卖盘
682,14:21:21,7.08,-0.01,35,24780,卖盘
683,14:21:18,7.09,--,255,180795,买盘
684,14:21:15,7.09,--,48,34032,买盘
685,14:21:12,7.09,0.01,7,4963,买盘
686,14:21:09,7.08,--,24,16992,卖盘
687,14:21:06,7.08,-0.01,184,130272,卖盘
688,14:21:03,7.09,--,121,85789,买盘
689,14:21:00,7.09,--,2,1418,买盘
690,14:20:57,7.09,--,38,26942,买盘
691,14:20:54,7.09,--,141,99969,买盘
692,14:20:51,7.09,--,149,105641,买盘
693,14:20:48,7.09,--,85,60265,买盘
694,14:20:45,7.09,--,13,9217,买盘
695,14:20:42,7.09,--,36,25524,买盘
696,14:20:39,7.09,0.01,63,44667,买盘
697,14:20:36,7.08,-0.01,221,156468,卖盘
698,14:20:33,7.09,--,220,155980,买盘
699,14:20:30,7.09,--,61,43249,买盘
700,14:20:27,7.09,--,473,335357,买盘
701,14:20:24,7.09,0.01,7,4963,买盘
702,14:20:21,7.08,--,25,17700,卖盘
703,14:20:18,7.08,-0.01,152,107616,卖盘
704,14:20:15,7.09,0.01,149,105641,买盘
705,14:20:12,7.08,-0.01,117,82836,卖盘
706,14:20:09,7.09,--,39,27651,买盘
707,14:20:06,7.09,0.01,633,448797,买盘
708,14:20:03,7.08,--,477,337716,买盘
709,14:20:00,7.08,--,7,4956,买盘
710,14:19:57,7.08,--,1005,711540,买盘
711,14:19:54,7.08,--,31,21948,买盘
712,14:19:51,7.08,--,26,18408,买盘
713,14:19:48,7.08,--,7,4956,买盘
714,14:19:45,7.08,--,8,5664,买盘
715,14:19:42,7.08,--,7,4956,买盘
716,14:19:39,7.08,0.01,57,40356,买盘
717,14:19:36,7.07,-0.01,90,63630,卖盘
718,14:19:33,7.08,--,242,171336,买盘
719,14:19:30,7.08,--,161,113988,买盘
720,14:19:27,7.08,--,605,428340,买盘
721,14:19:24,7.08,0.01,93,65844,买盘
722,14:19:21,7.07,-0.01,133,94031,卖盘
723,14:19:18,7.08,0.01,213,150804,买盘
724,14:19:15,7.07,-0.01,30,21210,卖盘
725,14:19:12,7.08,0.01,95,67260,买盘
726,14:19:09,7.07,--,4,2828,卖盘
727,14:19:06,7.07,-0.01,63,44541,卖盘
728,14:19:03,7.08,0.01,41,29028,买盘
729,14:19:00,7.07,-0.01,148,104636,卖盘
730,14:18:57,7.08,--,85,60180,买盘
731,14:18:54,7.08,--,24,16992,买盘
732,14:18:51,7.08,--,26,18408,买盘
733,14:18:45,7.08,--,106,75048,买盘
734,14:18:42,7.08,--,8,5664,买盘
735,14:18:39,7.08,--,43,30444,买盘
736,14:18:36,7.08,--,114,80712,买盘
737,14:18:33,7.08,--,50,35400,买盘
738,14:18:30,7.08,--,249,176292,买盘
739,14:18:27,7.08,--,7,4956,买盘
740,14:18:24,7.08,--,38,26904,买盘
741,14:18:21,7.08,--,15,10620,买盘
742,14:18:18,7.08,--,129,91332,买盘
743,14:18:15,7.08,--,12,8496,买盘
744,14:18:12,7.08,--,710,502680,买盘
745,14:18:09,7.08,--,28,19824,买盘
746,14:18:06,7.08,--,196,138768,买盘
747,14:18:03,7.08,0.01,38,26904,中性盘
748,14:18:00,7.07,-0.02,1216,859945,卖盘
749,14:17:57,7.09,--,180,127620,买盘
750,14:17:54,7.09,--,52,36868,买盘
751,14:17:51,7.09,--,72,51048,买盘
752,14:17:48,7.09,--,7,4963,买盘
753,14:17:45,7.09,0.01,46,32614,买盘
754,14:17:42,7.08,-0.01,45,31860,卖盘
755,14:17:39,7.09,--,35,24815,买盘
756,14:17:36,7.09,0.01,8,5672,买盘
757,14:17:33,7.08,-0.01,68,48144,卖盘
758,14:17:30,7.09,0.01,220,155980,买盘
759,14:17:27,7.08,--,71,50268,卖盘
760,14:17:24,7.08,-0.01,49,34692,卖盘
761,14:17:21,7.09,--,36,25524,买盘
762,14:17:18,7.09,0.01,7,4963,买盘
763,14:17:15,7.08,--,98,69384,卖盘
764,14:17:12,7.08,--,5,3540,卖盘
765,14:17:09,7.08,-0.01,368,260544,卖盘
766,14:17:06,7.09,--,30,21270,买盘
767,14:17:03,7.09,--,44,31196,买盘
768,14:17:00,7.09,--,17,12053,买盘
769,14:16:57,7.09,--,121,85789,买盘
770,14:16:51,7.09,--,33,23397,买盘
771,14:16:48,7.09,--,10,7090,买盘
772,14:16:45,7.09,0.01,31,21979,买盘
773,14:16:42,7.08,-0.01,88,62304,卖盘
774,14:16:39,7.09,0.01,131,92879,买盘
775,14:16:36,7.08,-0.01,1,708,卖盘
776,14:16:33,7.09,-0.01,37,26233,买盘
777,14:16:30,7.1,--,146,103660,买盘
778,14:16:27,7.1,0.01,121,85910,买盘
779,14:16:24,7.09,--,69,48921,买盘
780,14:16:21,7.09,0.01,25,17725,买盘
781,14:16:18,7.08,-0.01,49,34692,卖盘
782,14:16:15,7.09,-0.01,7,4963,买盘
783,14:16:12,7.1,--,238,168980,买盘
784,14:16:09,7.1,0.02,151,107210,买盘
785,14:16:06,7.08,-0.01,559,395772,卖盘
786,14:16:03,7.09,-0.01,230,163070,卖盘
787,14:16:00,7.1,0.01,160,113600,买盘
788,14:15:57,7.09,--,47,33323,卖盘
789,14:15:54,7.09,--,93,65937,买盘
790,14:15:51,7.09,--,322,228298,买盘
791,14:15:48,7.09,--,233,165197,买盘
792,14:15:45,7.09,--,27,19143,买盘
793,14:15:42,7.09,--,31,21979,买盘
794,14:15:39,7.09,--,106,75154,买盘
795,14:15:36,7.09,0.01,143,101387,买盘
796,14:15:33,7.08,-0.01,24,16992,卖盘
797,14:15:30,7.09,0.01,281,199229,买盘
798,14:15:27,7.08,-0.01,155,109740,卖盘
799,14:15:24,7.09,--,1006,713254,买盘
800,14:15:21,7.09,0.01,213,151017,买盘
801,14:15:18,7.08,--,170,120360,卖盘
802,14:15:15,7.08,-0.01,24,16992,卖盘
803,14:15:12,7.09,0.01,6,4254,买盘
804,14:15:09,7.08,-0.01,8,5664,卖盘
805,14:15:06,7.09,--,56,39704,买盘
806,14:15:03,7.09,--,37,26233,买盘
807,14:15:00,7.09,0.01,14,9926,中性盘
808,14:14:57,7.08,--,121,85668,卖盘
809,14:14:54,7.08,-0.01,184,130272,卖盘
810,14:14:51,7.09,--,208,147472,卖盘
811,14:14:48,7.09,--,70,49630,卖盘
812,14:14:45,7.09,-0.01,32,22688,卖盘
813,14:14:42,7.1,0.02,6,4828,买盘
814,14:14:39,7.08,-0.01,74,52392,卖盘
815,14:14:36,7.09,--,843,597687,买盘
816,14:14:30,7.09,0.01,328,232552,买盘
817,14:14:27,7.08,-0.01,1422,1006776,卖盘
818,14:14:24,7.09,0.01,160,113440,买盘
819,14:14:21,7.08,-0.01,79,55932,卖盘
820,14:14:18,7.09,0.01,52,36868,买盘
821,14:14:15,7.08,-0.01,273,193284,卖盘
822,14:14:09,7.09,--,67,47503,买盘
823,14:14:03,7.09,--,51,36159,买盘
824,14:14:00,7.09,0.01,51,36159,买盘
825,14:13:57,7.08,-0.01,182,128856,卖盘
826,14:13:54,7.09,0.01,113,80117,买盘
827,14:13:51,7.08,-0.01,2,1416,卖盘
828,14:13:48,7.09,0.01,1,709,买盘
829,14:13:45,7.08,-0.02,62,43896,卖盘
830,14:13:42,7.1,0.01,394,279740,买盘
831,14:13:39,7.09,--,295,209155,卖盘
832,14:13:36,7.09,-0.01,1,709,卖盘
833,14:13:33,7.1,--,205,145550,买盘
834,14:13:30,7.1,0.01,35,24850,买盘
835,14:13:27,7.09,-0.01,30,21270,卖盘
836,14:13:24,7.1,0.01,214,151940,买盘
837,14:13:21,7.09,--,106,75154,卖盘
838,14:13:18,7.09,--,125,88625,卖盘
839,14:13:15,7.09,-0.01,259,183631,卖盘
840,14:13:12,7.1,0.01,25,17750,买盘
841,14:13:09,7.09,-0.01,7,4963,卖盘
842,14:13:06,7.1,0.01,13,9230,买盘
843,14:13:03,7.09,--,181,128329,卖盘
844,14:13:00,7.09,--,54,38286,卖盘
845,14:12:57,7.09,--,421,298489,卖盘
846,14:12:54,7.09,--,228,161652,卖盘
847,14:12:51,7.09,-0.01,144,102096,卖盘
848,14:12:48,7.1,0.01,38,26980,买盘
849,14:12:45,7.09,--,281,199229,卖盘
850,14:12:42,7.09,--,54,38286,卖盘
851,14:12:39,7.09,--,142,100678,卖盘
852,14:12:36,7.09,--,10,7090,卖盘
853,14:12:33,7.09,-0.01,134,95006,卖盘
854,14:12:30,7.1,--,1,710,买盘
855,14:12:27,7.1,--,57,40470,买盘
856,14:12:24,7.1,--,114,80940,买盘
857,14:12:21,7.1,0.01,70,49700,买盘
858,14:12:15,7.09,-0.01,103,73027,卖盘
859,14:12:12,7.1,--,10,7100,买盘
860,14:12:09,7.1,--,80,56800,买盘
861,14:12:06,7.1,--,66,46860,买盘
862,14:12:03,7.1,--,1,710,买盘
863,14:11:57,7.1,--,43,30530,买盘
864,14:11:54,7.1,--,31,22010,买盘
865,14:11:51,7.1,0.01,113,80230,买盘
866,14:11:48,7.09,--,194,137546,卖盘
867,14:11:45,7.09,--,6,4254,卖盘
868,14:11:42,7.09,-0.01,8,5672,卖盘
869,14:11:39,7.1,--,18,12780,买盘
870,14:11:36,7.1,--,56,39760,买盘
871,14:11:33,7.1,0.01,10,7100,买盘
872,14:11:30,7.09,--,35,24815,卖盘
873,14:11:24,7.09,--,141,99969,卖盘
874,14:11:21,7.09,--,65,46085,卖盘
875,14:11:18,7.09,--,5,3545,卖盘
876,14:11:15,7.09,--,103,73027,卖盘
877,14:11:09,7.09,-0.01,136,96424,卖盘
878,14:11:06,7.1,0.01,57,40470,买盘
879,14:11:03,7.09,-0.01,8,5672,卖盘
880,14:10:54,7.1,--,51,36210,买盘
881,14:10:51,7.1,--,113,80230,买盘
882,14:10:48,7.1,--,130,92300,买盘
883,14:10:45,7.1,0.01,342,242820,买盘
884,14:10:42,7.09,--,14,9926,卖盘
885,14:10:39,7.09,--,40,28360,卖盘
886,14:10:36,7.09,--,708,501972,卖盘
887,14:10:33,7.09,-0.01,183,129747,卖盘
888,14:10:30,7.1,0.01,67,47570,买盘
889,14:10:27,7.09,-0.01,20,14180,卖盘
890,14:10:24,7.1,--,75,53250,买盘
891,14:10:21,7.1,--,144,102240,买盘
892,14:10:18,7.1,--,102,72420,买盘
893,14:10:15,7.1,--,141,100110,买盘
894,14:10:12,7.1,--,55,39050,买盘
895,14:10:09,7.1,--,257,182470,卖盘
896,14:10:06,7.1,-0.01,3,2130,卖盘
897,14:10:03,7.11,0.01,103,73233,买盘
898,14:10:00,7.1,--,50,35500,卖盘
899,14:09:57,7.1,--,528,374880,卖盘
900,14:09:54,7.1,--,73,51830,卖盘
901,14:09:51,7.1,-0.01,246,174660,卖盘
902,14:09:48,7.11,0.01,122,86742,买盘
903,14:09:45,7.1,-0.01,15,10650,卖盘
904,14:09:42,7.11,0.01,17,12087,买盘
905,14:09:36,7.1,-0.01,1,710,卖盘
906,14:09:33,7.11,0.01,113,80343,买盘
907,14:09:30,7.1,--,221,156910,卖盘
908,14:09:27,7.1,--,30,21300,卖盘
909,14:09:24,7.1,--,137,97270,卖盘
910,14:09:21,7.1,--,216,153360,卖盘
911,14:09:18,7.1,-0.01,123,87330,卖盘
912,14:09:15,7.11,--,46,32706,买盘
913,14:09:12,7.11,0.01,26,18486,买盘
914,14:09:09,7.1,--,86,61060,卖盘
915,14:09:06,7.1,-0.01,2,1420,卖盘
916,14:09:03,7.11,0.01,45,31995,买盘
917,14:09:00,7.1,--,119,84490,卖盘
918,14:08:54,7.1,-0.01,112,79520,卖盘
919,14:08:51,7.11,0.01,2586,1838646,买盘
920,14:08:48,7.1,--,604,428840,买盘
921,14:08:42,7.1,0.01,100,71000,买盘
922,14:08:39,7.09,-0.02,41,29069,卖盘
923,14:08:36,7.11,0.01,1416,1006776,买盘
924,14:08:33,7.1,-0.01,12,8520,买盘
925,14:08:30,7.11,0.01,197,140067,买盘
926,14:08:27,7.1,--,61,43310,卖盘
927,14:08:24,7.1,--,239,169690,买盘
928,14:08:21,7.1,--,3,2130,买盘
929,14:08:18,7.1,--,121,85910,买盘
930,14:08:12,7.1,--,39,27690,买盘
931,14:08:09,7.1,--,71,50410,买盘
932,14:08:06,7.1,--,68,48280,买盘
933,14:08:03,7.1,--,251,178210,卖盘
934,14:08:00,7.1,--,32,22720,卖盘
935,14:07:57,7.1,--,1115,791650,卖盘
936,14:07:54,7.1,--,152,107920,卖盘
937,14:07:51,7.1,-0.01,99,70290,卖盘
938,14:07:48,7.11,0.01,370,263070,买盘
939,14:07:45,7.1,--,50,35500,卖盘
940,14:07:42,7.1,--,655,465667,买盘
941,14:07:39,7.1,--,146,103660,买盘
942,14:07:36,7.1,--,36,25560,买盘
943,14:07:33,7.1,--,26,18460,买盘
944,14:07:30,7.1,--,66,46860,买盘
945,14:07:27,7.1,--,4,2932,卖盘
946,14:07:24,7.1,--,188,133480,卖盘
947,14:07:21,7.1,--,70,49700,卖盘
948,14:07:18,7.1,0.01,96,68777,买盘
949,14:07:15,7.09,--,205,145345,卖盘
950,14:07:12,7.09,-0.01,384,272256,卖盘
951,14:07:09,7.1,0.01,49,34790,买盘
952,14:07:06,7.09,-0.01,70,49630,卖盘
953,14:07:03,7.1,--,425,301750,买盘
954,14:07:00,7.1,--,23,16330,买盘
955,14:06:57,7.1,--,149,105790,买盘
956,14:06:54,7.1,--,2320,1647200,买盘
957,14:06:48,7.1,0.01,75,53250,买盘
958,14:06:45,7.09,-0.01,132,93588,卖盘
959,14:06:42,7.1,--,669,474990,买盘
960,14:06:39,7.1,--,32,22720,买盘
961,14:06:33,7.1,--,15,10650,买盘
962,14:06:30,7.1,0.01,5,3550,买盘
963,14:06:27,7.09,--,100,70900,卖盘
964,14:06:24,7.09,-0.01,171,121239,卖盘
965,14:06:21,7.1,0.01,12,8520,买盘
966,14:06:18,7.09,--,131,92879,卖盘
967,14:06:15,7.09,--,156,110604,卖盘
968,14:06:12,7.09,--,40,28360,卖盘
969,14:06:09,7.09,-0.01,1,709,卖盘
970,14:06:06,7.1,0.01,109,77390,买盘
971,14:06:03,7.09,-0.01,360,255240,卖盘
972,14:06:00,7.1,--,156,110760,买盘
973,14:05:57,7.1,0.01,61,43310,买盘
974,14:05:54,7.09,--,50,35450,卖盘
975,14:05:48,7.09,-0.01,263,186467,卖盘
976,14:05:45,7.1,--,234,166140,买盘
977,14:05:42,7.1,--,27,19170,买盘
978,14:05:39,7.1,--,210,149192,卖盘
979,14:05:36,7.1,--,10,7100,卖盘
980,14:05:33,7.1,--,150,106500,卖盘
981,14:05:30,7.1,--,115,81650,卖盘
982,14:05:27,7.1,--,10,7100,卖盘
983,14:05:24,7.1,--,60,42600,卖盘
984,14:05:21,7.1,--,133,95047,买盘
985,14:05:18,7.1,--,150,106500,买盘
986,14:05:15,7.1,--,115,81650,买盘
987,14:05:12,7.1,--,93,66030,买盘
988,14:05:09,7.1,--,385,273442,卖盘
989,14:05:06,7.1,--,129,91590,卖盘
990,14:05:03,7.1,--,3914,2779557,买盘
991,14:05:00,7.1,--,312,221520,买盘
992,14:04:57,7.1,0.01,51,36210,买盘
993,14:04:54,7.09,--,309,219081,卖盘
994,14:04:51,7.09,-0.01,253,179377,卖盘
995,14:04:48,7.1,0.01,20,14200,买盘
996,14:04:45,7.09,-0.01,100,70900,卖盘
997,14:04:42,7.1,0.01,207,146970,买盘
998,14:04:39,7.09,-0.01,32,22688,卖盘
999,14:04:36,7.1,--,164,116440,买盘
1000,14:04:33,7.1,0.01,53,37630,买盘
1001,14:04:30,7.09,--,23,16307,卖盘
1002,14:04:24,7.09,--,34,24106,卖盘
1003,14:04:21,7.09,--,28,19852,卖盘
1004,14:04:18,7.09,--,221,156689,卖盘
1005,14:04:15,7.09,-0.01,166,117694,卖盘
1006,14:04:12,7.1,0.01,37,26270,买盘
1007,14:04:09,7.09,--,377,267293,卖盘
1008,14:04:06,7.09,--,36,25524,卖盘
1009,14:04:03,7.09,-0.01,167,118403,卖盘
1010,14:04:00,7.1,0.01,184,130640,买盘
1011,14:03:57,7.09,--,91,64519,卖盘
1012,14:03:54,7.09,--,84,59556,卖盘
1013,14:03:51,7.09,--,648,459432,卖盘
1014,14:03:48,7.09,--,110,77990,卖盘
1015,14:03:45,7.09,-0.01,81,57429,卖盘
1016,14:03:42,7.1,--,234,166140,买盘
1017,14:03:39,7.1,--,54,38340,买盘
1018,14:03:36,7.1,0.01,50,35500,买盘
1019,14:03:33,7.09,-0.01,35,24815,卖盘
1020,14:03:30,7.1,--,23,16330,买盘
1021,14:03:27,7.1,--,10,7100,买盘
1022,14:03:21,7.1,0.01,143,101530,买盘
1023,14:03:18,7.09,--,225,159525,卖盘
1024,14:03:12,7.09,-0.01,149,105641,卖盘
1025,14:03:09,7.1,0.01,169,119990,买盘
1026,14:03:06,7.09,-0.01,431,305579,卖盘
1027,14:03:03,7.1,0.01,103,73130,买盘
1028,14:03:00,7.09,--,11,7799,卖盘
1029,14:02:57,7.09,-0.01,311,220499,卖盘
1030,14:02:54,7.1,0.01,80,56800,买盘
1031,14:02:51,7.09,-0.01,14,9926,卖盘
1032,14:02:48,7.1,0.01,135,95850,买盘
1033,14:02:45,7.09,--,30,21270,卖盘
1034,14:02:42,7.09,--,62,43958,卖盘
1035,14:02:39,7.09,-0.01,222,157398,卖盘
1036,14:02:36,7.1,--,518,367780,买盘
1037,14:02:33,7.1,--,45,31950,买盘
1038,14:02:30,7.1,--,191,135610,买盘
1039,14:02:27,7.1,--,155,110050,买盘
1040,14:02:24,7.1,--,1,710,买盘
1041,14:02:21,7.1,0.01,424,301040,买盘
1042,14:02:18,7.09,-0.01,7,4963,卖盘
1043,14:02:15,7.1,--,105,74550,买盘
1044,14:02:12,7.1,-0.01,216,153360,卖盘
1045,14:02:09,7.11,0.01,185,131535,买盘
1046,14:02:06,7.1,--,668,474280,卖盘
1047,14:02:03,7.1,--,170,120700,卖盘
1048,14:02:00,7.1,-0.01,80,56800,卖盘
1049,14:01:57,7.11,0.01,520,369720,买盘
1050,14:01:54,7.1,-0.01,236,167560,卖盘
1051,14:01:51,7.11,--,343,243873,买盘
1052,14:01:48,7.11,--,266,189126,买盘
1053,14:01:45,7.11,--,324,230364,买盘
1054,14:01:42,7.11,--,105,74655,买盘
1055,14:01:39,7.11,--,1101,782811,卖盘
1056,14:01:36,7.11,--,352,250272,卖盘
1057,14:01:33,7.11,--,414,294354,卖盘
1058,14:01:30,7.11,-0.01,149,105939,卖盘
1059,14:01:27,7.12,0.01,176,125312,买盘
1060,14:01:24,7.11,--,97,68967,卖盘
1061,14:01:21,7.11,--,1078,766458,买盘
1062,14:01:18,7.11,--,218,154998,买盘
1063,14:01:15,7.11,--,69,49059,买盘
1064,14:01:12,7.11,--,100,71100,买盘
1065,14:01:09,7.11,-0.01,164,116604,买盘
1066,14:01:06,7.12,0.01,686,488432,买盘
1067,14:01:03,7.11,--,343,243873,卖盘
1068,14:01:00,7.11,--,264,187704,卖盘
1069,14:00:57,7.11,--,129,91719,卖盘
1070,14:00:54,7.11,-0.01,404,287244,卖盘
1071,14:00:51,7.12,0.01,268,190816,买盘
1072,14:00:48,7.11,--,111,78921,卖盘
1073,14:00:45,7.11,--,251,178461,卖盘
1074,14:00:42,7.11,--,278,197658,卖盘
1075,14:00:39,7.11,--,470,334170,卖盘
1076,14:00:36,7.11,--,169,120159,卖盘
1077,14:00:33,7.11,--,257,182727,卖盘
1078,14:00:30,7.11,--,1500,1066500,买盘
1079,14:00:27,7.11,--,113,80343,买盘
1080,14:00:24,7.11,--,153,108783,买盘
1081,14:00:21,7.11,--,64,45504,买盘
1082,14:00:18,7.11,--,247,175617,买盘
1083,14:00:15,7.11,--,218,154998,买盘
1084,14:00:12,7.11,--,825,586575,卖盘
1085,14:00:09,7.11,--,370,263070,卖盘
1086,14:00:06,7.11,--,139,98829,卖盘
1087,14:00:03,7.11,--,162,115182,卖盘
1088,14:00:00,7.11,-0.01,176,125136,卖盘
1089,13:59:57,7.12,0.01,2133,1518696,买盘
1090,13:59:54,7.11,--,777,552447,买盘
1091,13:59:51,7.11,--,1247,886617,买盘
1092,13:59:48,7.11,--,294,209034,卖盘
1093,13:59:45,7.11,--,259,184149,卖盘
1094,13:59:42,7.11,0.01,289,205479,买盘
1095,13:59:39,7.1,--,2940,2087400,卖盘
1096,13:59:36,7.1,--,486,345060,卖盘
1097,13:59:33,7.1,-0.01,130,92300,卖盘
1098,13:59:30,7.11,0.01,1379,980469,买盘
1099,13:59:27,7.1,--,1096,778160,买盘
1100,13:59:24,7.1,--,521,369910,买盘
1101,13:59:21,7.1,--,159,112890,买盘
1102,13:59:18,7.1,--,333,236430,买盘
1103,13:59:15,7.1,0.01,4936,3504560,买盘
1104,13:59:12,7.09,0.01,7649,5423141,买盘
1105,13:59:09,7.08,-0.01,642,454536,卖盘
1106,13:59:06,7.09,--,652,462268,买盘
1107,13:59:03,7.09,--,566,401294,买盘
1108,13:59:00,7.09,--,842,596978,买盘
1109,13:58:57,7.09,--,899,637391,买盘
1110,13:58:54,7.09,0.01,2256,1599504,买盘
1111,13:58:51,7.08,--,10,7080,卖盘
1112,13:58:48,7.08,--,418,295944,卖盘
1113,13:58:45,7.08,--,165,116820,卖盘
1114,13:58:42,7.08,--,10,7080,卖盘
1115,13:58:39,7.08,-0.01,131,92748,卖盘
1116,13:58:36,7.09,0.02,7132,5057211,买盘
1117,13:58:33,7.07,--,477,337239,卖盘
1118,13:58:30,7.07,-0.01,278,196546,卖盘
1119,13:58:27,7.08,--,79,55932,买盘
1120,13:58:24,7.08,--,1234,873672,买盘
1121,13:58:21,7.08,--,43,30444,买盘
1122,13:58:18,7.08,--,110,77880,买盘
1123,13:58:15,7.08,--,47,33276,买盘
1124,13:58:12,7.08,0.01,152,107616,买盘
1125,13:58:09,7.07,-0.01,1011,714777,卖盘
1126,13:58:06,7.08,0.01,135,95580,买盘
1127,13:58:03,7.07,-0.01,74,52318,卖盘
1128,13:58:00,7.08,--,2,1416,买盘
1129,13:57:57,7.08,--,30,21240,买盘
1130,13:57:54,7.08,--,63,44604,买盘
1131,13:57:51,7.08,0.01,144,101952,买盘
1132,13:57:48,7.07,-0.01,104,73528,卖盘
1133,13:57:45,7.08,0.01,38,26904,买盘
1134,13:57:42,7.07,--,33,23331,卖盘
1135,13:57:39,7.07,-0.01,4,2828,卖盘
1136,13:57:36,7.08,0.01,144,101952,买盘
1137,13:57:33,7.07,--,153,108171,卖盘
1138,13:57:30,7.07,--,140,99192,买盘
1139,13:57:27,7.07,--,61,43127,买盘
1140,13:57:24,7.07,--,66,46662,买盘
1141,13:57:21,7.07,--,404,285628,买盘
1142,13:57:18,7.07,-0.01,5896,4168966,卖盘
1143,13:57:15,7.08,0.02,2269,1606664,买盘
1144,13:57:12,7.06,-0.01,595,420070,卖盘
1145,13:57:09,7.07,--,1675,1184225,买盘
1146,13:57:06,7.07,0.01,2101,1485407,买盘
1147,13:57:03,7.06,--,605,427130,卖盘
1148,13:57:00,7.06,--,115,81190,卖盘
1149,13:56:57,7.06,--,6,4236,卖盘
1150,13:56:54,7.06,--,200,141200,卖盘
1151,13:56:48,7.06,-0.01,60,42360,买盘
1152,13:56:45,7.07,0.02,284,200788,买盘
1153,13:56:42,7.05,-0.01,14,9870,卖盘
1154,13:56:39,7.06,0.01,200,141200,买盘
1155,13:56:36,7.05,-0.02,318,224190,卖盘
1156,13:56:33,7.07,0.01,165,116655,买盘
1157,13:56:30,7.06,-0.01,135,95310,卖盘
1158,13:56:27,7.07,0.01,41,28987,买盘
1159,13:56:24,7.06,--,35,24710,卖盘
1160,13:56:21,7.06,-0.01,98,69188,卖盘
1161,13:56:18,7.07,0.01,248,175336,买盘
1162,13:56:15,7.06,--,2601,1836306,买盘
1163,13:56:12,7.06,0.01,44,31064,买盘
1164,13:56:09,7.05,-0.01,86,60630,卖盘
1165,13:56:06,7.06,0.01,20,14120,买盘
1166,13:56:03,7.05,--,152,107160,卖盘
1167,13:56:00,7.05,--,37,26085,卖盘
1168,13:55:57,7.05,-0.01,83,58515,卖盘
1169,13:55:54,7.06,0.01,1,706,买盘
1170,13:55:45,7.05,-0.01,156,109980,卖盘
1171,13:55:42,7.06,--,211,148966,买盘
1172,13:55:39,7.06,0.01,804,567624,买盘
1173,13:55:36,7.05,--,101,71205,卖盘
1174,13:55:33,7.05,-0.01,25,17625,卖盘
1175,13:55:30,7.06,0.01,114,80484,买盘
1176,13:55:27,7.05,-0.01,70,49350,卖盘
1177,13:55:21,7.06,--,62,43772,买盘
1178,13:55:18,7.06,0.01,248,175088,买盘
1179,13:55:15,7.05,-0.01,58,40890,卖盘
1180,13:55:12,7.06,--,1005,709530,买盘
1181,13:55:09,7.06,--,75,52950,买盘
1182,13:55:06,7.06,--,16,11296,买盘
1183,13:55:03,7.06,--,16,11296,买盘
1184,13:55:00,7.06,--,124,87544,买盘
1185,13:54:57,7.06,--,24,16944,买盘
1186,13:54:51,7.06,--,49,34594,买盘
1187,13:54:48,7.06,--,60,42360,买盘
1188,13:54:45,7.06,--,102,72012,买盘
1189,13:54:42,7.06,--,439,309934,买盘
1190,13:54:39,7.06,--,4,2824,买盘
1191,13:54:36,7.06,-0.01,885,624810,卖盘
1192,13:54:33,7.07,--,123,86961,买盘
1193,13:54:30,7.07,0.01,110,77770,买盘
1194,13:54:27,7.06,--,148,104488,卖盘
1195,13:54:24,7.06,-0.01,330,232980,卖盘
1196,13:54:21,7.07,0.01,150,106050,买盘
1197,13:54:18,7.06,--,1713,1209378,卖盘
1198,13:54:15,7.06,-0.01,123,86838,卖盘
1199,13:54:12,7.07,--,41,28987,买盘
1200,13:54:09,7.07,0.01,322,227654,买盘
1201,13:54:06,7.06,--,53,37418,卖盘
1202,13:54:03,7.06,--,20,14120,卖盘
1203,13:54:00,7.06,--,1050,741300,卖盘
1204,13:53:57,7.06,-0.01,20,14120,卖盘
1205,13:53:54,7.07,0.01,58,41006,买盘
1206,13:53:51,7.06,--,252,177912,卖盘
1207,13:53:48,7.06,-0.01,55,38830,卖盘
1208,13:53:42,7.07,0.01,223,157661,买盘
1209,13:53:39,7.06,-0.01,76,53656,卖盘
1210,13:53:36,7.07,0.01,232,164024,买盘
1211,13:53:33,7.06,--,52,36712,卖盘
1212,13:53:30,7.06,--,50,35300,卖盘
1213,13:53:27,7.06,--,529,373474,买盘
1214,13:53:24,7.06,--,240,169440,买盘
1215,13:53:21,7.06,--,122,86132,买盘
1216,13:53:18,7.06,--,312,220272,买盘
1217,13:53:15,7.06,--,31,21886,买盘
1218,13:53:12,7.06,-0.01,703,496318,卖盘
1219,13:53:09,7.07,--,227,160489,买盘
1220,13:53:06,7.07,0.01,1,707,买盘
1221,13:53:03,7.06,--,49,34594,卖盘
1222,13:53:00,7.06,--,53,37418,卖盘
1223,13:52:57,7.06,--,618,436308,买盘
1224,13:52:51,7.06,--,82,57892,买盘
1225,13:52:48,7.06,--,20,14120,买盘
1226,13:52:45,7.06,0.01,175,123550,买盘
1227,13:52:42,7.05,-0.01,18,12690,卖盘
1228,13:52:39,7.06,--,95,67070,卖盘
1229,13:52:36,7.06,-0.01,22,15532,买盘
1230,13:52:33,7.07,0.01,336,237552,买盘
1231,13:52:30,7.06,--,153,108018,买盘
1232,13:52:27,7.06,--,281,198386,买盘
1233,13:52:24,7.06,--,389,274634,卖盘
1234,13:52:21,7.06,-0.01,38,26828,卖盘
1235,13:52:18,7.07,0.01,211,149177,买盘
1236,13:52:15,7.06,--,168,118608,买盘
1237,13:52:12,7.06,--,39,27534,买盘
1238,13:52:09,7.06,0.01,43,30358,卖盘
1239,13:52:06,7.05,-0.01,820,578100,卖盘
1240,13:52:03,7.06,--,100,70600,卖盘
1241,13:52:00,7.06,-0.01,40,28240,卖盘
1242,13:51:57,7.07,--,161,113827,买盘
1243,13:51:51,7.07,--,11,7777,买盘
1244,13:51:48,7.07,0.01,517,365519,买盘
1245,13:51:45,7.06,-0.01,361,254866,卖盘
1246,13:51:42,7.07,0.01,76,53732,买盘
1247,13:51:39,7.06,--,58,40948,卖盘
1248,13:51:36,7.06,--,4,2824,卖盘
1249,13:51:33,7.06,--,5,3530,卖盘
1250,13:51:30,7.06,-0.01,6,4236,卖盘
1251,13:51:27,7.07,0.01,886,626402,买盘
1252,13:51:24,7.06,--,74,52244,卖盘
1253,13:51:21,7.06,--,15,10590,卖盘
1254,13:51:12,7.06,-0.01,19,13414,卖盘
1255,13:51:09,7.07,0.01,62,43834,买盘
1256,13:51:03,7.06,--,21,14826,卖盘
1257,13:51:00,7.06,--,1,706,卖盘
1258,13:50:57,7.06,--,10,7060,卖盘
1259,13:50:54,7.06,--,20,14120,卖盘
1260,13:50:51,7.06,0.01,2790,1970029,买盘
1261,13:50:45,7.05,-0.01,5,3525,卖盘
1262,13:50:42,7.06,--,202,142612,买盘
1263,13:50:39,7.06,--,261,184266,买盘
1264,13:50:36,7.06,0.01,50,35300,买盘
1265,13:50:33,7.05,-0.01,47,33135,卖盘
1266,13:50:27,7.06,0.01,282,199092,买盘
1267,13:50:24,7.05,-0.01,206,145230,卖盘
1268,13:50:21,7.06,0.01,20,14120,买盘
1269,13:50:18,7.05,--,50,35250,卖盘
1270,13:50:15,7.05,--,78,54990,卖盘
1271,13:50:12,7.05,--,65,45825,卖盘
1272,13:50:09,7.05,--,80,56400,卖盘
1273,13:50:06,7.05,--,140,98700,卖盘
1274,13:50:03,7.05,--,29,20445,卖盘
1275,13:49:57,7.05,--,10,7050,卖盘
1276,13:49:54,7.05,--,183,129015,卖盘
1277,13:49:51,7.05,-0.01,53,37365,卖盘
1278,13:49:45,7.06,--,15,10590,买盘
1279,13:49:42,7.06,--,125,88250,买盘
1280,13:49:39,7.06,0.01,56,39536,买盘
1281,13:49:36,7.05,--,122,86010,卖盘
1282,13:49:33,7.05,--,9,6345,卖盘
1283,13:49:30,7.05,-0.01,130,91650,卖盘
1284,13:49:27,7.06,0.01,69,48714,买盘
1285,13:49:24,7.05,--,145,102225,卖盘
1286,13:49:21,7.05,-0.01,214,150870,卖盘
1287,13:49:18,7.06,0.01,72,50832,买盘
1288,13:49:15,7.05,--,100,70500,卖盘
1289,13:49:12,7.05,-0.01,11,7755,卖盘
1290,13:49:09,7.06,--,88,62128,买盘
1291,13:49:06,7.06,0.01,30,21180,买盘
1292,13:49:03,7.05,--,189,133245,卖盘
1293,13:49:00,7.05,--,43,30315,卖盘
1294,13:48:57,7.05,--,55,38775,卖盘
1295,13:48:54,7.05,--,371,261555,买盘
1296,13:48:51,7.05,--,159,112095,买盘
1297,13:48:48,7.05,--,102,71910,买盘
1298,13:48:45,7.05,--,131,92355,买盘
1299,13:48:42,7.05,--,5,3525,买盘
1300,13:48:39,7.05,--,111,78255,买盘
1301,13:48:33,7.05,--,10,7050,买盘
1302,13:48:30,7.05,--,837,590085,卖盘
1303,13:48:27,7.05,--,113,79665,卖盘
1304,13:48:24,7.05,-0.01,30,21150,卖盘
1305,13:48:21,7.06,0.01,166,117196,买盘
1306,13:48:18,7.05,--,90,63450,卖盘
1307,13:48:15,7.05,--,301,212205,卖盘
1308,13:48:12,7.05,--,624,439920,卖盘
1309,13:48:09,7.05,-0.01,104,73320,卖盘
1310,13:48:06,7.06,--,53,37418,买盘
1311,13:48:03,7.06,--,91,64246,买盘
1312,13:48:00,7.06,--,347,244982,买盘
1313,13:47:57,7.06,--,319,225214,买盘
1314,13:47:54,7.06,--,23,16238,买盘
1315,13:47:51,7.06,--,126,88956,买盘
1316,13:47:48,7.06,-0.01,364,256984,卖盘
1317,13:47:45,7.07,--,258,182406,买盘
1318,13:47:42,7.07,0.01,302,213514,买盘
1319,13:47:39,7.06,--,756,533736,卖盘
1320,13:47:36,7.06,--,704,497024,卖盘
1321,13:47:33,7.06,-0.01,239,168734,卖盘
1322,13:47:30,7.07,--,129,91203,买盘
1323,13:47:27,7.07,--,28,19796,买盘
1324,13:47:24,7.07,--,477,337239,买盘
1325,13:47:21,7.07,--,354,250278,买盘
1326,13:47:18,7.07,--,33,23331,买盘
1327,13:47:15,7.07,0.01,58,41006,买盘
1328,13:47:12,7.06,-0.01,404,285421,卖盘
1329,13:47:09,7.07,-0.01,221,156756,卖盘
1330,13:47:06,7.08,0.01,40,28320,买盘
1331,13:47:03,7.07,0.01,233,164731,买盘
1332,13:47:00,7.06,-0.01,501,353706,卖盘
1333,13:46:57,7.07,--,484,342188,买盘
1334,13:46:54,7.07,--,15,10605,买盘
1335,13:46:51,7.07,--,486,343602,买盘
1336,13:46:48,7.07,0.01,463,327341,买盘
1337,13:46:45,7.06,-0.01,1152,813312,卖盘
1338,13:46:42,7.07,0.01,84,59388,买盘
1339,13:46:39,7.06,-0.01,919,648814,卖盘
1340,13:46:36,7.07,--,179,126553,买盘
1341,13:46:33,7.07,--,190,134330,买盘
1342,13:46:30,7.07,--,1308,924756,买盘
1343,13:46:27,7.07,0.01,97,68579,买盘
1344,13:46:24,7.06,--,170,120020,卖盘
1345,13:46:21,7.06,-0.01,1760,1242560,卖盘
1346,13:46:18,7.07,--,165,116655,买盘
1347,13:46:15,7.07,--,50,35350,买盘
1348,13:46:12,7.07,--,281,198667,买盘
1349,13:46:09,7.07,--,252,178164,买盘
1350,13:46:06,7.07,0.01,114,80598,买盘
1351,13:46:03,7.06,--,462,326172,买盘
1352,13:46:00,7.06,--,1707,1205142,买盘
1353,13:45:57,7.06,--,53,37418,买盘
1354,13:45:54,7.06,--,1030,727180,买盘
1355,13:45:51,7.06,--,146,103076,买盘
1356,13:45:48,7.06,0.01,131,92486,买盘
1357,13:45:45,7.05,-0.01,85,59925,卖盘
1358,13:45:42,7.06,--,120,84720,买盘
1359,13:45:39,7.06,--,92,64952,买盘
1360,13:45:36,7.06,--,129,91074,买盘
1361,13:45:33,7.06,0.01,61,43066,买盘
1362,13:45:30,7.05,--,86,60630,卖盘
1363,13:45:27,7.05,-0.01,144,101520,卖盘
1364,13:45:24,7.06,0.01,1251,883206,买盘
1365,13:45:21,7.05,-0.01,24,16920,卖盘
1366,13:45:18,7.06,--,116,81896,买盘
1367,13:45:15,7.06,--,303,213918,买盘
1368,13:45:12,7.06,0.01,65,45890,买盘
1369,13:45:09,7.05,--,225,158625,卖盘
1370,13:45:06,7.05,--,244,172584,买盘
1371,13:45:03,7.05,--,425,299625,买盘
1372,13:45:00,7.05,--,832,586560,买盘
1373,13:44:57,7.05,--,679,478695,买盘
1374,13:44:54,7.05,--,30,21150,买盘
1375,13:44:51,7.05,--,10,7050,买盘
1376,13:44:48,7.05,--,114,80370,买盘
1377,13:44:45,7.05,--,411,289755,买盘
1378,13:44:42,7.05,--,66,46530,买盘
1379,13:44:39,7.05,--,115,81075,买盘
1380,13:44:36,7.05,--,180,126900,买盘
1381,13:44:33,7.05,--,23,16215,买盘
1382,13:44:30,7.05,--,36,25380,买盘
1383,13:44:27,7.05,--,7,4935,买盘
1384,13:44:24,7.05,--,204,143820,买盘
1385,13:44:21,7.05,--,434,305970,买盘
1386,13:44:18,7.05,--,30,21150,买盘
1387,13:44:15,7.05,--,118,83190,买盘
1388,13:44:12,7.05,--,6,4230,买盘
1389,13:44:09,7.05,--,150,105750,买盘
1390,13:44:06,7.05,--,1,705,买盘
1391,13:44:03,7.05,--,36,25380,买盘
1392,13:44:00,7.05,0.01,10,7050,买盘
1393,13:43:57,7.04,-0.01,20,14080,卖盘
1394,13:43:54,7.05,0.01,143,100815,买盘
1395,13:43:51,7.04,--,2110,1485440,卖盘
1396,13:43:48,7.04,-0.01,10,7040,卖盘
1397,13:43:45,7.05,0.01,866,610530,买盘
1398,13:43:42,7.04,-0.01,140,98560,卖盘
1399,13:43:39,7.05,--,15,10575,买盘
1400,13:43:36,7.05,0.01,63,44415,买盘
1401,13:43:33,7.04,--,842,592768,卖盘
1402,13:43:30,7.04,--,58,40832,卖盘
1403,13:43:27,7.04,--,426,299904,卖盘
1404,13:43:24,7.04,--,70,49280,卖盘
1405,13:43:21,7.04,-0.01,43,30272,卖盘
1406,13:43:18,7.05,0.01,77,54285,买盘
1407,13:43:15,7.04,--,174,122496,卖盘
1408,13:43:12,7.04,--,1795,1263680,卖盘
1409,13:43:09,7.04,--,93,65472,卖盘
1410,13:43:06,7.04,-0.01,30,21120,卖盘
1411,13:43:03,7.05,0.01,448,315840,买盘
1412,13:43:00,7.04,-0.01,133,93632,卖盘
1413,13:42:57,7.05,0.01,10,7050,买盘
1414,13:42:54,7.04,--,394,277376,卖盘
1415,13:42:51,7.04,--,6,4224,卖盘
1416,13:42:48,7.04,--,32,22528,买盘
1417,13:42:45,7.04,-0.01,333,234432,卖盘
1418,13:42:42,7.05,0.01,113,79665,买盘
1419,13:42:39,7.04,--,265,186560,卖盘
1420,13:42:36,7.04,--,65,45760,买盘
1421,13:42:33,7.04,-0.01,439,309056,卖盘
1422,13:42:30,7.05,0.02,161,113505,买盘
1423,13:42:27,7.03,-0.01,442,311246,卖盘
1424,13:42:24,7.04,-0.01,275,193797,卖盘
1425,13:42:21,7.05,--,1408,992992,买盘
1426,13:42:18,7.05,--,387,272835,买盘
1427,13:42:15,7.05,--,344,242520,买盘
1428,13:42:12,7.05,--,1106,779730,买盘
1429,13:42:09,7.05,--,3,2115,买盘
1430,13:42:06,7.05,--,104,73320,买盘
1431,13:42:03,7.05,0.01,45,31725,买盘
1432,13:42:00,7.04,-0.01,557,392128,卖盘
1433,13:41:54,7.05,0.01,339,239009,买盘
1434,13:41:51,7.04,--,1581,1113164,买盘
1435,13:41:48,7.04,--,2078,1462912,买盘
1436,13:41:45,7.04,--,444,312576,买盘
1437,13:41:42,7.04,--,30,21120,买盘
1438,13:41:39,7.04,--,26,18304,买盘
1439,13:41:36,7.04,0.01,98,68992,买盘
1440,13:41:33,7.03,-0.01,52,36556,卖盘
1441,13:41:30,7.04,0.01,256,180224,买盘
1442,13:41:27,7.03,-0.01,15,10545,卖盘
1443,13:41:24,7.04,--,107,75328,买盘
1444,13:41:21,7.04,--,106,74624,买盘
1445,13:41:18,7.04,--,82,57728,买盘
1446,13:41:15,7.04,--,116,81664,买盘
1447,13:41:12,7.04,--,157,110528,买盘
1448,13:41:09,7.04,0.01,233,164032,买盘
1449,13:41:06,7.03,-0.01,61,42883,卖盘
1450,13:41:03,7.04,0.01,690,485760,买盘
1451,13:41:00,7.03,--,48,33744,卖盘
1452,13:40:57,7.03,-0.01,88,61864,卖盘
1453,13:40:54,7.04,0.01,1794,1263539,买盘
1454,13:40:51,7.03,--,99,69597,卖盘
1455,13:40:48,7.03,-0.01,676,475228,卖盘
1456,13:40:45,7.04,--,872,613888,买盘
1457,13:40:42,7.04,--,1135,799040,买盘
1458,13:40:39,7.04,--,275,193600,买盘
1459,13:40:36,7.04,--,71,49984,买盘
1460,13:40:30,7.04,--,534,375936,买盘
1461,13:40:27,7.04,--,12,8448,买盘
1462,13:40:24,7.04,0.01,206,145024,买盘
1463,13:40:21,7.03,-0.01,28,19684,卖盘
1464,13:40:18,7.04,0.01,41,28864,买盘
1465,13:40:15,7.03,--,3813,2680679,买盘
1466,13:40:09,7.03,--,1000,703000,买盘
1467,13:40:06,7.03,0.01,32,22496,买盘
1468,13:40:03,7.02,--,10,7020,卖盘
1469,13:40:00,7.02,--,313,219726,卖盘
1470,13:39:57,7.02,-0.01,50,35100,卖盘
1471,13:39:51,7.03,0.01,113,79439,买盘
1472,13:39:48,7.02,--,1223,858546,卖盘
1473,13:39:45,7.02,--,241,169182,卖盘
1474,13:39:42,7.02,--,6,4212,卖盘
1475,13:39:39,7.02,--,19,13338,卖盘
1476,13:39:36,7.02,--,541,379782,买盘
1477,13:39:33,7.02,0.01,340,238680,买盘
1478,13:39:30,7.01,-0.01,106,74306,卖盘
1479,13:39:27,7.02,--,628,440856,买盘
1480,13:39:24,7.02,0.01,6553,4600206,买盘
1481,13:39:21,7.01,--,7,4907,卖盘
1482,13:39:18,7.01,-0.01,12,8412,卖盘
1483,13:39:15,7.02,--,62,43524,买盘
1484,13:39:09,7.02,0.01,311,218322,买盘
1485,13:39:06,7.01,--,1,701,买盘
1486,13:39:03,7.01,-0.01,502,351902,中性盘
1487,13:39:00,7.02,0.02,1,702,买盘
1488,13:38:57,7.0,--,1052,736400,卖盘
1489,13:38:54,7.0,-0.02,2001,1400700,卖盘
1490,13:38:51,7.02,0.01,199,139698,买盘
1491,13:38:48,7.01,--,192,134592,卖盘
1492,13:38:45,7.01,--,1018,713618,卖盘
1493,13:38:42,7.01,--,35,24535,卖盘
1494,13:38:39,7.01,-0.01,30,21030,卖盘
1495,13:38:36,7.02,--,43,30185,买盘
1496,13:38:33,7.02,--,38,26676,买盘
1497,13:38:30,7.02,0.01,13,9126,买盘
1498,13:38:27,7.01,--,86,60286,卖盘
1499,13:38:24,7.01,-0.01,13,9113,卖盘
1500,13:38:21,7.02,--,50,35100,买盘
1501,13:38:18,7.02,--,15,10530,买盘
1502,13:38:12,7.02,--,49,34398,买盘
1503,13:38:09,7.02,--,176,123551,买盘
1504,13:38:06,7.02,0.01,232,162864,买盘
1505,13:38:03,7.01,-0.01,12,8412,卖盘
1506,13:38:00,7.02,--,859,603018,买盘
1507,13:37:57,7.02,0.01,74,51948,买盘
1508,13:37:54,7.01,-0.01,97,67997,卖盘
1509,13:37:51,7.02,--,32,22464,买盘
1510,13:37:48,7.02,0.01,8,5616,买盘
1511,13:37:45,7.01,--,1,701,卖盘
1512,13:37:42,7.01,--,99,69399,卖盘
1513,13:37:39,7.01,--,10,7010,卖盘
1514,13:37:36,7.01,-0.01,32,22432,卖盘
1515,13:37:33,7.02,0.01,150,105300,买盘
1516,13:37:27,7.01,--,198,138798,买盘
1517,13:37:24,7.01,--,204,143004,买盘
1518,13:37:21,7.01,0.01,350,245350,买盘
1519,13:37:18,7.0,-0.01,132,92400,卖盘
1520,13:37:15,7.01,--,359,251659,买盘
1521,13:37:12,7.01,--,335,234835,买盘
1522,13:37:09,7.01,--,5,3505,买盘
1523,13:37:06,7.01,--,61,42761,买盘
1524,13:37:03,7.01,--,423,296523,买盘
1525,13:37:00,7.01,--,600,420600,买盘
1526,13:36:57,7.01,-0.01,1698,1190298,卖盘
1527,13:36:54,7.02,--,151,106002,买盘
1528,13:36:51,7.02,0.01,38,26676,买盘
1529,13:36:48,7.01,-0.01,191,133891,卖盘
1530,13:36:45,7.02,0.01,150,105300,买盘
1531,13:36:42,7.01,-0.01,6,4206,卖盘
1532,13:36:39,7.02,0.01,19,13338,买盘
1533,13:36:36,7.01,-0.01,794,556594,卖盘
1534,13:36:30,7.02,0.01,73,51246,买盘
1535,13:36:24,7.01,-0.01,22,15422,卖盘
1536,13:36:21,7.02,0.01,1,702,买盘
1537,13:36:15,7.01,-0.01,93,65193,卖盘
1538,13:36:12,7.02,0.01,1,702,买盘
1539,13:36:09,7.01,-0.01,2,1402,卖盘
1540,13:36:06,7.02,--,158,110916,买盘
1541,13:36:03,7.02,--,300,210600,买盘
1542,13:36:00,7.02,--,48,33696,买盘
1543,13:35:57,7.02,--,22,15443,买盘
1544,13:35:54,7.02,0.01,99,69498,买盘
1545,13:35:51,7.01,-0.01,60,42060,卖盘
1546,13:35:48,7.02,--,164,115128,买盘
1547,13:35:45,7.02,0.01,73,51702,买盘
1548,13:35:42,7.01,--,12,8412,买盘
1549,13:35:39,7.01,--,20,14020,买盘
1550,13:35:36,7.01,--,170,119170,买盘
1551,13:35:33,7.01,--,457,320602,卖盘
1552,13:35:30,7.01,-0.01,10,7010,卖盘
1553,13:35:27,7.02,--,11,7721,买盘
1554,13:35:24,7.02,--,56,39312,买盘
1555,13:35:21,7.02,0.01,2,1404,买盘
1556,13:35:18,7.01,-0.01,24,16824,卖盘
1557,13:35:15,7.02,--,135,94770,买盘
1558,13:35:12,7.02,--,36,25272,买盘
1559,13:35:09,7.02,0.01,172,120743,买盘
1560,13:35:06,7.01,--,30,21030,卖盘
1561,13:35:03,7.01,--,161,112861,卖盘
1562,13:35:00,7.01,-0.01,10,7010,卖盘
1563,13:34:57,7.02,0.01,100,70200,买盘
1564,13:34:54,7.01,--,31,21731,卖盘
1565,13:34:51,7.01,--,103,72658,买盘
1566,13:34:48,7.01,--,848,594448,买盘
1567,13:34:45,7.01,--,125,87625,买盘
1568,13:34:39,7.01,--,18,12618,买盘
1569,13:34:36,7.01,--,122,85522,买盘
1570,13:34:33,7.01,--,17,11917,买盘
1571,13:34:30,7.01,--,2,1402,买盘
1572,13:34:27,7.01,--,2,1402,买盘
1573,13:34:24,7.01,--,11,7711,买盘
1574,13:34:21,7.01,--,16,11216,买盘
1575,13:34:18,7.01,--,69,48369,买盘
1576,13:34:15,7.01,--,218,152818,买盘
1577,13:34:12,7.01,--,14,9814,买盘
1578,13:34:09,7.01,--,105,73605,买盘
1579,13:34:06,7.01,0.01,32,22432,买盘
1580,13:34:03,7.0,--,18,12600,卖盘
1581,13:34:00,7.0,-0.01,100,70000,卖盘
1582,13:33:57,7.01,--,35,24535,买盘
1583,13:33:54,7.01,--,251,175951,买盘
1584,13:33:51,7.01,--,35,24535,买盘
1585,13:33:48,7.01,--,148,103748,买盘
1586,13:33:45,7.01,--,50,35050,买盘
1587,13:33:42,7.01,0.01,134,93934,买盘
1588,13:33:39,7.0,--,23,16100,卖盘
1589,13:33:36,7.0,-0.01,91,63700,卖盘
1590,13:33:33,7.01,--,262,183662,买盘
1591,13:33:30,7.01,--,86,60286,买盘
1592,13:33:27,7.01,0.01,43,30143,买盘
1593,13:33:24,7.0,-0.01,43,30100,卖盘
1594,13:33:21,7.01,--,68,47668,买盘
1595,13:33:18,7.01,--,85,59585,买盘
1596,13:33:15,7.01,--,35,24535,买盘
1597,13:33:12,7.01,--,162,113562,买盘
1598,13:33:09,7.01,--,109,76409,买盘
1599,13:33:06,7.01,--,67,46967,买盘
1600,13:33:03,7.01,--,258,180858,买盘
1601,13:33:00,7.01,0.01,106,74306,买盘
1602,13:32:57,7.0,--,343,240100,卖盘
1603,13:32:54,7.0,-0.01,27,18900,卖盘
1604,13:32:51,7.01,0.01,42,29442,买盘
1605,13:32:48,7.0,-0.01,43,30100,卖盘
1606,13:32:45,7.01,--,30,21030,买盘
1607,13:32:42,7.01,--,203,142303,买盘
1608,13:32:39,7.01,--,11,7711,买盘
1609,13:32:36,7.01,0.01,42,29442,买盘
1610,13:32:33,7.0,-0.01,24,16800,卖盘
1611,13:32:18,7.01,0.01,2,1402,买盘
1612,13:32:15,7.0,-0.01,33,23100,卖盘
1613,13:32:12,7.01,--,122,85522,买盘
1614,13:32:06,7.01,--,19,13319,买盘
1615,13:32:03,7.01,--,133,93233,买盘
1616,13:31:57,7.01,--,1,701,买盘
1617,13:31:54,7.01,--,3,2103,买盘
1618,13:31:51,7.01,0.01,46,32246,买盘
1619,13:31:48,7.0,-0.01,206,144200,卖盘
1620,13:31:45,7.01,0.01,47,32947,买盘
1621,13:31:42,7.0,-0.01,103,72100,卖盘
1622,13:31:39,7.01,--,321,225021,买盘
1623,13:31:33,7.01,--,43,30143,买盘
1624,13:31:30,7.01,--,305,213805,买盘
1625,13:31:27,7.01,--,82,57482,买盘
1626,13:31:24,7.01,0.01,556,389756,买盘
1627,13:31:21,7.0,-0.01,400,280000,卖盘
1628,13:31:18,7.01,--,56,39256,买盘
1629,13:31:15,7.01,--,1,701,买盘
1630,13:31:12,7.01,--,18,12618,买盘
1631,13:31:09,7.01,--,165,115665,买盘
1632,13:31:06,7.01,--,304,213104,买盘
1633,13:31:03,7.01,--,31,21731,买盘
1634,13:31:00,7.01,0.01,7,4907,买盘
1635,13:30:57,7.0,-0.01,70,49000,卖盘
1636,13:30:54,7.01,0.01,138,96738,买盘
1637,13:30:51,7.0,-0.01,16,11200,卖盘
1638,13:30:48,7.01,--,96,67296,买盘
1639,13:30:45,7.01,--,35,24535,买盘
1640,13:30:42,7.01,--,25,17525,买盘
1641,13:30:39,7.01,--,152,106552,买盘
1642,13:30:36,7.01,--,4,2804,买盘
1643,13:30:33,7.01,--,35,24535,买盘
1644,13:30:30,7.01,--,109,76409,买盘
1645,13:30:24,7.01,--,1,701,买盘
1646,13:30:21,7.01,--,1,701,买盘
1647,13:30:12,7.01,--,17,11917,买盘
1648,13:30:09,7.01,--,127,89027,买盘
1649,13:30:06,7.01,--,99,69399,买盘
1650,13:30:03,7.01,--,37,25937,买盘
1651,13:30:00,7.01,--,31,21731,买盘
1652,13:29:57,7.01,--,2,1402,买盘
1653,13:29:54,7.01,0.01,1,701,买盘
1654,13:29:51,7.0,--,22,15400,卖盘
1655,13:29:48,7.0,-0.01,20,14000,卖盘
1656,13:29:45,7.01,--,1,701,买盘
1657,13:29:39,7.01,0.01,199,139499,买盘
1658,13:29:36,7.0,-0.01,3,2100,卖盘
1659,13:29:33,7.01,--,96,67296,买盘
1660,13:29:27,7.01,0.01,5,3505,买盘
1661,13:29:18,7.0,--,100,70000,卖盘
1662,13:29:15,7.0,-0.01,291,203700,卖盘
1663,13:29:12,7.01,--,37,25937,买盘
1664,13:29:09,7.01,0.01,224,157024,买盘
1665,13:29:03,7.0,--,2,1400,卖盘
1666,13:29:00,7.0,--,56,39200,卖盘
1667,13:28:57,7.0,--,1,700,卖盘
1668,13:28:42,7.0,--,208,145600,买盘
1669,13:28:39,7.0,--,39,27300,买盘
1670,13:28:36,7.0,--,238,166600,买盘
1671,13:28:33,7.0,--,1,700,买盘
1672,13:28:30,7.0,--,5,3500,买盘
1673,13:28:27,7.0,--,13,9100,买盘
1674,13:28:24,7.0,--,131,91700,卖盘
1675,13:28:21,7.0,-0.01,379,265300,卖盘
1676,13:28:18,7.01,--,1,701,买盘
1677,13:28:15,7.01,--,14,9814,买盘
1678,13:28:12,7.01,0.01,104,72904,买盘
1679,13:28:09,7.0,-0.01,10,7000,卖盘
1680,13:28:06,7.01,--,61,42761,买盘
1681,13:28:03,7.01,0.01,48,33648,买盘
1682,13:28:00,7.0,-0.01,497,347900,卖盘
1683,13:27:57,7.01,--,8,5608,买盘
1684,13:27:54,7.01,0.01,59,41359,买盘
1685,13:27:51,7.0,-0.01,14,9800,卖盘
1686,13:27:48,7.01,0.01,4,2804,买盘
1687,13:27:45,7.0,-0.01,30,21000,卖盘
1688,13:27:39,7.01,0.01,68,47668,买盘
1689,13:27:36,7.0,-0.01,484,338800,卖盘
1690,13:27:33,7.01,--,83,58183,买盘
1691,13:27:30,7.01,--,24,16824,买盘
1692,13:27:27,7.01,--,59,41359,买盘
1693,13:27:24,7.01,0.01,14,9814,买盘
1694,13:27:21,7.0,-0.01,102,71400,卖盘
1695,13:27:18,7.01,--,60,42060,买盘
1696,13:27:15,7.01,--,71,49771,买盘
1697,13:27:12,7.01,--,100,70100,买盘
1698,13:27:09,7.01,--,20,14020,买盘
1699,13:27:06,7.01,--,124,86924,买盘
1700,13:27:00,7.01,--,100,70100,买盘
1701,13:26:57,7.01,--,700,490700,买盘
1702,13:26:54,7.01,--,5,3505,买盘
1703,13:26:51,7.01,0.01,58,40658,买盘
1704,13:26:48,7.0,--,180,126000,卖盘
1705,13:26:45,7.0,--,19,13300,卖盘
1706,13:26:42,7.0,-0.01,125,87500,卖盘
1707,13:26:39,7.01,--,1,701,买盘
1708,13:26:36,7.01,--,22,15422,买盘
1709,13:26:33,7.01,--,152,106552,买盘
1710,13:26:30,7.01,--,9,6309,买盘
1711,13:26:27,7.01,0.01,69,48369,买盘
1712,13:26:24,7.0,-0.01,17,11900,卖盘
1713,13:26:21,7.01,--,50,35050,买盘
1714,13:26:18,7.01,--,14,9814,买盘
1715,13:26:15,7.01,--,106,74306,买盘
1716,13:26:12,7.01,0.01,40,28040,买盘
1717,13:26:09,7.0,-0.01,71,49700,卖盘
1718,13:26:06,7.01,--,20,14020,买盘
1719,13:26:03,7.01,--,132,92532,买盘
1720,13:26:00,7.01,--,3,2103,买盘
1721,13:25:57,7.01,--,30,21030,买盘
1722,13:25:54,7.01,--,41,28741,买盘
1723,13:25:51,7.01,--,68,47668,买盘
1724,13:25:48,7.01,--,18,12618,买盘
1725,13:25:45,7.01,--,130,91130,买盘
1726,13:25:39,7.01,0.01,1,701,买盘
1727,13:25:36,7.0,-0.01,22,15400,卖盘
1728,13:25:33,7.01,--,128,89728,买盘
1729,13:25:30,7.01,--,41,28741,买盘
1730,13:25:24,7.01,--,3,2103,买盘
1731,13:25:21,7.01,--,24,16824,买盘
1732,13:25:18,7.01,--,104,72904,买盘
1733,13:25:15,7.01,--,44,30844,买盘
1734,13:25:12,7.01,0.01,56,39256,买盘
1735,13:25:09,7.0,-0.01,205,143892,卖盘
1736,13:25:06,7.01,0.01,286,200486,买盘
1737,13:25:03,7.0,-0.01,1025,717500,卖盘
1738,13:25:00,7.01,--,42,29442,买盘
1739,13:24:57,7.01,--,10,7010,买盘
1740,13:24:51,7.01,--,4,2804,买盘
1741,13:24:48,7.01,--,47,32947,买盘
1742,13:24:45,7.01,--,115,80615,买盘
1743,13:24:42,7.01,--,31,21731,买盘
1744,13:24:39,7.01,--,8,5608,买盘
1745,13:24:36,7.01,--,22,15422,买盘
1746,13:24:33,7.01,--,28,19628,买盘
1747,13:24:30,7.01,--,133,93233,买盘
1748,13:24:27,7.01,--,15,10515,买盘
1749,13:24:24,7.01,0.01,44,30844,买盘
1750,13:24:21,7.0,--,73,51100,卖盘
1751,13:24:18,7.0,-0.01,142,99400,卖盘
1752,13:24:09,7.01,--,6,4206,买盘
1753,13:24:06,7.01,--,46,32246,买盘
1754,13:24:03,7.01,0.01,74,51874,买盘
1755,13:24:00,7.0,--,154,107800,卖盘
1756,13:23:57,7.0,--,6,4200,卖盘
1757,13:23:54,7.0,-0.01,12,8400,卖盘
1758,13:23:51,7.01,--,31,21731,买盘
1759,13:23:48,7.01,0.01,141,98841,买盘
1760,13:23:45,7.0,--,5,3500,卖盘
1761,13:23:42,7.0,-0.01,14,9800,卖盘
1762,13:23:39,7.01,0.01,40,28040,买盘
1763,13:23:36,7.0,-0.01,74,51800,卖盘
1764,13:23:33,7.01,--,20,14020,买盘
1765,13:23:30,7.01,--,143,100243,买盘
1766,13:23:27,7.01,--,47,32947,买盘
1767,13:23:24,7.01,0.01,41,28741,买盘
1768,13:23:21,7.0,--,100,70308,卖盘
1769,13:23:18,7.0,-0.01,54,37800,卖盘
1770,13:23:15,7.01,0.01,40,28040,买盘
1771,13:23:12,7.0,-0.01,17,11900,卖盘
1772,13:23:09,7.01,--,56,39256,买盘
1773,13:23:06,7.01,0.01,4,2804,买盘
1774,13:23:03,7.0,-0.01,42,29400,卖盘
1775,13:23:00,7.01,--,160,112160,买盘
1776,13:22:57,7.01,0.01,361,253061,买盘
1777,13:22:54,7.0,--,698,488600,买盘
1778,13:22:51,7.0,0.01,110,77000,买盘
1779,13:22:48,6.99,-0.01,85,59415,卖盘
1780,13:22:45,7.0,--,5,3500,买盘
1781,13:22:42,7.0,--,1,700,买盘
1782,13:22:33,7.0,--,4,2800,买盘
1783,13:22:30,7.0,--,47,32900,买盘
1784,13:22:27,7.0,--,167,116900,买盘
1785,13:22:24,7.0,--,84,58800,买盘
1786,13:22:21,7.0,--,100,70000,买盘
1787,13:22:18,7.0,--,1,700,买盘
1788,13:22:15,7.0,--,7,4900,买盘
1789,13:22:12,7.0,--,27,18900,买盘
1790,13:22:09,7.0,--,164,114800,买盘
1791,13:22:06,7.0,--,13,9100,买盘
1792,13:22:03,7.0,--,10,7000,买盘
1793,13:22:00,7.0,--,12,8400,买盘
1794,13:21:57,7.0,--,122,85400,买盘
1795,13:21:54,7.0,-0.01,716,501200,卖盘
1796,13:21:48,7.01,--,59,41359,买盘
1797,13:21:45,7.01,--,31,21731,买盘
1798,13:21:39,7.01,0.01,44,30844,买盘
1799,13:21:36,7.0,-0.01,20,14000,卖盘
1800,13:21:33,7.01,--,48,33648,买盘
1801,13:21:30,7.01,--,50,35050,买盘
1802,13:21:27,7.01,--,145,101645,买盘
1803,13:21:24,7.01,0.01,260,182260,买盘
1804,13:21:21,7.0,-0.01,2031,1421700,卖盘
1805,13:21:18,7.01,--,9,6309,买盘
1806,13:21:15,7.01,--,143,100243,买盘
1807,13:21:12,7.01,--,40,28040,买盘
1808,13:21:09,7.01,--,5,3505,买盘
1809,13:21:06,7.01,--,56,39256,买盘
1810,13:21:03,7.01,--,2,1402,买盘
1811,13:20:57,7.01,0.01,127,89027,买盘
1812,13:20:54,7.0,--,4,2800,卖盘
1813,13:20:51,7.0,-0.01,57,39900,卖盘
1814,13:20:48,7.01,--,23,16123,买盘
1815,13:20:45,7.01,--,32,22432,买盘
1816,13:20:42,7.01,--,44,30844,买盘
1817,13:20:39,7.01,--,1,701,买盘
1818,13:20:33,7.01,--,3,2103,买盘
1819,13:20:30,7.01,--,15,10515,买盘
1820,13:20:27,7.01,--,132,92532,买盘
1821,13:20:24,7.01,--,108,75708,买盘
1822,13:20:21,7.01,--,58,40658,买盘
1823,13:20:18,7.01,--,242,169642,买盘
1824,13:20:15,7.01,--,15,10515,买盘
1825,13:20:12,7.01,--,14,9814,买盘
1826,13:20:09,7.01,--,11,7711,买盘
1827,13:20:06,7.01,--,101,70801,买盘
1828,13:20:00,7.01,0.01,125,87625,买盘
1829,13:19:57,7.0,-0.01,1118,782600,卖盘
1830,13:19:54,7.01,--,499,349799,买盘
1831,13:19:51,7.01,--,63,44163,买盘
1832,13:19:48,7.01,--,5,3505,买盘
1833,13:19:45,7.01,--,45,31545,买盘
1834,13:19:42,7.01,--,31,21731,买盘
1835,13:19:39,7.01,0.01,2,1402,买盘
1836,13:19:36,7.0,--,28,19600,卖盘
1837,13:19:33,7.0,-0.01,104,72800,卖盘
1838,13:19:30,7.01,--,11,7711,买盘
1839,13:19:27,7.01,0.01,101,70801,买盘
1840,13:19:24,7.0,-0.01,10,7000,中性盘
1841,13:19:21,7.01,0.01,200,140200,买盘
1842,13:19:18,7.0,--,1535,1074500,买盘
1843,13:19:15,7.0,--,135,94500,买盘
1844,13:19:12,7.0,--,20,14000,买盘
1845,13:19:09,7.0,--,29,20300,买盘
1846,13:19:06,7.0,--,53,37100,买盘
1847,13:19:03,7.0,--,73,51100,买盘
1848,13:19:00,7.0,--,41,28700,买盘
1849,13:18:57,7.0,--,38,26600,买盘
1850,13:18:54,7.0,--,349,244300,买盘
1851,13:18:51,7.0,--,29,20300,买盘
1852,13:18:48,7.0,--,111,77700,买盘
1853,13:18:45,7.0,--,191,133700,买盘
1854,13:18:42,7.0,-0.01,544,380800,卖盘
1855,13:18:39,7.01,--,3,2103,买盘
1856,13:18:36,7.01,--,31,21731,买盘
1857,13:18:30,7.01,0.01,7,4907,买盘
1858,13:18:27,7.0,--,58,40600,卖盘
1859,13:18:24,7.0,-0.01,28,19600,卖盘
1860,13:18:21,7.01,0.01,22,15422,买盘
1861,13:18:18,7.0,--,40,28000,买盘
1862,13:18:15,7.0,--,84,58800,买盘
1863,13:18:12,7.0,-0.01,17,11900,卖盘
1864,13:18:09,7.01,0.01,387,271287,买盘
1865,13:18:06,7.0,0.01,3055,2138500,买盘
1866,13:18:03,6.99,-0.01,128,89472,卖盘
1867,13:18:00,7.0,--,3,2100,买盘
1868,13:17:57,7.0,--,2,1400,买盘
1869,13:17:54,7.0,--,30,21000,买盘
1870,13:17:51,7.0,--,170,119000,买盘
1871,13:17:48,7.0,--,231,161700,买盘
1872,13:17:45,7.0,--,79,55300,买盘
1873,13:17:42,7.0,--,22,15400,买盘
1874,13:17:39,7.0,--,114,79800,买盘
1875,13:17:36,7.0,--,41,28700,买盘
1876,13:17:33,7.0,--,3,2100,买盘
1877,13:17:30,7.0,--,5,3500,买盘
1878,13:17:27,7.0,--,44,30800,买盘
1879,13:17:24,7.0,--,58,40600,买盘
1880,13:17:21,7.0,--,183,128100,买盘
1881,13:17:18,7.0,--,183,128100,买盘
1882,13:17:15,7.0,--,61,42700,买盘
1883,13:17:06,7.0,--,21,14700,买盘
1884,13:17:03,7.0,--,190,133000,买盘
1885,13:17:00,7.0,--,8,5600,买盘
1886,13:16:57,7.0,--,27,18900,买盘
1887,13:16:54,7.0,--,14,9800,买盘
1888,13:16:51,7.0,--,122,85400,买盘
1889,13:16:48,7.0,--,2,1400,买盘
1890,13:16:45,7.0,--,19,13300,买盘
1891,13:16:42,7.0,--,2,1400,买盘
1892,13:16:39,7.0,--,1,700,买盘
1893,13:16:36,7.0,0.01,15,10500,买盘
1894,13:16:33,6.99,-0.01,45,31455,卖盘
1895,13:16:30,7.0,--,50,35000,买盘
1896,13:16:27,7.0,--,379,265300,买盘
1897,13:16:24,7.0,--,40,28000,买盘
1898,13:16:21,7.0,--,29,20300,买盘
1899,13:16:18,7.0,0.01,133,93100,买盘
1900,13:16:15,6.99,-0.01,15,10485,卖盘
1901,13:16:12,7.0,--,71,49700,买盘
1902,13:16:00,7.0,0.01,6,4200,买盘
1903,13:15:57,6.99,0.01,143,99957,中性盘
1904,13:15:54,6.98,-0.02,1061,740996,卖盘
1905,13:15:51,7.0,--,27,18900,买盘
1906,13:15:48,7.0,--,244,170800,买盘
1907,13:15:42,7.0,--,2,1400,买盘
1908,13:15:39,7.0,--,20,14000,买盘
1909,13:15:36,7.0,--,51,35700,买盘
1910,13:15:33,7.0,--,92,64400,买盘
1911,13:15:30,7.0,--,34,23800,买盘
1912,13:15:27,7.0,0.01,24,16800,买盘
1913,13:15:24,6.99,-0.01,218,152382,卖盘
1914,13:15:21,7.0,--,14,9800,买盘
1915,13:15:18,7.0,--,122,85400,买盘
1916,13:15:15,7.0,--,9,6300,买盘
1917,13:15:12,7.0,0.01,83,58100,买盘
1918,13:15:09,6.99,-0.01,170,118830,卖盘
1919,13:15:06,7.0,--,51,35700,买盘
1920,13:15:03,7.0,--,14,9800,买盘
1921,13:15:00,7.0,--,59,41300,买盘
1922,13:14:57,7.0,0.01,5,3500,买盘
1923,13:14:54,6.99,-0.01,4,2796,卖盘
1924,13:14:51,7.0,--,14,9800,买盘
1925,13:14:48,7.0,--,122,85400,买盘
1926,13:14:45,7.0,--,9,6300,买盘
1927,13:14:42,7.0,--,69,48300,买盘
1928,13:14:39,7.0,--,5,3500,买盘
1929,13:14:36,7.0,--,1,700,买盘
1930,13:14:33,7.0,--,12,8400,买盘
1931,13:14:30,7.0,--,73,51100,买盘
1932,13:14:27,7.0,0.01,83,58100,买盘
1933,13:14:24,6.99,-0.01,33,23067,卖盘
1934,13:14:21,7.0,--,16,11200,买盘
1935,13:14:18,7.0,--,136,95200,买盘
1936,13:14:12,7.0,--,4,2800,买盘
1937,13:14:09,7.0,--,62,43400,买盘
1938,13:14:06,7.0,--,222,155400,卖盘
1939,13:14:03,7.0,--,11,7700,卖盘
1940,13:14:00,7.0,-0.01,1,700,卖盘
1941,13:13:57,7.01,--,1,701,买盘
1942,13:13:54,7.01,0.01,21,14721,买盘
1943,13:13:51,7.0,--,180,126000,卖盘
1944,13:13:48,7.0,--,900,630000,卖盘
1945,13:13:42,7.0,-0.01,5,3500,卖盘
1946,13:13:39,7.01,--,14,9814,买盘
1947,13:13:36,7.01,0.01,129,90429,买盘
1948,13:13:33,7.0,-0.01,80,56000,卖盘
1949,13:13:30,7.01,--,5,3505,买盘
1950,13:13:27,7.01,--,53,37153,买盘
1951,13:13:24,7.01,0.01,34,23834,买盘
1952,13:13:21,7.0,-0.01,300,210000,卖盘
1953,13:13:18,7.01,--,8,5608,买盘
1954,13:13:15,7.01,--,77,53977,买盘
1955,13:13:12,7.01,--,22,15422,买盘
1956,13:13:09,7.01,--,18,12618,买盘
1957,13:13:06,7.01,--,38,26638,买盘
1958,13:13:03,7.01,--,53,37153,买盘
1959,13:13:00,7.01,--,36,25236,买盘
1960,13:12:57,7.01,--,117,82017,买盘
1961,13:12:54,7.01,--,37,25937,买盘
1962,13:12:51,7.01,--,170,119170,买盘
1963,13:12:48,7.01,--,5,3505,买盘
1964,13:12:45,7.01,--,750,526023,卖盘
1965,13:12:42,7.01,--,300,210300,卖盘
1966,13:12:39,7.01,-0.01,15,10515,卖盘
1967,13:12:36,7.02,0.01,99,69498,买盘
1968,13:12:33,7.01,--,100,70100,卖盘
1969,13:12:30,7.01,--,30,21030,卖盘
1970,13:12:27,7.01,-0.01,672,471072,卖盘
1971,13:12:24,7.02,0.01,72,50544,买盘
1972,13:12:21,7.01,--,259,181559,卖盘
1973,13:12:18,7.01,--,500,350500,卖盘
1974,13:12:15,7.01,--,1441,1010568,买盘
1975,13:12:12,7.01,--,32,22432,买盘
1976,13:12:09,7.01,--,11,7711,买盘
1977,13:12:06,7.01,0.01,70,49070,买盘
1978,13:12:03,7.0,-0.01,14,9800,卖盘
1979,13:12:00,7.01,--,25,17525,买盘
1980,13:11:57,7.01,--,49,34349,买盘
1981,13:11:54,7.01,--,44,30844,买盘
1982,13:11:51,7.01,--,165,115665,买盘
1983,13:11:48,7.01,--,78,54678,买盘
1984,13:11:45,7.01,--,40,28040,买盘
1985,13:11:42,7.01,--,225,157725,买盘
1986,13:11:39,7.01,--,414,290214,买盘
1987,13:11:36,7.01,-0.01,305,214078,卖盘
1988,13:11:33,7.02,--,5,3510,买盘
1989,13:11:27,7.02,0.01,66,46332,买盘
1990,13:11:24,7.01,--,46,32673,买盘
1991,13:11:21,7.01,0.01,1016,712216,买盘
1992,13:11:18,7.0,-0.01,3115,2180500,卖盘
1993,13:11:15,7.01,--,224,157024,买盘
1994,13:11:12,7.01,--,4,2804,买盘
1995,13:11:09,7.01,--,49,34349,买盘
1996,13:11:06,7.01,--,113,79213,买盘
1997,13:11:03,7.01,--,10,7010,买盘
1998,13:10:57,7.01,--,41,28741,买盘
1999,13:10:54,7.01,0.01,332,232732,买盘
2000,13:10:51,7.0,--,1111,777700,买盘
2001,13:10:48,7.0,--,10002,7001400,买盘
2002,13:10:33,7.0,0.01,129,90300,买盘
2003,13:10:30,6.99,0.01,1161,811539,买盘
2004,13:10:27,6.98,--,13,9074,买盘
2005,13:10:24,6.98,0.01,69,48162,买盘
2006,13:10:21,6.97,-0.02,2,1394,卖盘
2007,13:10:09,6.99,0.02,23,16077,买盘
2008,13:10:06,6.97,-0.02,762,531114,卖盘
2009,13:10:03,6.99,0.01,5032,3517368,买盘
2010,13:10:00,6.98,0.01,4,2792,买盘
2011,13:09:57,6.97,-0.01,10,6970,卖盘
2012,13:09:51,6.98,0.01,1,698,买盘
2013,13:09:48,6.97,--,9,6273,卖盘
2014,13:09:45,6.97,--,17,11849,卖盘
2015,13:09:42,6.97,-0.01,37,25789,卖盘
2016,13:09:36,6.98,0.01,1,698,买盘
2017,13:09:33,6.97,-0.01,3,2091,卖盘
2018,13:09:30,6.98,--,8,5584,买盘
2019,13:09:27,6.98,0.01,74,51652,买盘
2020,13:09:24,6.97,-0.01,293,204221,卖盘
2021,13:09:09,6.98,0.01,1,698,买盘
2022,13:09:06,6.97,-0.01,13,9061,卖盘
2023,13:09:03,6.98,--,43,30014,买盘
2024,13:09:00,6.98,--,112,78176,买盘
2025,13:08:57,6.98,0.01,19,13262,买盘
2026,13:08:54,6.97,-0.01,177,123369,卖盘
2027,13:08:51,6.98,0.01,63,43974,买盘
2028,13:08:48,6.97,-0.01,57,39729,卖盘
2029,13:08:42,6.98,--,1,698,买盘
2030,13:08:39,6.98,--,17,11866,买盘
2031,13:08:33,6.98,--,5,3490,买盘
2032,13:08:30,6.98,--,71,49558,买盘
2033,13:08:27,6.98,0.01,276,192648,买盘
2034,13:08:24,6.97,--,61,42517,买盘
2035,13:08:21,6.97,--,31,21607,买盘
2036,13:08:15,6.97,--,78,54366,买盘
2037,13:08:12,6.97,--,656,457232,卖盘
2038,13:08:09,6.97,-0.01,10,6970,卖盘
2039,13:08:06,6.98,--,4,2792,买盘
2040,13:08:03,6.98,--,31,21638,买盘
2041,13:08:00,6.98,0.01,5,3490,买盘
2042,13:07:57,6.97,--,14,9758,卖盘
2043,13:07:54,6.97,-0.01,2,1394,卖盘
2044,13:07:51,6.98,0.01,3,2094,买盘
2045,13:07:42,6.97,-0.01,7,4879,卖盘
2046,13:07:39,6.98,--,38,26524,买盘
2047,13:07:36,6.98,--,5,3490,买盘
2048,13:07:33,6.98,--,51,35598,买盘
2049,13:07:30,6.98,0.01,21,14658,买盘
2050,13:07:27,6.97,-0.01,40,27880,卖盘
2051,13:07:24,6.98,--,6,4188,买盘
2052,13:07:21,6.98,--,55,38390,买盘
2053,13:07:18,6.98,0.01,2,1396,买盘
2054,13:07:15,6.97,-0.01,16,11152,卖盘
2055,13:07:03,6.98,--,2,1396,买盘
2056,13:07:00,6.98,--,22,15356,买盘
2057,13:06:57,6.98,--,33,23034,买盘
2058,13:06:54,6.98,--,26,18148,买盘
2059,13:06:51,6.98,--,62,43276,买盘
2060,13:06:48,6.98,--,59,41182,买盘
2061,13:06:45,6.98,--,40,27920,买盘
2062,13:06:33,6.98,0.01,3,2094,买盘
2063,13:06:30,6.97,-0.01,4,2788,卖盘
2064,13:06:21,6.98,--,5,3490,买盘
2065,13:06:18,6.98,--,31,21638,买盘
2066,13:06:06,6.98,--,3,2094,买盘
2067,13:06:03,6.98,0.01,29,20242,买盘
2068,13:06:00,6.97,-0.01,12,8364,中性盘
2069,13:05:57,6.98,0.01,41,28618,买盘
2070,13:05:54,6.97,-0.01,3,2091,买盘
2071,13:05:51,6.98,0.02,1,698,买盘
2072,13:05:48,6.96,-0.01,14,9744,卖盘
2073,13:05:45,6.97,--,40,27880,买盘
2074,13:05:42,6.97,-0.01,1,697,中性盘
2075,13:05:39,6.98,0.01,7,4886,买盘
2076,13:05:36,6.97,--,26,18122,买盘
2077,13:05:33,6.97,--,6,4182,买盘
2078,13:05:30,6.97,--,79,55063,买盘
2079,13:05:27,6.97,-0.01,200,139400,卖盘
2080,13:05:24,6.98,--,1,698,买盘
2081,13:05:21,6.98,--,4,2792,买盘
2082,13:05:18,6.98,0.01,31,21638,买盘
2083,13:05:06,6.97,-0.01,2,1394,卖盘
2084,13:05:00,6.98,--,3,2094,买盘
2085,13:04:57,6.98,--,2,1396,买盘
2086,13:04:54,6.98,--,5,3490,买盘
2087,13:04:51,6.98,--,48,33504,买盘
2088,13:04:48,6.98,0.01,57,39786,买盘
2089,13:04:45,6.97,-0.01,10,6970,卖盘
2090,13:04:42,6.98,--,2,1396,买盘
2091,13:04:39,6.98,--,10,6980,买盘
2092,13:04:36,6.98,0.01,25,17450,买盘
2093,13:04:33,6.97,-0.01,228,158916,卖盘
2094,13:04:30,6.98,--,3,2094,买盘
2095,13:04:27,6.98,0.01,22,15356,买盘
2096,13:04:24,6.97,-0.01,200,139400,卖盘
2097,13:04:21,6.98,0.01,36,25128,买盘
2098,13:04:18,6.97,-0.01,323,225131,卖盘
2099,13:04:15,6.98,0.01,36,25128,买盘
2100,13:04:12,6.97,-0.01,40,27880,卖盘
2101,13:04:06,6.98,--,5,3490,买盘
2102,13:04:03,6.98,--,32,22336,买盘
2103,13:04:00,6.98,--,12,8376,买盘
2104,13:03:57,6.98,--,5,3490,买盘
2105,13:03:54,6.98,--,7,4886,买盘
2106,13:03:51,6.98,--,89,62122,买盘
2107,13:03:48,6.98,--,248,173104,买盘
2108,13:03:36,6.98,--,12,8376,买盘
2109,13:03:33,6.98,--,116,80968,买盘
2110,13:03:30,6.98,--,2,1396,买盘
2111,13:03:27,6.98,--,2,1396,买盘
2112,13:03:24,6.98,--,52,36296,买盘
2113,13:03:21,6.98,--,306,213588,买盘
2114,13:03:18,6.98,--,17,11866,买盘
2115,13:03:15,6.98,--,212,147976,买盘
2116,13:03:12,6.98,--,482,336436,卖盘
2117,13:03:09,6.98,-0.01,158,110284,卖盘
2118,13:03:06,6.99,0.01,12,8388,买盘
2119,13:03:03,6.98,-0.01,1,698,卖盘
2120,13:03:00,6.99,--,3,2097,买盘
2121,13:02:57,6.99,--,4,2796,买盘
2122,13:02:54,6.99,0.01,22,15378,买盘
2123,13:02:51,6.98,-0.01,39,27222,卖盘
2124,13:02:48,6.99,--,6,4194,买盘
2125,13:02:45,6.99,--,56,39144,买盘
2126,13:02:42,6.99,0.01,6,4194,买盘
2127,13:02:39,6.98,-0.01,5,3490,卖盘
2128,13:02:36,6.99,0.01,30,20970,买盘
2129,13:02:33,6.98,-0.01,31,21638,卖盘
2130,13:02:30,6.99,--,102,71298,买盘
2131,13:02:24,6.99,0.01,1,699,买盘
2132,13:02:21,6.98,-0.01,2,1396,卖盘
2133,13:02:18,6.99,0.01,3,2097,买盘
2134,13:02:15,6.98,-0.01,34,23732,卖盘
2135,13:02:12,6.99,--,4,2796,买盘
2136,13:02:09,6.99,--,32,22368,买盘
2137,13:02:06,6.99,--,10,6990,买盘
2138,13:02:03,6.99,--,3,2097,买盘
2139,13:02:00,6.99,0.01,33,23067,买盘
2140,13:01:57,6.98,--,19,13262,卖盘
2141,13:01:54,6.98,-0.01,16,11168,卖盘
2142,13:01:48,6.99,0.01,8,5592,买盘
2143,13:01:45,6.98,-0.01,80,55840,卖盘
2144,13:01:42,6.99,--,148,103452,买盘
2145,13:01:33,6.99,--,1,699,买盘
2146,13:01:30,6.99,--,4,2796,买盘
2147,13:01:27,6.99,--,15,10485,买盘
2148,13:01:24,6.99,--,1,699,买盘
2149,13:01:18,6.99,0.01,22,15378,买盘
2150,13:01:15,6.98,-0.01,204,142392,卖盘
2151,13:01:12,6.99,--,40,27960,买盘
2152,13:01:09,6.99,--,5,3495,买盘
2153,13:01:06,6.99,--,41,28659,买盘
2154,13:01:03,6.99,--,6,4194,买盘
2155,13:01:00,6.99,--,3,2097,买盘
2156,13:00:51,6.99,--,3,2097,买盘
2157,13:00:48,6.99,--,37,25863,买盘
2158,13:00:45,6.99,0.01,57,39843,买盘
2159,13:00:42,6.98,-0.01,2,1396,卖盘
2160,13:00:39,6.99,0.01,11,7689,买盘
2161,13:00:36,6.98,-0.01,10,6980,卖盘
2162,13:00:30,6.99,0.01,5,3495,买盘
2163,13:00:27,6.98,-0.01,21,14658,卖盘
2164,13:00:24,6.99,--,2,1398,买盘
2165,13:00:15,6.99,--,3,2097,买盘
2166,13:00:12,6.99,0.01,19,13281,买盘
2167,13:00:09,6.98,0.01,46,32108,卖盘
2168,13:00:06,6.97,-0.01,411,286467,卖盘
2169,13:00:03,6.98,--,3216,2244768,买盘
2170,13:00:00,6.98,--,0,0,买盘
2171,11:30:00,6.98,--,8,5584,买盘
2172,11:29:57,6.98,--,33,23034,买盘
2173,11:29:54,6.98,--,302,210796,买盘
2174,11:29:51,6.98,--,4,2792,买盘
2175,11:29:48,6.98,0.01,20,13960,买盘
2176,11:29:45,6.97,-0.01,27,18819,卖盘
2177,11:29:42,6.98,--,44,30712,买盘
2178,11:29:39,6.98,--,32,22336,买盘
2179,11:29:36,6.98,0.01,1,698,买盘
2180,11:29:33,6.97,-0.01,6,4182,卖盘
2181,11:29:27,6.98,--,1,698,买盘
2182,11:29:24,6.98,--,9,6282,买盘
2183,11:29:21,6.98,--,3,2094,买盘
2184,11:29:18,6.98,--,3,2094,买盘
2185,11:29:06,6.98,--,4,2792,买盘
2186,11:29:03,6.98,--,31,21638,买盘
2187,11:28:57,6.98,--,34,23732,买盘
2188,11:28:54,6.98,-0.01,317,221266,卖盘
2189,11:28:51,6.99,--,52,36348,买盘
2190,11:28:45,6.99,--,9,6291,买盘
2191,11:28:42,6.99,0.01,59,41241,买盘
2192,11:28:39,6.98,-0.01,15,10470,卖盘
2193,11:28:36,6.99,--,45,31455,买盘
2194,11:28:33,6.99,--,68,47532,买盘
2195,11:28:30,6.99,--,615,429885,买盘
2196,11:28:27,6.99,--,14,9786,买盘
2197,11:28:24,6.99,--,122,85278,买盘
2198,11:28:21,6.99,--,28,19572,买盘
2199,11:28:18,6.99,0.01,13,9087,买盘
2200,11:28:15,6.98,-0.01,2,1396,卖盘
2201,11:28:12,6.99,0.01,10,6990,买盘
2202,11:28:09,6.98,-0.01,30,20940,卖盘
2203,11:28:06,6.99,--,2,1398,买盘
2204,11:28:03,6.99,--,19,13281,买盘
2205,11:28:00,6.99,--,31,21669,买盘
2206,11:27:57,6.99,--,1,699,买盘
2207,11:27:54,6.99,--,10,6990,买盘
2208,11:27:51,6.99,0.01,56,39144,买盘
2209,11:27:48,6.98,--,6,4188,卖盘
2210,11:27:45,6.98,-0.01,45,31410,卖盘
2211,11:27:42,6.99,--,4,2796,买盘
2212,11:27:39,6.99,0.01,31,21669,买盘
2213,11:27:36,6.98,-0.01,5,3490,卖盘
2214,11:27:33,6.99,--,21,14679,买盘
2215,11:27:24,6.99,--,2,1398,买盘
2216,11:27:21,6.99,--,4,2796,买盘
2217,11:27:18,6.99,--,20,13980,买盘
2218,11:27:15,6.99,--,100,69900,买盘
2219,11:27:03,6.99,--,14,9786,买盘
2220,11:27:00,6.99,--,131,91569,买盘
2221,11:26:57,6.99,--,4,2796,买盘
2222,11:26:54,6.99,--,36,25164,买盘
2223,11:26:51,6.99,--,3,2097,买盘
2224,11:26:48,6.99,--,4,2796,买盘
2225,11:26:45,6.99,--,13,9087,买盘
2226,11:26:42,6.99,--,7,4893,买盘
2227,11:26:39,6.99,--,67,46833,买盘
2228,11:26:36,6.99,--,31,21669,买盘
2229,11:26:33,6.99,--,12,8388,买盘
2230,11:26:30,6.99,--,109,76191,买盘
2231,11:26:27,6.99,--,19,13281,买盘
2232,11:26:24,6.99,--,16,11184,买盘
2233,11:26:21,6.99,--,3,2097,买盘
2234,11:26:12,6.99,--,1,699,买盘
2235,11:26:09,6.99,--,7,4893,买盘
2236,11:26:06,6.99,--,4,2796,买盘
2237,11:26:03,6.99,--,41,28659,买盘
2238,11:26:00,6.99,--,33,23067,买盘
2239,11:25:54,6.99,0.01,23,16077,买盘
2240,11:25:51,6.98,-0.01,207,144486,卖盘
2241,11:25:48,6.99,--,258,180342,买盘
2242,11:25:45,6.99,0.01,2322,1623078,买盘
2243,11:25:42,6.98,-0.01,76,53048,卖盘
2244,11:25:39,6.99,--,3,2097,买盘
2245,11:25:36,6.99,0.01,33,23067,买盘
2246,11:25:33,6.98,-0.01,10,6980,卖盘
2247,11:25:24,6.99,0.01,16,11184,买盘
2248,11:25:21,6.98,-0.01,144,100512,卖盘
2249,11:25:15,6.99,0.01,9,6291,买盘
2250,11:25:12,6.98,--,16,11168,卖盘
2251,11:25:06,6.98,-0.01,3,2094,卖盘
2252,11:25:03,6.99,--,4,2796,买盘
2253,11:25:00,6.99,0.01,32,22368,买盘
2254,11:24:57,6.98,-0.01,12,8376,卖盘
2255,11:24:54,6.99,--,1,699,买盘
2256,11:24:51,6.99,--,3,2097,买盘
2257,11:24:48,6.99,0.01,3,2097,买盘
2258,11:24:45,6.98,-0.01,32,22336,中性盘
2259,11:24:42,6.99,0.01,53,37047,买盘
2260,11:24:39,6.98,--,24,16752,买盘
2261,11:24:36,6.98,--,22,15356,买盘
2262,11:24:33,6.98,--,3,2094,买盘
2263,11:24:30,6.98,--,35,24430,买盘
2264,11:24:27,6.98,0.01,77,53746,买盘
2265,11:24:24,6.97,-0.01,452,315044,卖盘
2266,11:24:21,6.98,-0.01,230,160540,卖盘
2267,11:24:18,6.99,--,6,4194,买盘
2268,11:24:15,6.99,0.01,79,55221,买盘
2269,11:24:12,6.98,--,196,136808,买盘
2270,11:24:06,6.98,0.01,2,1396,买盘
2271,11:24:03,6.97,--,16,11152,卖盘
2272,11:24:00,6.97,-0.01,3,2091,卖盘
2273,11:23:57,6.98,--,3,2094,买盘
2274,11:23:54,6.98,--,34,23732,买盘
2275,11:23:51,6.98,0.01,25,17450,买盘
2276,11:23:48,6.97,--,21,14637,卖盘
2277,11:23:45,6.97,-0.01,172,119884,卖盘
2278,11:23:42,6.98,--,1,698,买盘
2279,11:23:39,6.98,--,5,3490,买盘
2280,11:23:36,6.98,--,33,23034,卖盘
2281,11:23:33,6.98,--,7,4886,卖盘
2282,11:23:30,6.98,--,4,2792,卖盘
2283,11:23:27,6.98,--,19,13262,卖盘
2284,11:23:24,6.98,--,34,23732,卖盘
2285,11:23:21,6.98,-0.01,17,11866,卖盘
2286,11:23:18,6.99,0.01,60,41940,买盘
2287,11:23:15,6.98,--,119,83062,买盘
2288,11:22:57,6.98,--,5,3490,买盘
2289,11:22:54,6.98,--,33,23034,买盘
2290,11:22:51,6.98,--,19,13262,买盘
2291,11:22:45,6.98,--,4,2792,买盘
2292,11:22:42,6.98,--,1,698,买盘
2293,11:22:39,6.98,--,7,4886,买盘
2294,11:22:36,6.98,--,9,6282,买盘
2295,11:22:33,6.98,0.01,212,147976,买盘
2296,11:22:30,6.97,-0.01,1232,858704,卖盘
2297,11:22:27,6.98,--,18,12564,买盘
2298,11:22:24,6.98,--,37,25826,买盘
2299,11:22:21,6.98,--,52,36296,买盘
2300,11:22:15,6.98,--,15,10470,买盘
2301,11:22:12,6.98,--,137,95626,买盘
2302,11:22:09,6.98,0.01,7,4886,买盘
2303,11:22:06,6.97,-0.01,6,4182,卖盘
2304,11:22:03,6.98,--,45,31410,买盘
2305,11:22:00,6.98,--,124,86552,买盘
2306,11:21:57,6.98,--,216,150768,买盘
2307,11:21:54,6.98,--,42,29316,买盘
2308,11:21:51,6.98,--,39,27222,买盘
2309,11:21:48,6.98,0.01,60,41880,买盘
2310,11:21:45,6.97,-0.01,91,63427,卖盘
2311,11:21:42,6.98,--,9,6282,买盘
2312,11:21:39,6.98,--,4,2792,买盘
2313,11:21:36,6.98,--,30,20940,卖盘
2314,11:21:33,6.98,--,11,7678,卖盘
2315,11:21:30,6.98,--,16,11168,买盘
2316,11:21:27,6.98,--,1,698,买盘
2317,11:21:24,6.98,--,4,2792,买盘
2318,11:21:21,6.98,--,19,13262,买盘
2319,11:21:18,6.98,--,48,33504,买盘
2320,11:21:15,6.98,--,7,4886,买盘
2321,11:21:12,6.98,--,8,5584,买盘
2322,11:21:09,6.98,--,139,97022,买盘
2323,11:21:06,6.98,-0.01,680,474919,卖盘
2324,11:20:57,6.99,0.01,1,699,买盘
2325,11:20:54,6.98,-0.01,14,9772,卖盘
2326,11:20:51,6.99,--,36,25164,买盘
2327,11:20:48,6.99,--,61,42639,买盘
2328,11:20:45,6.99,--,547,382353,买盘
2329,11:20:42,6.99,0.01,14,9786,买盘
2330,11:20:39,6.98,-0.01,40,27920,卖盘
2331,11:20:36,6.99,--,13,9087,买盘
2332,11:20:33,6.99,--,111,77589,买盘
2333,11:20:30,6.99,--,1,699,买盘
2334,11:20:27,6.99,0.01,18,12582,买盘
2335,11:20:24,6.98,-0.01,26,18148,卖盘
2336,11:20:21,6.99,0.01,7,4893,买盘
2337,11:20:18,6.98,-0.01,26,18148,卖盘
2338,11:20:15,6.99,0.01,40,27960,买盘
2339,11:20:12,6.98,--,18,12564,卖盘
2340,11:20:09,6.98,--,25,17450,卖盘
2341,11:20:06,6.98,-0.01,2,1396,卖盘
2342,11:20:03,6.99,--,6,4194,买盘
2343,11:20:00,6.99,--,26,18174,买盘
2344,11:19:57,6.99,--,230,160770,买盘
2345,11:19:54,6.99,--,1,699,买盘
2346,11:19:51,6.99,--,6,4194,买盘
2347,11:19:48,6.99,--,32,22368,买盘
2348,11:19:45,6.99,0.01,9,6291,买盘
2349,11:19:42,6.98,--,15,10470,卖盘
2350,11:19:39,6.98,-0.01,2,1396,卖盘
2351,11:19:27,6.99,--,5,3495,买盘
2352,11:19:24,6.99,--,45,31455,买盘
2353,11:19:21,6.99,--,3,2097,买盘
2354,11:19:18,6.99,--,4,2796,买盘
2355,11:19:15,6.99,0.01,80,55920,买盘
2356,11:19:12,6.98,-0.01,373,260354,卖盘
2357,11:19:09,6.99,--,4,2796,买盘
2358,11:19:06,6.99,0.01,50,34950,买盘
2359,11:19:03,6.98,-0.01,89,62122,卖盘
2360,11:19:00,6.99,0.01,73,51027,买盘
2361,11:18:57,6.98,-0.01,11,7678,卖盘
2362,11:18:54,6.99,--,6,4194,买盘
2363,11:18:51,6.99,--,26,18174,买盘
2364,11:18:48,6.99,--,24,16776,买盘
2365,11:18:45,6.99,--,11,7689,买盘
2366,11:18:42,6.99,--,31,21669,买盘
2367,11:18:33,6.99,0.01,15,10485,买盘
2368,11:18:30,6.98,-0.01,128,89344,卖盘
2369,11:18:27,6.99,--,12,8388,买盘
2370,11:18:24,6.99,--,48,33552,买盘
2371,11:18:21,6.99,0.01,31,21669,买盘
2372,11:18:18,6.98,-0.01,11,7678,卖盘
2373,11:18:15,6.99,--,20,13980,买盘
2374,11:18:12,6.99,--,31,21669,买盘
2375,11:18:09,6.99,0.01,3,2097,买盘
2376,11:18:06,6.98,-0.01,28,19544,卖盘
2377,11:18:03,6.99,--,17,11883,买盘
2378,11:18:00,6.99,0.01,23,16077,买盘
2379,11:17:57,6.98,-0.01,60,41880,卖盘
2380,11:17:51,6.99,--,4,2796,买盘
2381,11:17:48,6.99,--,14,9786,买盘
2382,11:17:45,6.99,--,54,37746,买盘
2383,11:17:42,6.99,0.01,3,2097,买盘
2384,11:17:39,6.98,-0.01,25,17450,卖盘
2385,11:17:36,6.99,0.01,8,5592,买盘
2386,11:17:33,6.98,-0.01,54,37692,卖盘
2387,11:17:30,6.99,--,31,21669,买盘
2388,11:17:24,6.99,--,7,4893,买盘
2389,11:17:21,6.99,--,64,44736,买盘
2390,11:17:18,6.99,0.01,112,78288,买盘
2391,11:17:15,6.98,-0.01,965,673570,卖盘
2392,11:17:12,6.99,--,146,102054,买盘
2393,11:17:09,6.99,--,11,7689,买盘
2394,11:17:06,6.99,--,109,76191,买盘
2395,11:17:03,6.99,--,82,57318,买盘
2396,11:16:51,6.99,--,9,6291,买盘
2397,11:16:48,6.99,--,53,37047,买盘
2398,11:16:45,6.99,--,8,5592,买盘
2399,11:16:42,6.99,--,72,50328,买盘
2400,11:16:39,6.99,--,20,13980,买盘
2401,11:16:36,6.99,0.01,9,6291,买盘
2402,11:16:33,6.98,--,85,59330,卖盘
2403,11:16:30,6.98,-0.01,53,37412,卖盘
2404,11:16:27,6.99,--,88,61512,买盘
2405,11:16:24,6.99,--,6,4194,买盘
2406,11:16:21,6.99,--,59,41241,买盘
2407,11:16:18,6.99,0.01,1,699,买盘
2408,11:16:15,6.98,-0.01,7,4886,卖盘
2409,11:16:09,6.99,--,3,2097,买盘
2410,11:16:06,6.99,--,31,21669,买盘
2411,11:16:03,6.99,0.01,79,55221,买盘
2412,11:16:00,6.98,--,698,487204,买盘
2413,11:15:57,6.98,--,224,156352,买盘
2414,11:15:54,6.98,--,2010,1402980,买盘
2415,11:15:51,6.98,--,28,19544,买盘
2416,11:15:48,6.98,--,15,10470,买盘
2417,11:15:42,6.98,--,1,698,买盘
2418,11:15:27,6.98,--,4,2792,买盘
2419,11:15:24,6.98,--,98,68404,买盘
2420,11:15:21,6.98,--,523,365054,买盘
2421,11:15:18,6.98,--,10,6980,买盘
2422,11:15:15,6.98,--,90,62820,买盘
2423,11:15:12,6.98,0.01,2,1396,买盘
2424,11:15:09,6.97,-0.01,24,16728,卖盘
2425,11:15:06,6.98,--,41,28618,买盘
2426,11:14:57,6.98,--,5,3490,买盘
2427,11:14:54,6.98,--,55,38390,买盘
2428,11:14:51,6.98,--,79,55142,买盘
2429,11:14:48,6.98,--,7,4886,买盘
2430,11:14:45,6.98,--,1,698,买盘
2431,11:14:42,6.98,--,17,11866,卖盘
2432,11:14:39,6.98,-0.01,31,21638,卖盘
2433,11:14:36,6.99,0.01,47,32853,买盘
2434,11:14:33,6.98,-0.01,32,22336,卖盘
2435,11:14:30,6.99,--,22,15378,买盘
2436,11:14:27,6.99,--,17,11883,买盘
2437,11:14:24,6.99,--,74,51726,买盘
2438,11:14:21,6.99,0.01,93,65007,买盘
2439,11:14:15,6.98,-0.01,1,698,卖盘
2440,11:14:09,6.99,--,5,3495,买盘
2441,11:14:06,6.99,0.01,46,32154,买盘
2442,11:14:03,6.98,-0.01,142,99116,中性盘
2443,11:13:54,6.99,0.01,157,109743,买盘
2444,11:13:51,6.98,--,1410,984180,买盘
2445,11:13:48,6.98,--,15,10470,买盘
2446,11:13:45,6.98,--,136,94928,买盘
2447,11:13:42,6.98,--,10,6980,买盘
2448,11:13:39,6.98,0.01,4,2792,买盘
2449,11:13:36,6.97,-0.01,30,20910,卖盘
2450,11:13:30,6.98,--,1,698,买盘
2451,11:13:27,6.98,--,13,9074,买盘
2452,11:13:24,6.98,--,42,29316,买盘
2453,11:13:21,6.98,--,14,9772,买盘
2454,11:13:18,6.98,--,31,21638,买盘
2455,11:13:15,6.98,--,55,38390,买盘
2456,11:13:12,6.98,--,500,349000,买盘
2457,11:13:09,6.98,--,4,2792,买盘
2458,11:13:06,6.98,--,33,23034,买盘
2459,11:13:03,6.98,--,33,23034,买盘
2460,11:13:00,6.98,--,22,15356,买盘
2461,11:12:57,6.98,--,3,2094,买盘
2462,11:12:54,6.98,--,22,15356,买盘
2463,11:12:51,6.98,--,4,2792,买盘
2464,11:12:45,6.98,0.01,11,7678,买盘
2465,11:12:42,6.97,-0.01,100,69700,卖盘
2466,11:12:33,6.98,--,2,1396,买盘
2467,11:12:30,6.98,0.01,23,16054,买盘
2468,11:12:27,6.97,-0.01,100,69700,卖盘
2469,11:12:24,6.98,--,7,4886,买盘
2470,11:12:21,6.98,0.01,76,53048,买盘
2471,11:12:18,6.97,-0.01,221,154037,卖盘
2472,11:12:15,6.98,--,1089,760122,买盘
2473,11:12:12,6.98,--,49,34202,买盘
2474,11:12:09,6.98,0.01,15,10470,买盘
2475,11:12:00,6.97,-0.01,9,6273,卖盘
2476,11:11:57,6.98,--,33,23034,买盘
2477,11:11:54,6.98,--,11,7678,买盘
2478,11:11:51,6.98,0.01,10,6980,买盘
2479,11:11:48,6.97,-0.01,2,1394,卖盘
2480,11:11:45,6.98,0.01,12,8376,买盘
2481,11:11:42,6.97,-0.01,110,76670,卖盘
2482,11:11:39,6.98,0.01,2,1396,买盘
2483,11:11:36,6.97,--,126,87822,卖盘
2484,11:11:33,6.97,-0.01,1002,698394,卖盘
2485,11:11:27,6.98,--,3,2094,买盘
2486,11:11:24,6.98,--,20,13960,买盘
2487,11:11:21,6.98,0.01,28,19544,买盘
2488,11:11:18,6.97,-0.01,3,2091,卖盘
2489,11:11:15,6.98,--,3,2094,买盘
2490,11:11:12,6.98,--,37,25826,买盘
2491,11:11:09,6.98,--,55,38390,买盘
2492,11:11:06,6.98,--,2,1396,买盘
2493,11:11:03,6.98,--,13,9074,买盘
2494,11:11:00,6.98,--,8,5584,买盘
2495,11:10:57,6.98,--,72,50256,买盘
2496,11:10:54,6.98,--,8,5584,买盘
2497,11:10:51,6.98,--,2,1396,买盘
2498,11:10:48,6.98,--,5,3490,买盘
2499,11:10:45,6.98,0.01,61,42578,买盘
2500,11:10:42,6.97,-0.01,100,69700,卖盘
2501,11:10:39,6.98,0.01,1,698,买盘
2502,11:10:36,6.97,-0.01,7,4879,卖盘
2503,11:10:33,6.98,--,20,13960,买盘
2504,11:10:30,6.98,--,1,698,买盘
2505,11:10:27,6.98,--,7,4886,买盘
2506,11:10:24,6.98,--,7,4886,买盘
2507,11:10:21,6.98,--,9,6282,买盘
2508,11:10:18,6.98,--,59,41182,买盘
2509,11:10:15,6.98,--,12,8376,买盘
2510,11:10:12,6.98,--,323,225454,买盘
2511,11:10:09,6.98,--,2003,1398094,买盘
2512,11:10:06,6.98,--,36,25128,买盘
2513,11:10:03,6.98,--,85,59330,买盘
2514,11:10:00,6.98,--,324,226152,买盘
2515,11:09:57,6.98,--,32,22336,买盘
2516,11:09:54,6.98,--,7,4886,买盘
2517,11:09:51,6.98,--,5,3490,买盘
2518,11:09:48,6.98,--,9,6282,买盘
2519,11:09:45,6.98,0.01,61,42578,买盘
2520,11:09:42,6.97,-0.01,178,124066,卖盘
2521,11:09:39,6.98,--,20,13960,买盘
2522,11:09:33,6.98,0.01,1,698,买盘
2523,11:09:30,6.97,-0.01,14,9758,卖盘
2524,11:09:27,6.98,--,11,7678,买盘
2525,11:09:24,6.98,--,48,33504,买盘
2526,11:09:21,6.98,--,3,2094,买盘
2527,11:09:12,6.98,--,3,2094,买盘
2528,11:09:09,6.98,0.01,51,35598,买盘
2529,11:09:06,6.97,--,208,144976,买盘
2530,11:08:57,6.97,--,8,5576,买盘
2531,11:08:54,6.97,--,34,23698,买盘
2532,11:08:51,6.97,--,2,1394,买盘
2533,11:08:45,6.97,--,14,9758,买盘
2534,11:08:42,6.97,--,57,39729,卖盘
2535,11:08:36,6.97,0.01,2,1394,中性盘
2536,11:08:27,6.96,-0.02,1,696,卖盘
2537,11:08:21,6.98,0.01,52,36296,买盘
2538,11:08:18,6.97,--,56,39032,买盘
2539,11:08:12,6.97,-0.01,232,161704,卖盘
2540,11:08:09,6.98,--,31,21638,买盘
2541,11:08:06,6.98,0.01,2,1396,买盘
2542,11:07:57,6.97,-0.01,5,3485,卖盘
2543,11:07:54,6.98,--,38,26524,买盘
2544,11:07:51,6.98,--,53,36994,买盘
2545,11:07:45,6.98,0.01,14,9772,买盘
2546,11:07:27,6.97,--,22,15334,卖盘
2547,11:07:24,6.97,-0.01,10,6970,卖盘
2548,11:07:21,6.98,0.01,3,2094,买盘
2549,11:07:12,6.97,--,160,111520,买盘
2550,11:07:09,6.97,0.01,5,3485,买盘
2551,11:07:06,6.96,--,43,29928,卖盘
2552,11:07:03,6.96,-0.01,42,29232,卖盘
2553,11:07:00,6.97,0.01,42,29274,买盘
2554,11:06:57,6.96,--,93,64728,卖盘
2555,11:06:54,6.96,-0.01,48,33408,卖盘
2556,11:06:51,6.97,--,119,82943,买盘
2557,11:06:48,6.97,0.01,25,17425,买盘
2558,11:06:45,6.96,--,57,39672,卖盘
2559,11:06:42,6.96,--,42,29232,卖盘
2560,11:06:39,6.96,--,371,258216,卖盘
2561,11:06:36,6.96,--,43,29928,卖盘
2562,11:06:33,6.96,--,43,29928,卖盘
2563,11:06:30,6.96,--,48,33408,卖盘
2564,11:06:27,6.96,--,51,35496,卖盘
2565,11:06:24,6.96,-0.01,237,164952,卖盘
2566,11:06:21,6.97,0.01,3,2091,买盘
2567,11:06:18,6.96,--,43,29928,卖盘
2568,11:06:15,6.96,--,73,50808,卖盘
2569,11:06:12,6.96,--,219,152424,卖盘
2570,11:06:09,6.96,--,47,32712,卖盘
2571,11:06:06,6.96,--,43,29928,卖盘
2572,11:06:03,6.96,--,45,31320,卖盘
2573,11:06:00,6.96,--,73,50808,卖盘
2574,11:05:57,6.96,--,50,34800,卖盘
2575,11:05:54,6.96,--,62,43152,卖盘
2576,11:05:51,6.96,--,201,139896,卖盘
2577,11:05:48,6.96,--,43,29928,卖盘
2578,11:05:45,6.96,--,163,113448,卖盘
2579,11:05:42,6.96,--,43,29928,卖盘
2580,11:05:39,6.96,--,184,128064,卖盘
2581,11:05:36,6.96,--,87,60552,卖盘
2582,11:05:33,6.96,--,43,29928,卖盘
2583,11:05:30,6.96,--,43,29928,卖盘
2584,11:05:27,6.96,--,52,36192,卖盘
2585,11:05:24,6.96,--,59,41064,卖盘
2586,11:05:21,6.96,--,46,32016,卖盘
2587,11:05:18,6.96,--,42,29232,卖盘
2588,11:05:15,6.96,--,43,29928,卖盘
2589,11:05:12,6.96,--,248,172608,卖盘
2590,11:05:09,6.96,--,43,29928,卖盘
2591,11:05:06,6.96,--,77,53592,买盘
2592,11:05:03,6.96,--,38,26448,卖盘
2593,11:05:00,6.96,--,94,65424,卖盘
2594,11:04:57,6.96,--,50,34800,卖盘
2595,11:04:54,6.96,0.01,2031,1413576,买盘
2596,11:04:51,6.95,--,51,35445,卖盘
2597,11:04:48,6.95,-0.01,71,49345,卖盘
2598,11:04:45,6.96,0.01,200,139200,买盘
2599,11:04:42,6.95,--,104,72280,卖盘
2600,11:04:39,6.95,--,115,79925,卖盘
2601,11:04:36,6.95,-0.01,1230,854850,卖盘
2602,11:04:33,6.96,-0.01,2702,1880592,卖盘
2603,11:04:30,6.97,0.01,54,37638,买盘
2604,11:04:27,6.96,-0.01,49,34104,卖盘
2605,11:04:24,6.97,--,55,38335,买盘
2606,11:04:21,6.97,0.01,113,78761,买盘
2607,11:04:18,6.96,--,238,165648,卖盘
2608,11:04:15,6.96,--,58,40368,卖盘
2609,11:04:12,6.96,--,136,94656,卖盘
2610,11:04:09,6.96,--,61,42456,卖盘
2611,11:04:06,6.96,--,187,130152,卖盘
2612,11:04:03,6.96,-0.01,1171,815016,卖盘
2613,11:04:00,6.97,0.01,64,44608,买盘
2614,11:03:57,6.96,--,64,44544,卖盘
2615,11:03:54,6.96,--,187,130152,卖盘
2616,11:03:51,6.96,--,54,37584,卖盘
2617,11:03:48,6.96,--,84,58464,卖盘
2618,11:03:45,6.96,--,92,64032,卖盘
2619,11:03:42,6.96,--,49,34104,卖盘
2620,11:03:39,6.96,--,52,36192,卖盘
2621,11:03:36,6.96,-0.01,51,35496,卖盘
2622,11:03:33,6.97,--,69,48093,买盘
2623,11:03:30,6.97,0.01,72,50184,买盘
2624,11:03:27,6.96,--,51,35496,卖盘
2625,11:03:24,6.96,-0.01,69,48024,卖盘
2626,11:03:21,6.97,0.01,70,48790,买盘
2627,11:03:18,6.96,--,232,161472,卖盘
2628,11:03:15,6.96,-0.01,86,59856,卖盘
2629,11:03:12,6.97,--,2,1394,买盘
2630,11:03:09,6.97,0.01,59,41123,买盘
2631,11:03:06,6.96,-0.01,451,313896,卖盘
2632,11:03:03,6.97,--,41,28577,买盘
2633,11:03:00,6.97,0.01,369,257193,买盘
2634,11:02:57,6.96,-0.01,44,30624,卖盘
2635,11:02:54,6.97,--,7,4879,买盘
2636,11:02:51,6.97,0.01,69,48093,买盘
2637,11:02:48,6.96,-0.01,49,34104,卖盘
2638,11:02:45,6.97,0.01,39,27183,买盘
2639,11:02:42,6.96,-0.01,28,19488,卖盘
2640,11:02:39,6.97,--,24,16728,买盘
2641,11:02:36,6.97,--,28,19516,买盘
2642,11:02:33,6.97,--,65,45305,买盘
2643,11:02:30,6.97,--,31,21607,买盘
2644,11:02:27,6.97,--,23,16031,买盘
2645,11:02:24,6.97,--,25,17425,买盘
2646,11:02:21,6.97,--,28,19516,买盘
2647,11:02:18,6.97,0.01,44,30668,买盘
2648,11:02:15,6.96,-0.01,99,68904,卖盘
2649,11:02:12,6.97,--,231,161007,买盘
2650,11:02:09,6.97,--,80,55760,买盘
2651,11:02:06,6.97,--,34,23698,买盘
2652,11:02:03,6.97,0.01,125,87125,买盘
2653,11:02:00,6.96,-0.01,45,31320,卖盘
2654,11:01:57,6.97,--,121,84337,买盘
2655,11:01:54,6.97,0.01,54,37638,买盘
2656,11:01:51,6.96,-0.01,146,101616,卖盘
2657,11:01:48,6.97,--,51,35547,买盘
2658,11:01:45,6.97,0.01,50,34850,买盘
2659,11:01:42,6.96,-0.01,131,91176,卖盘
2660,11:01:39,6.97,0.01,78,54366,买盘
2661,11:01:36,6.96,--,44,30624,卖盘
2662,11:01:33,6.96,-0.01,87,60552,卖盘
2663,11:01:30,6.97,0.01,73,50881,买盘
2664,11:01:27,6.96,--,127,88392,卖盘
2665,11:01:24,6.96,-0.01,61,42456,卖盘
2666,11:01:21,6.97,0.01,29,20213,买盘
2667,11:01:18,6.96,-0.01,44,30624,卖盘
2668,11:01:15,6.97,--,53,36941,买盘
2669,11:01:12,6.97,--,289,201433,买盘
2670,11:01:09,6.97,--,25,17425,买盘
2671,11:01:06,6.97,0.01,37,25789,买盘
2672,11:01:03,6.96,-0.01,150,104400,卖盘
2673,11:01:00,6.97,--,192,133824,买盘
2674,11:00:54,6.97,0.01,3,2091,买盘
2675,11:00:51,6.96,-0.01,28,19488,卖盘
2676,11:00:48,6.97,--,64,44608,买盘
2677,11:00:45,6.97,--,14,9758,买盘
2678,11:00:42,6.97,0.01,68,47396,买盘
2679,11:00:39,6.96,-0.01,610,424560,卖盘
2680,11:00:36,6.97,--,18,12546,买盘
2681,11:00:33,6.97,0.01,126,87822,买盘
2682,11:00:30,6.96,-0.01,18,12528,卖盘
2683,11:00:27,6.97,0.01,19,13243,买盘
2684,11:00:24,6.96,--,55,38280,卖盘
2685,11:00:21,6.96,-0.01,54,37584,卖盘
2686,11:00:18,6.97,0.01,6,4182,买盘
2687,11:00:15,6.96,--,47,32712,卖盘
2688,11:00:12,6.96,-0.01,3,2088,卖盘
2689,11:00:09,6.97,--,6,4182,买盘
2690,11:00:06,6.97,0.01,90,62730,买盘
2691,11:00:03,6.96,-0.01,323,224808,卖盘
2692,11:00:00,6.97,0.01,163,113611,买盘
2693,10:59:57,6.96,--,29,20184,卖盘
2694,10:59:54,6.96,-0.01,11,7656,卖盘
2695,10:59:51,6.97,--,153,106641,买盘
2696,10:59:48,6.97,--,1300,906100,卖盘
2697,10:59:45,6.97,-0.01,47,32759,卖盘
2698,10:59:42,6.98,0.01,7,4886,买盘
2699,10:59:39,6.97,-0.01,67,46699,卖盘
2700,10:59:36,6.98,0.01,21,14658,买盘
2701,10:59:33,6.97,-0.01,67,46699,卖盘
2702,10:59:30,6.98,0.01,204,142392,买盘
2703,10:59:27,6.97,-0.01,65,45305,卖盘
2704,10:59:21,6.98,0.01,7,4886,买盘
2705,10:59:18,6.97,-0.01,46,32062,卖盘
2706,10:59:15,6.98,0.01,64,44672,买盘
2707,10:59:12,6.97,-0.01,193,134521,卖盘
2708,10:59:09,6.98,0.01,42,29316,买盘
2709,10:59:06,6.97,-0.01,6,4182,卖盘
2710,10:59:00,6.98,--,9,6282,买盘
2711,10:58:57,6.98,0.01,92,64216,买盘
2712,10:58:54,6.97,-0.01,49,34153,卖盘
2713,10:58:51,6.98,--,53,36994,买盘
2714,10:58:48,6.98,0.01,2,1396,买盘
2715,10:58:45,6.97,-0.01,4,2788,卖盘
2716,10:58:42,6.98,0.01,2,1396,买盘
2717,10:58:39,6.97,--,18,12546,卖盘
2718,10:58:36,6.97,-0.01,59,41123,卖盘
2719,10:58:33,6.98,--,18,12564,买盘
2720,10:58:30,6.98,--,167,116566,买盘
2721,10:58:21,6.98,--,6,4188,买盘
2722,10:58:18,6.98,--,27,18846,买盘
2723,10:58:15,6.98,--,11,7678,买盘
2724,10:58:12,6.98,0.01,19,13262,买盘
2725,10:58:09,6.97,-0.01,102,71094,卖盘
2726,10:58:06,6.98,--,18,12564,买盘
2727,10:58:03,6.98,--,12,8376,买盘
2728,10:58:00,6.98,--,101,70498,买盘
2729,10:57:57,6.98,--,10,6980,买盘
2730,10:57:51,6.98,--,3,2094,买盘
2731,10:57:45,6.98,--,32,22336,买盘
2732,10:57:42,6.98,--,305,212890,卖盘
2733,10:57:39,6.98,-0.01,165,115170,卖盘
2734,10:57:36,6.99,0.01,138,96462,买盘
2735,10:57:33,6.98,--,342,238716,买盘
2736,10:57:30,6.98,--,138,96324,买盘
2737,10:57:27,6.98,-0.01,751,524198,卖盘
2738,10:57:21,6.99,--,14,9786,买盘
2739,10:57:18,6.99,0.01,102,71298,买盘
2740,10:57:15,6.98,-0.01,10,6980,卖盘
2741,10:57:12,6.99,--,6,4194,买盘
2742,10:57:09,6.99,0.01,41,28659,买盘
2743,10:57:06,6.98,--,274,191252,卖盘
2744,10:57:03,6.98,-0.01,18,12564,卖盘
2745,10:57:00,6.99,0.01,60,41940,买盘
2746,10:56:57,6.98,--,547,381806,买盘
2747,10:56:54,6.98,--,8,5584,买盘
2748,10:56:51,6.98,--,74,51652,买盘
2749,10:56:48,6.98,--,178,124244,买盘
2750,10:56:45,6.98,--,28,19544,买盘
2751,10:56:39,6.98,--,11,7678,买盘
2752,10:56:36,6.98,--,100,69800,买盘
2753,10:56:33,6.98,--,45,31410,买盘
2754,10:56:30,6.98,--,400,279200,买盘
2755,10:56:21,6.98,--,62,43276,买盘
2756,10:56:18,6.98,--,530,369940,买盘
2757,10:56:09,6.98,--,1,698,买盘
2758,10:56:06,6.98,--,11,7678,买盘
2759,10:56:03,6.98,--,6,4188,买盘
2760,10:56:00,6.98,--,6,4188,买盘
2761,10:55:57,6.98,--,64,44672,买盘
2762,10:55:54,6.98,--,79,55142,买盘
2763,10:55:51,6.98,--,98,68404,买盘
2764,10:55:48,6.98,--,6,4188,买盘
2765,10:55:45,6.98,--,67,46766,买盘
2766,10:55:42,6.98,-0.01,164,114472,卖盘
2767,10:55:39,6.99,--,62,43338,买盘
2768,10:55:36,6.99,0.01,17,11883,买盘
2769,10:55:33,6.98,--,190,132620,卖盘
2770,10:55:30,6.98,--,407,284086,卖盘
2771,10:55:27,6.98,-0.01,57,39786,卖盘
2772,10:55:24,6.99,--,12,8388,买盘
2773,10:55:21,6.99,--,17,11883,买盘
2774,10:55:18,6.99,--,2,1398,买盘
2775,10:55:15,6.99,0.01,61,42639,买盘
2776,10:55:12,6.98,-0.01,506,353188,卖盘
2777,10:55:09,6.99,0.01,19,13281,买盘
2778,10:55:06,6.98,--,141,98418,卖盘
2779,10:55:03,6.98,--,120,83760,卖盘
2780,10:55:00,6.98,--,68,47464,卖盘
2781,10:54:57,6.98,-0.01,120,83760,卖盘
2782,10:54:54,6.99,--,453,316647,买盘
2783,10:54:51,6.99,0.01,70,48930,买盘
2784,10:54:48,6.98,--,340,237320,卖盘
2785,10:54:45,6.98,-0.01,31,21638,卖盘
2786,10:54:42,6.99,--,3,2097,买盘
2787,10:54:39,6.99,0.01,22,15378,买盘
2788,10:54:36,6.98,--,49,34202,卖盘
2789,10:54:33,6.98,--,243,169614,卖盘
2790,10:54:30,6.98,--,65,45370,卖盘
2791,10:54:27,6.98,--,236,164728,卖盘
2792,10:54:24,6.98,--,455,317590,买盘
2793,10:54:21,6.98,--,47,32806,买盘
2794,10:54:18,6.98,--,11,7678,买盘
2795,10:54:12,6.98,--,2807,1959286,卖盘
2796,10:54:06,6.98,--,100,69800,卖盘
2797,10:54:00,6.98,-0.01,10,6980,卖盘
2798,10:53:57,6.99,0.01,56,39144,买盘
2799,10:53:54,6.98,--,180,125640,卖盘
2800,10:53:51,6.98,-0.01,7,4886,卖盘
2801,10:53:48,6.99,0.01,5,3495,买盘
2802,10:53:45,6.98,-0.01,3,2094,卖盘
2803,10:53:42,6.99,--,21,14679,买盘
2804,10:53:39,6.99,0.01,5,3495,买盘
2805,10:53:36,6.98,-0.01,70,48860,卖盘
2806,10:53:33,6.99,0.01,12,8388,买盘
2807,10:53:30,6.98,-0.01,420,293160,卖盘
2808,10:53:21,6.99,--,23,16077,买盘
2809,10:53:18,6.99,--,63,44037,买盘
2810,10:53:12,6.99,--,1,699,买盘
2811,10:53:03,6.99,0.01,26,18174,买盘
2812,10:53:00,6.98,-0.01,120,83760,卖盘
2813,10:52:57,6.99,--,28,19572,买盘
2814,10:52:54,6.99,--,53,37047,买盘
2815,10:52:51,6.99,--,3,2097,买盘
2816,10:52:42,6.99,--,2,1398,买盘
2817,10:52:39,6.99,--,171,119529,买盘
2818,10:52:33,6.99,--,13,9087,买盘
2819,10:52:30,6.99,0.01,69,48231,买盘
2820,10:52:27,6.98,-0.01,39,27222,卖盘
2821,10:52:24,6.99,--,19,13281,买盘
2822,10:52:21,6.99,0.01,3,2097,买盘
2823,10:52:18,6.98,--,225,157050,卖盘
2824,10:52:15,6.98,--,20,13960,卖盘
2825,10:52:12,6.98,-0.01,176,122848,卖盘
2826,10:52:09,6.99,--,59,41241,买盘
2827,10:52:06,6.99,--,100,69900,买盘
2828,10:52:03,6.99,--,5021,3509679,买盘
2829,10:52:00,6.99,--,10,6990,买盘
2830,10:51:57,6.99,--,10,6990,买盘
2831,10:51:51,6.99,--,62,43338,买盘
2832,10:51:48,6.99,0.01,5,3495,买盘
2833,10:51:45,6.98,-0.01,5,3490,卖盘
2834,10:51:42,6.99,--,39,27261,买盘
2835,10:51:39,6.99,--,5,3495,买盘
2836,10:51:27,6.99,0.01,50,34950,买盘
2837,10:51:24,6.98,-0.01,51,35598,卖盘
2838,10:51:21,6.99,--,2621,1832079,买盘
2839,10:51:18,6.99,0.01,3,2097,买盘
2840,10:51:15,6.98,-0.01,12,8376,卖盘
2841,10:51:12,6.99,--,1286,898914,买盘
2842,10:51:06,6.99,--,2,1398,买盘
2843,10:51:00,6.99,--,30,20970,买盘
2844,10:50:54,6.99,--,32,22368,买盘
2845,10:50:51,6.99,--,3,2097,买盘
2846,10:50:48,6.99,0.01,1,699,买盘
2847,10:50:45,6.98,--,50,34900,卖盘
2848,10:50:42,6.98,--,65,45370,卖盘
2849,10:50:39,6.98,--,120,83760,卖盘
2850,10:50:36,6.98,-0.01,6,4188,卖盘
2851,10:50:33,6.99,0.01,85,59415,买盘
2852,10:50:24,6.98,-0.01,51,35598,卖盘
2853,10:50:21,6.99,--,41,28659,买盘
2854,10:50:18,6.99,--,42,29358,买盘
2855,10:50:15,6.99,--,78,54522,买盘
2856,10:50:12,6.99,0.01,1271,888429,买盘
2857,10:50:09,6.98,--,20,13960,卖盘
2858,10:50:03,6.98,-0.01,71,49558,卖盘
2859,10:49:57,6.99,0.01,42,29358,买盘
2860,10:49:54,6.98,0.01,1017,709866,买盘
2861,10:49:51,6.97,-0.01,155,108035,卖盘
2862,10:49:48,6.98,--,51,35598,买盘
2863,10:49:39,6.98,--,3,2094,买盘
2864,10:49:36,6.98,--,33,23034,买盘
2865,10:49:33,6.98,--,56,39088,买盘
2866,10:49:30,6.98,--,4,2792,买盘
2867,10:49:27,6.98,--,43,30014,买盘
2868,10:49:24,6.98,--,4,2792,买盘
2869,10:49:21,6.98,--,1359,948582,卖盘
2870,10:49:18,6.98,--,81,56538,卖盘
2871,10:49:15,6.98,-0.01,48,33504,卖盘
2872,10:49:12,6.99,0.01,24,16776,买盘
