,time,price,change,volume,amount,type
0,15:00:03,11.3,0.01,1680,1898400,买盘
1,14:57:00,11.29,-0.01,32,36128,卖盘
2,14:56:57,11.3,0.01,31,35030,买盘
3,14:56:51,11.29,-0.01,5,5645,卖盘
4,14:56:48,11.3,0.01,17,19210,买盘
5,14:56:45,11.29,-0.01,18,20322,卖盘
6,14:56:42,11.3,--,73,82490,买盘
7,14:56:39,11.3,0.01,19,21470,买盘
8,14:56:36,11.29,--,8,9032,卖盘
9,14:56:33,11.29,-0.01,89,100480,卖盘
10,14:56:30,11.3,--,22,24860,卖盘
11,14:56:27,11.3,--,17,19210,卖盘
12,14:56:24,11.3,--,220,248600,卖盘
13,14:56:21,11.3,--,168,189840,卖盘
14,14:56:18,11.3,-0.01,40,45200,卖盘
15,14:56:15,11.31,0.01,59,66729,买盘
16,14:56:12,11.3,--,28,31640,买盘
17,14:56:09,11.3,--,14,15820,卖盘
18,14:56:06,11.3,0.01,188,212440,买盘
19,14:56:03,11.29,-0.01,138,156422,卖盘
20,14:56:00,11.3,-0.01,26,29380,卖盘
21,14:55:57,11.31,0.01,61,68991,买盘
22,14:55:54,11.3,-0.01,32,36160,卖盘
23,14:55:51,11.31,0.01,13,14703,买盘
24,14:55:45,11.3,--,65,73709,买盘
25,14:55:42,11.3,-0.01,20,22600,中性盘
26,14:55:36,11.31,--,683,772993,买盘
27,14:55:33,11.31,0.01,131,148161,买盘
28,14:55:30,11.3,--,21,23730,卖盘
29,14:55:27,11.3,-0.01,60,67800,卖盘
30,14:55:24,11.31,--,411,464841,买盘
31,14:55:21,11.31,--,14,15992,买盘
32,14:55:18,11.31,--,13,14703,买盘
33,14:55:15,11.31,0.01,78,88218,买盘
34,14:55:12,11.3,-0.01,238,268940,卖盘
35,14:55:09,11.31,--,735,831737,买盘
36,14:55:06,11.31,0.01,59,66729,买盘
37,14:55:03,11.3,--,78,88151,卖盘
38,14:55:00,11.3,-0.01,19,21470,卖盘
39,14:54:57,11.31,0.01,10,11310,买盘
40,14:54:54,11.3,--,3,3390,卖盘
41,14:54:51,11.3,-0.01,234,264420,卖盘
42,14:54:48,11.31,--,56,63336,买盘
43,14:54:45,11.31,--,58,65598,买盘
44,14:54:42,11.31,0.01,10,11310,买盘
45,14:54:39,11.3,-0.01,24,28227,卖盘
46,14:54:36,11.31,--,29,32799,买盘
47,14:54:33,11.31,--,7,7917,买盘
48,14:54:30,11.31,--,44,49764,买盘
49,14:54:27,11.31,--,50,56550,买盘
50,14:54:24,11.31,0.01,52,58812,买盘
51,14:54:21,11.3,--,8,9040,卖盘
52,14:54:18,11.3,--,17,20204,卖盘
53,14:54:15,11.3,--,16,18080,卖盘
54,14:54:12,11.3,--,32,36160,卖盘
55,14:54:09,11.3,--,41,46330,卖盘
56,14:54:06,11.3,-0.01,209,236170,卖盘
57,14:54:03,11.31,--,2,2262,买盘
58,14:54:00,11.31,--,17,19227,买盘
59,14:53:57,11.31,0.01,183,206973,买盘
60,14:53:54,11.3,-0.01,57,64410,卖盘
61,14:53:51,11.31,0.01,5,5655,买盘
62,14:53:48,11.3,-0.01,51,57630,卖盘
63,14:53:45,11.31,--,6,6786,买盘
64,14:53:39,11.31,--,1,1131,买盘
65,14:53:33,11.31,0.01,60,67860,买盘
66,14:53:30,11.3,-0.01,106,119780,卖盘
67,14:53:27,11.31,0.01,10,11310,买盘
68,14:53:24,11.3,-0.01,363,410190,卖盘
69,14:53:21,11.31,--,13,14703,买盘
70,14:53:18,11.31,--,107,121017,买盘
71,14:53:15,11.31,--,54,62148,买盘
72,14:53:12,11.31,0.01,25,28275,买盘
73,14:53:09,11.3,--,22,24860,卖盘
74,14:53:06,11.3,--,18,20340,卖盘
75,14:53:03,11.3,-0.01,43,49279,卖盘
76,14:53:00,11.31,--,34,38454,买盘
77,14:52:57,11.31,--,68,76908,买盘
78,14:52:54,11.31,--,76,85956,买盘
79,14:52:51,11.31,--,38,42978,买盘
80,14:52:48,11.31,--,70,79170,买盘
81,14:52:45,11.31,--,33,37323,买盘
82,14:52:42,11.31,--,150,169650,买盘
83,14:52:39,11.31,--,30,33930,买盘
84,14:52:36,11.31,--,8,9048,买盘
85,14:52:33,11.31,--,28,31668,买盘
86,14:52:30,11.31,0.01,13,15257,买盘
87,14:52:27,11.3,-0.01,21,23730,卖盘
88,14:52:24,11.31,--,8,9048,买盘
89,14:52:21,11.31,--,11,12441,买盘
90,14:52:18,11.31,--,114,128934,买盘
91,14:52:15,11.31,0.01,11,12441,买盘
92,14:52:12,11.3,-0.01,1,1130,卖盘
93,14:52:09,11.31,0.01,68,76908,买盘
94,14:52:03,11.3,-0.01,13,14690,卖盘
95,14:52:00,11.31,0.01,54,61074,买盘
96,14:51:57,11.3,--,125,141250,卖盘
97,14:51:54,11.3,--,39,44781,卖盘
98,14:51:51,11.3,--,1,1130,卖盘
99,14:51:48,11.3,-0.01,7,7910,卖盘
100,14:51:33,11.31,0.01,23,26013,买盘
101,14:51:30,11.3,--,15,17831,卖盘
102,14:51:27,11.3,-0.01,163,184190,卖盘
103,14:51:24,11.31,0.01,53,59943,买盘
104,14:51:21,11.3,--,27,30510,卖盘
105,14:51:18,11.3,-0.01,2,2260,卖盘
106,14:51:09,11.31,--,2,2262,买盘
107,14:51:03,11.31,--,106,119886,买盘
108,14:51:00,11.31,--,108,122148,买盘
109,14:50:57,11.31,--,61,68991,买盘
110,14:50:54,11.31,0.01,5,5655,买盘
111,14:50:51,11.3,--,25,29244,卖盘
112,14:50:48,11.3,-0.01,306,345780,卖盘
113,14:50:45,11.31,0.01,22,24882,买盘
114,14:50:36,11.3,--,106,119780,卖盘
115,14:50:33,11.3,--,13,14690,卖盘
116,14:50:30,11.3,-0.01,3,3390,卖盘
117,14:50:27,11.31,--,26,30310,买盘
118,14:50:21,11.31,0.01,6,6786,买盘
119,14:50:18,11.3,--,91,102830,卖盘
120,14:50:15,11.3,--,72,81360,卖盘
121,14:50:12,11.3,--,43,48590,卖盘
122,14:50:09,11.3,-0.01,46,52816,卖盘
123,14:50:06,11.31,0.01,58,65598,买盘
124,14:50:03,11.3,--,28,31640,卖盘
125,14:49:57,11.3,--,83,93790,卖盘
126,14:49:54,11.3,-0.01,78,88140,卖盘
127,14:49:51,11.31,0.01,12,13572,买盘
128,14:49:48,11.3,--,400,452000,卖盘
129,14:49:45,11.3,-0.01,15,16950,卖盘
130,14:49:42,11.31,--,5,5655,买盘
131,14:49:39,11.31,--,100,113100,买盘
132,14:49:36,11.31,--,48,54288,买盘
133,14:49:33,11.31,0.01,37,42050,买盘
134,14:49:30,11.3,--,223,252295,卖盘
135,14:49:27,11.3,--,14,16724,卖盘
136,14:49:24,11.3,--,28,31640,卖盘
137,14:49:21,11.3,-0.01,112,126560,卖盘
138,14:49:18,11.31,0.01,17,19227,买盘
139,14:49:12,11.3,--,132,149160,卖盘
140,14:49:06,11.3,--,49,55370,卖盘
141,14:49:03,11.3,--,13,14690,卖盘
142,14:49:00,11.3,-0.01,3,3390,卖盘
143,14:48:57,11.31,--,84,95648,卖盘
144,14:48:54,11.31,--,64,72384,卖盘
145,14:48:39,11.31,--,38,43792,卖盘
146,14:48:36,11.31,--,10,11502,卖盘
147,14:48:30,11.31,--,4,5428,卖盘
148,14:48:27,11.31,--,33,37323,卖盘
149,14:48:24,11.31,--,7,7917,卖盘
150,14:48:21,11.31,--,68,77168,卖盘
151,14:48:18,11.31,--,36,40716,卖盘
152,14:48:15,11.31,--,27,30537,卖盘
153,14:48:09,11.31,--,20,23117,卖盘
154,14:48:06,11.31,--,15,17044,卖盘
155,14:48:03,11.31,--,23,26013,卖盘
156,14:47:57,11.31,--,56,63336,卖盘
157,14:47:54,11.31,--,6,6786,卖盘
158,14:47:51,11.31,-0.01,6,7283,卖盘
159,14:47:48,11.32,0.01,67,75844,买盘
160,14:47:45,11.31,--,15,16965,卖盘
161,14:47:39,11.31,--,101,114231,卖盘
162,14:47:36,11.31,--,4,4716,卖盘
163,14:47:33,11.31,--,16,19079,卖盘
164,14:47:30,11.31,--,77,87087,卖盘
165,14:47:27,11.31,--,115,130065,卖盘
166,14:47:21,11.31,--,20,22620,卖盘
167,14:47:18,11.31,--,5,5655,卖盘
168,14:47:15,11.31,-0.01,35,40410,卖盘
169,14:47:12,11.32,0.01,99,112068,买盘
170,14:47:09,11.31,-0.01,154,174988,卖盘
171,14:47:06,11.32,0.01,4,4528,买盘
172,14:47:03,11.31,--,13,14703,卖盘
173,14:46:57,11.31,--,56,63336,卖盘
174,14:46:54,11.31,--,33,37323,卖盘
175,14:46:51,11.31,--,149,168519,卖盘
176,14:46:42,11.31,-0.01,27,30537,卖盘
177,14:46:39,11.32,--,26,29635,买盘
178,14:46:36,11.32,--,5,5660,买盘
179,14:46:33,11.32,0.01,2,2264,买盘
180,14:46:30,11.31,--,7,8821,卖盘
181,14:46:24,11.31,-0.01,30,33930,卖盘
182,14:46:21,11.32,0.01,20,22640,买盘
183,14:46:18,11.31,-0.01,9,10179,卖盘
184,14:46:15,11.32,--,135,152820,买盘
185,14:46:12,11.32,0.01,41,46412,买盘
186,14:46:09,11.31,-0.01,37,42661,卖盘
187,14:46:06,11.32,0.01,52,58864,买盘
188,14:46:03,11.31,-0.01,14,15834,卖盘
189,14:45:57,11.32,--,171,193662,卖盘
190,14:45:54,11.32,--,33,37356,卖盘
191,14:45:51,11.32,-0.01,91,103510,卖盘
192,14:45:48,11.33,0.01,16,18128,买盘
193,14:45:42,11.32,--,21,23772,卖盘
194,14:45:39,11.32,--,7,8116,卖盘
195,14:45:33,11.32,--,17,19628,卖盘
196,14:45:30,11.32,--,4,5433,卖盘
197,14:45:24,11.32,--,55,62260,卖盘
198,14:45:15,11.32,--,11,12452,卖盘
199,14:45:12,11.32,-0.01,59,66901,卖盘
200,14:45:09,11.33,--,31,35123,买盘
201,14:45:03,11.33,--,13,14729,买盘
202,14:44:57,11.33,0.01,20,22660,买盘
203,14:44:54,11.32,--,98,110936,卖盘
204,14:44:51,11.32,--,60,67920,卖盘
205,14:44:48,11.32,--,14,15848,卖盘
206,14:44:42,11.32,-0.01,22,25096,卖盘
207,14:44:39,11.33,0.01,20,22660,买盘
208,14:44:36,11.32,--,42,47544,卖盘
209,14:44:27,11.32,-0.01,57,64524,卖盘
210,14:44:24,11.33,--,1,1133,买盘
211,14:44:15,11.33,--,7,8746,买盘
212,14:44:12,11.33,0.01,10,11330,买盘
213,14:44:09,11.32,-0.01,22,24904,卖盘
214,14:44:06,11.33,--,1,1133,买盘
215,14:44:03,11.33,--,43,48719,买盘
216,14:44:00,11.33,0.01,20,22660,买盘
217,14:43:57,11.32,--,287,324884,卖盘
218,14:43:54,11.32,-0.01,22,24904,卖盘
219,14:43:51,11.33,0.01,17,19261,买盘
220,14:43:48,11.32,-0.01,21,23772,卖盘
221,14:43:45,11.33,--,99,112472,买盘
222,14:43:42,11.33,0.01,5,5665,买盘
223,14:43:36,11.32,-0.01,17,19244,卖盘
224,14:43:33,11.33,--,13,14729,买盘
225,14:43:27,11.33,--,28,31724,买盘
226,14:43:24,11.33,0.01,55,62315,买盘
227,14:43:21,11.32,--,25,28300,卖盘
228,14:43:18,11.32,--,50,56600,卖盘
229,14:43:15,11.32,-0.01,11,13278,卖盘
230,14:43:12,11.33,--,80,90640,买盘
231,14:43:09,11.33,--,1,1133,买盘
232,14:43:06,11.33,--,62,70246,买盘
233,14:43:03,11.33,0.01,1,1133,买盘
234,14:42:54,11.32,--,17,19244,卖盘
235,14:42:48,11.32,--,618,699779,买盘
236,14:42:45,11.32,--,110,124520,卖盘
237,14:42:42,11.32,--,1,1132,卖盘
238,14:42:36,11.32,--,5,5660,卖盘
239,14:42:30,11.32,--,32,36224,卖盘
240,14:42:27,11.32,--,112,126784,买盘
241,14:42:24,11.32,--,13,14716,买盘
242,14:42:21,11.32,0.01,52,58864,买盘
243,14:42:18,11.31,-0.01,1,1945,卖盘
244,14:42:15,11.32,0.01,200,226400,买盘
245,14:42:12,11.31,-0.01,1,1131,卖盘
246,14:42:09,11.32,--,20,22640,买盘
247,14:42:06,11.32,--,1,1132,买盘
248,14:42:03,11.32,--,2,2264,买盘
249,14:42:00,11.32,--,52,58864,买盘
250,14:41:57,11.32,--,15,16980,买盘
251,14:41:51,11.32,--,13,14716,买盘
252,14:41:48,11.32,--,25,28492,买盘
253,14:41:45,11.32,--,1,1132,买盘
254,14:41:42,11.32,0.01,8,9056,买盘
255,14:41:39,11.31,-0.01,3,3393,卖盘
256,14:41:36,11.32,--,38,43016,买盘
257,14:41:33,11.32,--,79,89428,买盘
258,14:41:27,11.32,0.01,9,10188,买盘
259,14:41:24,11.31,--,26,29406,卖盘
260,14:41:21,11.31,-0.01,13,14703,卖盘
261,14:41:18,11.32,--,19,21508,卖盘
262,14:41:15,11.32,--,16,18112,买盘
263,14:41:12,11.32,0.01,20,22640,买盘
264,14:41:09,11.31,-0.02,110,124410,卖盘
265,14:41:06,11.33,0.01,11,12463,买盘
266,14:41:03,11.32,0.01,378,427896,买盘
267,14:41:00,11.31,-0.01,10,11310,卖盘
268,14:40:57,11.32,--,110,124520,买盘
269,14:40:54,11.32,--,13,14716,买盘
270,14:40:51,11.32,0.01,18,20376,买盘
271,14:40:48,11.31,--,8,9240,卖盘
272,14:40:42,11.31,--,96,108576,卖盘
273,14:40:39,11.31,0.01,397,449007,买盘
274,14:40:36,11.3,--,189,213570,卖盘
275,14:40:33,11.3,--,100,113000,卖盘
276,14:40:30,11.3,--,7,7910,卖盘
277,14:40:24,11.3,--,340,384200,卖盘
278,14:40:21,11.3,-0.01,1,1943,卖盘
279,14:40:18,11.31,--,23,26013,买盘
280,14:40:15,11.31,--,109,123279,买盘
281,14:40:12,11.31,--,253,286143,买盘
282,14:40:09,11.31,--,10,11310,买盘
283,14:40:06,11.31,0.01,1,1131,买盘
284,14:40:03,11.3,-0.01,23,25990,卖盘
285,14:40:00,11.31,--,35,39585,卖盘
286,14:39:57,11.31,0.01,16,18096,买盘
287,14:39:54,11.3,-0.01,77,87010,卖盘
288,14:39:51,11.31,--,45,51098,买盘
289,14:39:48,11.31,--,80,90480,买盘
290,14:39:42,11.31,--,81,91611,买盘
291,14:39:36,11.31,0.01,10,11310,买盘
292,14:39:33,11.3,-0.01,9,10170,卖盘
293,14:39:27,11.31,0.01,4,4524,买盘
294,14:39:24,11.3,--,2,2260,卖盘
295,14:39:21,11.3,--,12,14373,卖盘
296,14:39:18,11.3,--,10,11300,卖盘
297,14:39:09,11.3,-0.01,42,47460,卖盘
298,14:39:06,11.31,0.02,13,14703,买盘
299,14:38:57,11.29,--,272,307088,卖盘
300,14:38:51,11.29,-0.01,3,3578,卖盘
301,14:38:48,11.3,0.01,100,113000,买盘
302,14:38:36,11.29,-0.01,4,4516,卖盘
303,14:38:33,11.3,--,30,33900,买盘
304,14:38:30,11.3,--,10,11300,买盘
305,14:38:27,11.3,0.01,10,11300,买盘
306,14:38:24,11.29,-0.01,3,4211,卖盘
307,14:38:18,11.3,--,3,3390,买盘
308,14:38:15,11.3,--,24,27120,买盘
309,14:38:12,11.3,0.01,410,463300,买盘
310,14:38:09,11.29,-0.01,69,77901,卖盘
311,14:38:06,11.3,--,12,13560,买盘
312,14:38:03,11.3,0.01,3,3390,买盘
313,14:38:00,11.29,-0.01,6,7891,卖盘
314,14:37:57,11.3,0.01,1,1130,买盘
315,14:37:54,11.29,--,11,12610,卖盘
316,14:37:48,11.29,-0.01,23,25966,卖盘
317,14:37:36,11.3,0.01,28,31640,买盘
318,14:37:33,11.29,-0.01,21,23709,卖盘
319,14:37:27,11.3,0.01,22,25673,买盘
320,14:37:24,11.29,--,2,2258,卖盘
321,14:37:21,11.29,--,3,3386,卖盘
322,14:37:18,11.29,-0.01,62,69998,卖盘
323,14:37:15,11.3,--,15,16950,买盘
324,14:37:12,11.3,0.01,9,10170,买盘
325,14:37:09,11.29,-0.01,21,23709,卖盘
326,14:37:06,11.3,0.01,1,1130,买盘
327,14:37:03,11.29,-0.01,3,3590,卖盘
328,14:37:00,11.3,0.01,8,9729,买盘
329,14:36:57,11.29,--,9,10161,买盘
330,14:36:54,11.29,--,116,130963,买盘
331,14:36:51,11.29,--,55,62094,买盘
332,14:36:48,11.29,0.01,22,24837,买盘
333,14:36:45,11.28,-0.01,15,17190,卖盘
334,14:36:42,11.29,--,42,47418,买盘
335,14:36:36,11.29,--,1,1129,买盘
336,14:36:33,11.29,--,98,110641,买盘
337,14:36:30,11.29,--,573,647075,卖盘
338,14:36:27,11.29,-0.01,1,1941,卖盘
339,14:36:24,11.3,0.01,34,38420,买盘
340,14:36:21,11.29,--,34,38589,卖盘
341,14:36:18,11.29,-0.01,275,310971,卖盘
342,14:36:15,11.3,--,11,12430,买盘
343,14:36:12,11.3,--,19,21470,买盘
344,14:36:09,11.3,--,63,71190,买盘
345,14:36:06,11.3,--,363,410190,买盘
346,14:36:03,11.3,0.01,85,96050,买盘
347,14:36:00,11.29,-0.01,3,3578,卖盘
348,14:35:57,11.3,0.01,9,10418,买盘
349,14:35:54,11.29,-0.01,10,11290,卖盘
350,14:35:51,11.3,--,31,35030,买盘
351,14:35:48,11.3,0.01,52,58760,买盘
352,14:35:42,11.29,--,53,59836,卖盘
353,14:35:30,11.29,--,15,17747,卖盘
354,14:35:27,11.29,0.01,65,73847,买盘
355,14:35:24,11.28,-0.01,3,3384,卖盘
356,14:35:21,11.29,--,9,10161,买盘
357,14:35:18,11.29,--,8,9032,买盘
358,14:35:15,11.29,-0.01,70,79696,卖盘
359,14:35:12,11.3,--,7,7910,买盘
360,14:35:09,11.3,0.01,1,1130,买盘
361,14:35:06,11.29,--,5,6107,买盘
362,14:35:00,11.29,-0.01,305,345203,卖盘
363,14:34:57,11.3,--,19,21470,买盘
364,14:34:54,11.3,--,36,40680,卖盘
365,14:34:51,11.3,0.01,24,27120,买盘
366,14:34:48,11.29,--,28,31611,卖盘
367,14:34:45,11.29,-0.01,90,101609,卖盘
368,14:34:42,11.3,--,16,18080,买盘
369,14:34:39,11.3,0.01,11,12430,买盘
370,14:34:36,11.29,-0.01,15,16935,卖盘
371,14:34:33,11.3,--,11,13243,买盘
372,14:34:30,11.3,--,20,22600,买盘
373,14:34:27,11.3,--,13,14690,买盘
374,14:34:24,11.3,--,20,22600,买盘
375,14:34:21,11.3,0.01,45,50850,买盘
376,14:34:18,11.29,-0.01,11,12418,卖盘
377,14:34:15,11.3,--,22,24860,买盘
378,14:34:12,11.3,0.01,96,109067,买盘
379,14:34:09,11.29,--,12,13547,买盘
380,14:34:06,11.29,--,66,74514,买盘
381,14:34:03,11.29,0.01,76,85804,买盘
382,14:34:00,11.28,--,23,26135,卖盘
383,14:33:57,11.28,-0.01,1,1128,卖盘
384,14:33:54,11.29,--,69,77901,买盘
385,14:33:51,11.29,--,230,259669,买盘
386,14:33:48,11.29,--,93,105538,卖盘
387,14:33:45,11.29,--,50,57037,买盘
388,14:33:42,11.29,0.01,193,217896,买盘
389,14:33:39,11.28,-0.01,205,231240,卖盘
390,14:33:36,11.29,--,54,60965,买盘
391,14:33:33,11.29,-0.01,225,254262,卖盘
392,14:33:30,11.3,--,43,48590,买盘
393,14:33:27,11.3,0.01,31,35030,买盘
394,14:33:24,11.29,--,38,43793,买盘
395,14:33:21,11.29,0.01,116,130963,买盘
396,14:33:18,11.28,-0.01,55,62040,卖盘
397,14:33:09,11.29,--,151,170479,买盘
398,14:33:06,11.29,0.01,37,41773,买盘
399,14:33:03,11.28,--,3,3587,卖盘
400,14:32:57,11.28,--,10,11280,买盘
401,14:32:54,11.28,-0.01,32,36096,卖盘
402,14:32:51,11.29,0.01,33,37257,买盘
403,14:32:48,11.28,--,1,1128,买盘
404,14:32:45,11.28,--,91,102648,买盘
405,14:32:42,11.28,--,22,24816,买盘
406,14:32:39,11.28,--,65,73320,买盘
407,14:32:36,11.28,0.01,21,24500,买盘
408,14:32:33,11.27,-0.01,30,33810,卖盘
409,14:32:30,11.28,--,22,24816,买盘
410,14:32:27,11.28,--,40,45120,买盘
411,14:32:24,11.28,0.01,32,36096,买盘
412,14:32:21,11.27,-0.01,12,13524,卖盘
413,14:32:18,11.28,-0.01,226,255864,卖盘
414,14:32:09,11.29,--,101,114028,买盘
415,14:32:06,11.29,0.01,22,24837,买盘
416,14:32:03,11.28,--,28,31775,卖盘
417,14:31:57,11.28,-0.01,512,577536,卖盘
418,14:31:54,11.29,--,7,7902,买盘
419,14:31:48,11.29,0.01,9,10161,买盘
420,14:31:45,11.28,--,415,468120,买盘
421,14:31:42,11.28,0.01,51,57528,买盘
422,14:31:39,11.27,--,32,36875,卖盘
423,14:31:33,11.27,--,326,368382,买盘
424,14:31:30,11.27,0.01,558,628866,买盘
425,14:31:27,11.26,-0.01,11,12386,卖盘
426,14:31:24,11.27,--,25,28175,买盘
427,14:31:21,11.27,--,79,89033,买盘
428,14:31:18,11.27,--,102,115483,买盘
429,14:31:15,11.27,0.01,42,47334,买盘
430,14:31:12,11.26,-0.01,36,40536,卖盘
431,14:31:09,11.27,--,12,13524,买盘
432,14:31:06,11.27,--,6,6953,买盘
433,14:31:03,11.27,--,3,3381,买盘
434,14:31:00,11.27,--,17,19159,买盘
435,14:30:57,11.27,--,56,63112,买盘
436,14:30:54,11.27,0.01,10,11270,买盘
437,14:30:51,11.26,-0.01,26,29962,卖盘
438,14:30:48,11.27,--,214,241178,买盘
439,14:30:45,11.27,--,607,684235,卖盘
440,14:30:42,11.27,--,3,4192,卖盘
441,14:30:39,11.27,--,56,63112,卖盘
442,14:30:36,11.27,-0.01,10,11270,卖盘
443,14:30:33,11.28,0.01,8,9024,买盘
444,14:30:27,11.27,-0.01,11,12397,卖盘
445,14:30:15,11.28,--,6,6768,买盘
446,14:30:12,11.28,--,20,22560,买盘
447,14:30:09,11.28,0.01,35,39683,买盘
448,14:30:06,11.27,-0.01,7,8215,卖盘
449,14:30:00,11.28,--,25,28200,买盘
450,14:29:57,11.28,0.01,10,11280,买盘
451,14:29:54,11.27,--,14,15778,卖盘
452,14:29:42,11.27,--,1,1938,卖盘
453,14:29:39,11.27,-0.01,7,7889,卖盘
454,14:29:33,11.28,--,14,15792,买盘
455,14:29:30,11.28,0.01,54,60912,买盘
456,14:29:27,11.27,-0.01,1,1127,卖盘
457,14:29:24,11.28,--,8,9024,买盘
458,14:29:21,11.28,--,13,14664,买盘
459,14:29:18,11.28,0.01,5,5640,买盘
460,14:29:12,11.27,-0.01,14,15969,卖盘
461,14:29:06,11.28,--,8,9024,买盘
462,14:29:03,11.28,--,29,33219,买盘
463,14:29:00,11.28,--,8,9024,买盘
464,14:28:57,11.28,0.01,10,11280,买盘
465,14:28:51,11.27,--,2,2254,卖盘
466,14:28:45,11.27,-0.01,11,13219,卖盘
467,14:28:42,11.28,--,10,11280,买盘
468,14:28:39,11.28,--,17,19176,买盘
469,14:28:36,11.28,0.01,64,72192,买盘
470,14:28:33,11.27,--,26,29302,卖盘
471,14:28:30,11.27,-0.01,70,78890,卖盘
472,14:28:27,11.28,0.01,6,6768,买盘
473,14:28:24,11.27,-0.01,9,10143,卖盘
474,14:28:21,11.28,--,4,4512,买盘
475,14:28:15,11.28,--,6,6959,买盘
476,14:28:12,11.28,--,19,21432,买盘
477,14:28:09,11.28,--,53,59784,买盘
478,14:28:06,11.28,--,1,1128,买盘
479,14:28:00,11.28,--,15,16920,买盘
480,14:27:57,11.28,--,30,33840,买盘
481,14:27:54,11.28,--,17,19176,买盘
482,14:27:51,11.28,--,9,10152,买盘
483,14:27:48,11.28,0.01,71,80088,买盘
484,14:27:45,11.27,--,254,287069,卖盘
485,14:27:42,11.27,--,1,1127,卖盘
486,14:27:39,11.27,-0.01,18,20286,卖盘
487,14:27:36,11.28,--,21,23688,买盘
488,14:27:33,11.28,--,15,16920,买盘
489,14:27:27,11.28,--,21,23688,买盘
490,14:27:24,11.28,0.01,5,5640,买盘
491,14:27:21,11.27,-0.01,4,4508,卖盘
492,14:27:18,11.28,0.01,37,41736,买盘
493,14:27:15,11.27,--,4,4710,卖盘
494,14:27:12,11.27,-0.01,26,29302,卖盘
495,14:27:09,11.28,0.01,12,13536,买盘
496,14:27:06,11.27,-0.01,1,1127,卖盘
497,14:27:03,11.28,0.01,17,19176,买盘
498,14:27:00,11.27,-0.01,40,45080,卖盘
499,14:26:57,11.28,--,10,11280,中性盘
500,14:26:54,11.28,0.01,50,56400,买盘
501,14:26:48,11.27,-0.01,4,5319,卖盘
502,14:26:42,11.28,0.01,114,128591,买盘
503,14:26:39,11.27,-0.01,19,21413,卖盘
504,14:26:36,11.28,-0.01,104,118248,卖盘
505,14:26:33,11.29,0.01,4,4516,买盘
506,14:26:24,11.28,0.01,75,84791,买盘
507,14:26:18,11.27,-0.01,3,3572,卖盘
508,14:26:15,11.28,--,2,2256,买盘
509,14:26:12,11.28,--,2,2256,买盘
510,14:26:09,11.28,--,2,2256,买盘
511,14:26:06,11.28,--,23,27049,买盘
512,14:26:03,11.28,--,7,7896,买盘
513,14:26:00,11.28,--,2,2256,买盘
514,14:25:57,11.28,--,6,6768,买盘
515,14:25:51,11.28,--,11,13220,买盘
516,14:25:45,11.28,0.01,20,22560,买盘
517,14:25:42,11.27,--,16,19102,卖盘
518,14:25:39,11.27,--,26,29302,卖盘
519,14:25:36,11.27,-0.01,5,5635,卖盘
520,14:25:33,11.28,--,46,51888,买盘
521,14:25:30,11.28,0.01,6,6768,买盘
522,14:25:27,11.27,--,14,15913,卖盘
523,14:25:24,11.27,-0.01,15,17896,卖盘
524,14:25:21,11.28,--,58,66360,卖盘
525,14:25:18,11.28,0.02,3,3575,中性盘
526,14:25:09,11.26,-0.02,478,539140,卖盘
527,14:25:06,11.28,-0.01,1,1128,卖盘
528,14:25:03,11.29,--,2,2258,买盘
529,14:25:00,11.29,0.01,120,135717,买盘
530,14:24:51,11.28,--,1,1940,卖盘
531,14:24:45,11.28,-0.01,11,12408,卖盘
532,14:24:42,11.29,0.01,5,5645,买盘
533,14:24:39,11.28,--,26,29328,卖盘
534,14:24:36,11.28,--,35,39480,卖盘
535,14:24:33,11.28,--,4,4512,卖盘
536,14:24:27,11.28,--,2,2256,卖盘
537,14:24:24,11.28,-0.01,1,1128,卖盘
538,14:24:21,11.29,--,20,23200,卖盘
539,14:24:18,11.29,--,28,31916,卖盘
540,14:24:15,11.29,-0.01,150,169350,卖盘
541,14:24:09,11.3,--,3,3390,买盘
542,14:24:06,11.3,--,4,4520,买盘
543,14:24:03,11.3,--,68,76840,买盘
544,14:24:00,11.3,--,203,230192,卖盘
545,14:23:57,11.3,-0.01,22,24860,卖盘
546,14:23:54,11.31,0.01,4,5349,买盘
547,14:23:51,11.3,-0.01,15,16950,卖盘
548,14:23:48,11.31,0.01,21,23751,买盘
549,14:23:45,11.3,--,8,9040,卖盘
550,14:23:42,11.3,--,23,26860,卖盘
551,14:23:39,11.3,--,217,245210,卖盘
552,14:23:33,11.3,-0.01,70,79100,卖盘
553,14:23:24,11.31,--,24,27347,买盘
554,14:23:21,11.31,0.01,10,11310,买盘
555,14:23:18,11.3,-0.01,5,5650,卖盘
556,14:23:12,11.31,--,100,113100,买盘
557,14:23:09,11.31,0.01,22,24882,买盘
558,14:23:06,11.3,-0.01,202,228260,卖盘
559,14:23:03,11.31,0.01,1,1131,买盘
560,14:23:00,11.3,--,2,2260,卖盘
561,14:22:57,11.3,--,2,2260,卖盘
562,14:22:54,11.3,--,14,16317,卖盘
563,14:22:48,11.3,-0.01,17,19210,卖盘
564,14:22:45,11.31,--,5,5655,买盘
565,14:22:42,11.31,--,4,4524,买盘
566,14:22:39,11.31,--,202,228462,买盘
567,14:22:36,11.31,0.01,3,3393,买盘
568,14:22:33,11.3,--,38,42940,卖盘
569,14:22:30,11.3,-0.01,2,2260,卖盘
570,14:22:27,11.31,--,5,5655,买盘
571,14:22:24,11.31,--,91,103113,买盘
572,14:22:21,11.31,--,15,16965,买盘
573,14:22:18,11.31,--,77,87087,买盘
574,14:22:15,11.31,--,52,58812,买盘
575,14:22:12,11.31,--,16,18096,买盘
576,14:22:09,11.31,--,78,88218,买盘
577,14:22:06,11.31,-0.01,51,57997,卖盘
578,14:22:03,11.32,--,43,48676,买盘
579,14:22:00,11.32,0.01,5,5660,买盘
580,14:21:57,11.31,--,3,4207,卖盘
581,14:21:54,11.31,--,73,82563,卖盘
582,14:21:51,11.31,-0.01,11,12441,卖盘
583,14:21:48,11.32,0.01,67,75844,买盘
584,14:21:45,11.31,--,120,135720,买盘
585,14:21:39,11.31,0.01,34,38454,买盘
586,14:21:36,11.3,-0.01,8,9040,卖盘
587,14:21:33,11.31,--,3,3393,买盘
588,14:21:30,11.31,0.01,7,7917,买盘
589,14:21:27,11.3,-0.01,80,90592,卖盘
590,14:21:24,11.31,--,3,3393,买盘
591,14:21:21,11.31,0.01,45,50895,买盘
592,14:21:18,11.3,-0.01,1,1130,卖盘
593,14:21:15,11.31,--,10,11310,买盘
594,14:21:12,11.31,--,11,12441,买盘
595,14:21:09,11.31,0.01,2,2262,买盘
596,14:21:06,11.3,-0.01,1,1130,卖盘
597,14:21:03,11.31,0.01,7,7917,买盘
598,14:21:00,11.3,--,15,16950,卖盘
599,14:20:57,11.3,-0.01,13,15503,卖盘
600,14:20:54,11.31,--,71,80301,买盘
601,14:20:45,11.31,0.01,10,11310,买盘
602,14:20:42,11.3,0.01,33,37290,买盘
603,14:20:36,11.29,-0.01,87,98222,卖盘
604,14:20:33,11.3,--,60,67800,买盘
605,14:20:30,11.3,0.01,23,25990,买盘
606,14:20:27,11.29,-0.01,38,43105,卖盘
607,14:20:24,11.3,--,335,378550,买盘
608,14:20:21,11.3,--,4,4520,买盘
609,14:20:15,11.3,--,7,7910,买盘
610,14:20:12,11.3,--,86,97180,买盘
611,14:20:09,11.3,0.01,44,49720,买盘
612,14:20:06,11.29,--,162,182898,买盘
613,14:20:03,11.29,0.01,114,128705,买盘
614,14:20:00,11.28,-0.01,1,1940,卖盘
615,14:19:57,11.29,--,10,11290,买盘
616,14:19:54,11.29,0.01,7,7902,买盘
617,14:19:51,11.28,-0.01,10,11674,卖盘
618,14:19:45,11.29,--,43,48546,买盘
619,14:19:42,11.29,--,9,10161,买盘
620,14:19:39,11.29,0.01,4,4516,买盘
621,14:19:36,11.28,--,40,45808,卖盘
622,14:19:33,11.28,-0.01,34,38352,卖盘
623,14:19:30,11.29,--,34,38577,买盘
624,14:19:27,11.29,0.01,38,42902,买盘
625,14:19:24,11.28,-0.01,26,29328,卖盘
626,14:19:21,11.29,--,15,16935,买盘
627,14:19:18,11.29,--,1,1129,买盘
628,14:19:15,11.29,--,38,42902,买盘
629,14:19:12,11.29,--,79,89879,买盘
630,14:19:09,11.29,--,3,3386,买盘
631,14:19:06,11.29,--,1,1129,买盘
632,14:19:03,11.29,--,88,100176,买盘
633,14:19:00,11.29,--,9,10161,买盘
634,14:18:57,11.29,0.01,79,89191,买盘
635,14:18:54,11.28,-0.01,2,2256,卖盘
636,14:18:51,11.29,0.01,50,56449,买盘
637,14:18:48,11.28,-0.01,8,9644,卖盘
638,14:18:45,11.29,--,5,5645,买盘
639,14:18:39,11.29,0.01,1,1129,买盘
640,14:18:36,11.28,--,26,29328,卖盘
641,14:18:33,11.28,-0.01,3,3575,卖盘
642,14:18:30,11.29,--,57,64352,买盘
643,14:18:27,11.29,--,10,11290,买盘
644,14:18:24,11.29,--,6,6773,买盘
645,14:18:15,11.29,--,4,4516,买盘
646,14:18:09,11.29,0.01,12,13547,买盘
647,14:18:06,11.28,--,1,1128,卖盘
648,14:18:03,11.28,--,1,1940,卖盘
649,14:18:00,11.28,--,50,56400,卖盘
650,14:17:45,11.28,0.01,42,47376,买盘
651,14:17:42,11.27,--,95,107065,卖盘
652,14:17:39,11.27,-0.01,27,30429,卖盘
653,14:17:36,11.28,0.01,79,89112,买盘
654,14:17:33,11.27,--,3,3583,卖盘
655,14:17:30,11.27,-0.01,89,100303,卖盘
656,14:17:24,11.28,0.01,81,91368,买盘
657,14:17:21,11.27,--,7,8937,买盘
658,14:17:18,11.27,--,111,125097,买盘
659,14:17:15,11.27,--,6,6762,买盘
660,14:17:12,11.27,--,69,77763,买盘
661,14:17:09,11.27,0.01,20,22540,买盘
662,14:17:06,11.26,-0.01,3,4188,卖盘
663,14:17:03,11.27,--,50,56350,买盘
664,14:16:54,11.27,0.01,190,214130,买盘
665,14:16:51,11.26,--,1,1126,卖盘
666,14:16:48,11.26,-0.01,43,48418,卖盘
667,14:16:45,11.27,--,5,5635,买盘
668,14:16:39,11.27,--,50,56541,买盘
669,14:16:36,11.27,--,100,112700,买盘
670,14:16:33,11.27,--,30,33810,买盘
671,14:16:30,11.27,0.01,2,2254,买盘
672,14:16:27,11.26,-0.01,8,9008,卖盘
673,14:16:24,11.27,--,12,13524,买盘
674,14:16:21,11.27,--,47,52969,买盘
675,14:16:18,11.27,0.01,20,22540,买盘
676,14:16:15,11.26,--,5,5630,卖盘
677,14:16:09,11.26,-0.01,3,4188,卖盘
678,14:16:06,11.27,--,2,2254,买盘
679,14:16:00,11.27,--,79,89111,卖盘
680,14:15:57,11.27,--,6,6762,卖盘
681,14:15:54,11.27,--,55,63033,买盘
682,14:15:51,11.27,0.01,9,10143,买盘
683,14:15:45,11.26,--,12,13512,卖盘
684,14:15:42,11.26,--,36,40536,卖盘
685,14:15:39,11.26,--,3,3569,卖盘
686,14:15:33,11.26,-0.01,25,28150,卖盘
687,14:15:27,11.27,0.01,31,34937,买盘
688,14:15:18,11.26,--,129,145254,买盘
689,14:15:15,11.26,--,6,6756,买盘
690,14:15:12,11.26,0.01,31,34906,买盘
691,14:15:09,11.25,-0.01,15,17685,卖盘
692,14:15:06,11.26,--,2,2252,买盘
693,14:15:00,11.26,0.01,59,66434,买盘
694,14:14:54,11.25,-0.01,138,155250,卖盘
695,14:14:42,11.26,0.01,39,43914,买盘
696,14:14:39,11.25,-0.01,3,3566,卖盘
697,14:14:36,11.26,0.01,30,33780,买盘
698,14:14:33,11.25,-0.01,13,14625,卖盘
699,14:14:30,11.26,0.01,9,10134,买盘
700,14:14:27,11.25,-0.01,8,9000,卖盘
701,14:14:24,11.26,--,68,76568,买盘
702,14:14:21,11.26,0.01,20,22520,买盘
703,14:14:18,11.25,-0.01,6,7672,卖盘
704,14:14:15,11.26,0.01,26,29276,买盘
705,14:14:12,11.25,--,1,1946,卖盘
706,14:14:09,11.25,--,10,11250,卖盘
707,14:14:06,11.25,-0.01,40,45225,卖盘
708,14:14:03,11.26,0.01,14,15764,买盘
709,14:14:00,11.25,--,6,6750,卖盘
710,14:13:54,11.25,-0.01,1,1125,卖盘
711,14:13:51,11.26,--,2,2252,买盘
712,14:13:48,11.26,0.01,36,40536,买盘
713,14:13:45,11.25,--,105,119047,卖盘
714,14:13:42,11.25,-0.01,41,46327,卖盘
715,14:13:39,11.26,0.01,67,75442,买盘
716,14:13:33,11.25,-0.01,5,5625,中性盘
717,14:13:30,11.26,--,7,7882,买盘
718,14:13:27,11.26,0.03,13,14638,买盘
719,14:13:24,11.23,-0.03,1500,1684500,卖盘
720,14:13:18,11.26,--,24,27024,买盘
721,14:13:15,11.26,--,97,110325,卖盘
722,14:13:06,11.26,-0.01,5,5630,卖盘
723,14:13:03,11.27,0.01,1,1127,买盘
724,14:13:00,11.26,--,91,102466,卖盘
725,14:12:57,11.26,-0.01,5,6587,卖盘
726,14:12:54,11.27,0.01,68,76636,买盘
727,14:12:45,11.26,--,26,29276,卖盘
728,14:12:42,11.26,-0.01,13,14829,卖盘
729,14:12:36,11.27,0.01,5,5635,买盘
730,14:12:33,11.26,-0.01,56,63056,卖盘
731,14:12:30,11.27,--,30,33810,买盘
732,14:12:18,11.27,0.01,27,30429,买盘
733,14:12:15,11.26,-0.01,1,1936,卖盘
734,14:12:09,11.27,0.01,3,3381,买盘
735,14:12:06,11.26,-0.01,6,6756,卖盘
736,14:12:03,11.27,--,1,1127,买盘
737,14:12:00,11.27,--,14,15778,买盘
738,14:11:57,11.27,--,17,19159,买盘
739,14:11:54,11.27,0.01,28,32513,买盘
740,14:11:51,11.26,--,10,11260,卖盘
741,14:11:48,11.26,--,27,30402,卖盘
742,14:11:45,11.26,--,3,3569,卖盘
743,14:11:36,11.26,--,3,3378,卖盘
744,14:11:33,11.26,-0.01,8,9008,卖盘
745,14:11:30,11.27,0.01,6,6762,买盘
746,14:11:24,11.26,-0.01,14,15764,卖盘
747,14:11:21,11.27,--,293,330211,买盘
748,14:11:18,11.27,0.01,14,16589,买盘
749,14:11:15,11.26,--,4,5371,卖盘
750,14:11:12,11.26,--,5,5630,卖盘
751,14:11:06,11.26,--,21,23646,卖盘
752,14:11:03,11.26,--,23,25898,卖盘
753,14:10:54,11.26,-0.01,5,6226,卖盘
754,14:10:51,11.27,0.01,4,4508,买盘
755,14:10:48,11.26,-0.01,29,32856,卖盘
756,14:10:45,11.27,0.01,2,2254,买盘
757,14:10:42,11.26,--,190,213940,卖盘
758,14:10:36,11.26,--,22,24772,卖盘
759,14:10:33,11.26,--,42,47292,卖盘
760,14:10:30,11.26,--,30,33780,卖盘
761,14:10:21,11.26,--,32,36032,卖盘
762,14:10:18,11.26,-0.01,1,1936,卖盘
763,14:10:12,11.27,--,11,12397,买盘
764,14:10:09,11.27,--,65,73255,买盘
765,14:10:06,11.27,0.01,4,4508,买盘
766,14:10:03,11.26,-0.01,21,23646,卖盘
767,14:10:00,11.27,--,101,113905,卖盘
768,14:09:57,11.27,--,82,92414,卖盘
769,14:09:54,11.27,--,5,6164,卖盘
770,14:09:51,11.27,--,26,29302,卖盘
771,14:09:48,11.27,--,3,3572,卖盘
772,14:09:36,11.27,--,1,1127,卖盘
773,14:09:33,11.27,--,12,13524,卖盘
774,14:09:30,11.27,-0.01,40,45080,卖盘
775,14:09:27,11.28,0.01,1,1128,买盘
776,14:09:21,11.27,-0.01,24,27870,卖盘
777,14:09:18,11.28,0.01,5,6000,买盘
778,14:09:15,11.27,--,6,6762,卖盘
779,14:09:09,11.27,-0.01,2,2254,卖盘
780,14:09:06,11.28,0.01,1,1128,买盘
781,14:09:03,11.27,--,3,3381,卖盘
782,14:08:54,11.27,--,0,957,卖盘
783,14:08:51,11.27,--,30,34001,卖盘
784,14:08:48,11.27,0.01,105,118582,买盘
785,14:08:45,11.26,-0.01,15,16890,卖盘
786,14:08:39,11.27,--,66,74382,买盘
787,14:08:30,11.27,--,10,11270,买盘
788,14:08:27,11.27,--,17,20038,卖盘
789,14:08:24,11.27,--,79,89517,卖盘
790,14:08:21,11.27,--,195,220576,卖盘
791,14:08:18,11.27,-0.01,55,62965,卖盘
792,14:08:12,11.28,--,20,22560,买盘
793,14:08:09,11.28,0.01,22,24816,买盘
794,14:08:03,11.27,-0.01,22,24794,卖盘
795,14:08:00,11.28,--,11,12408,买盘
796,14:07:57,11.28,0.01,42,47376,买盘
797,14:07:54,11.27,--,32,36537,卖盘
798,14:07:51,11.27,--,3,3583,卖盘
799,14:07:48,11.27,--,25,28175,卖盘
800,14:07:42,11.27,--,10,11270,卖盘
801,14:07:39,11.27,-0.01,21,23667,卖盘
802,14:07:36,11.28,0.01,7,7896,买盘
803,14:07:33,11.27,-0.01,22,24794,卖盘
804,14:07:30,11.28,0.01,9,10152,买盘
805,14:07:24,11.27,-0.01,1,1938,卖盘
806,14:07:21,11.28,0.01,31,34968,买盘
807,14:07:15,11.27,-0.01,51,57972,卖盘
808,14:07:12,11.28,--,35,39480,买盘
809,14:07:09,11.28,0.01,2,2256,买盘
810,14:07:06,11.27,--,490,552230,卖盘
811,14:07:03,11.27,-0.01,22,24794,卖盘
812,14:07:00,11.28,0.01,19,21432,买盘
813,14:06:57,11.27,--,42,47818,卖盘
814,14:06:54,11.27,-0.01,36,40763,卖盘
815,14:06:48,11.28,--,11,12408,买盘
816,14:06:42,11.28,0.01,10,11280,买盘
817,14:06:39,11.27,--,37,42217,卖盘
818,14:06:33,11.27,--,42,47334,卖盘
819,14:06:30,11.27,--,92,103684,卖盘
820,14:06:27,11.27,-0.01,4,5319,卖盘
821,14:06:24,11.28,--,13,14664,买盘
822,14:06:15,11.28,0.01,1,1128,买盘
823,14:06:12,11.27,-0.01,1,1127,卖盘
824,14:06:09,11.28,0.01,42,47376,买盘
825,14:06:06,11.27,-0.01,1,1127,卖盘
826,14:06:03,11.28,--,22,24816,买盘
827,14:06:00,11.28,0.01,2,2256,买盘
828,14:05:57,11.27,--,26,29302,卖盘
829,14:05:54,11.27,-0.01,103,116272,卖盘
830,14:05:48,11.28,0.01,52,58656,买盘
831,14:05:42,11.27,-0.01,16,18032,卖盘
832,14:05:36,11.28,--,3,3384,买盘
833,14:05:33,11.28,0.01,66,74448,买盘
834,14:05:27,11.27,--,2,3065,卖盘
835,14:05:24,11.27,-0.01,32,36064,卖盘
836,14:05:21,11.28,0.01,216,243648,买盘
837,14:05:18,11.27,--,14,16600,卖盘
838,14:05:12,11.27,-0.01,25,28175,卖盘
839,14:05:09,11.28,0.01,2,2256,买盘
840,14:05:06,11.27,-0.01,11,12397,卖盘
841,14:05:03,11.28,0.01,1,1128,买盘
842,14:05:00,11.27,--,68,76636,卖盘
843,14:04:57,11.27,--,3,3572,卖盘
844,14:04:54,11.27,-0.01,72,81144,卖盘
845,14:04:51,11.28,0.01,5,5640,买盘
846,14:04:48,11.27,-0.01,8,9016,卖盘
847,14:04:42,11.28,0.01,43,48504,买盘
848,14:04:36,11.27,-0.01,12,13524,卖盘
849,14:04:33,11.28,0.01,6,6768,买盘
850,14:04:30,11.27,--,1,1949,卖盘
851,14:04:27,11.27,-0.01,40,45080,卖盘
852,14:04:24,11.28,--,8,9024,买盘
853,14:04:12,11.28,--,47,53016,买盘
854,14:04:09,11.28,0.01,11,12408,买盘
855,14:04:06,11.27,-0.01,33,37191,卖盘
856,14:04:03,11.28,0.01,53,59784,买盘
857,14:04:00,11.27,--,3,3583,卖盘
858,14:03:45,11.27,--,91,102557,卖盘
859,14:03:39,11.27,--,7,7889,卖盘
860,14:03:36,11.27,-0.01,26,29302,卖盘
861,14:03:33,11.28,--,29,33524,买盘
862,14:03:30,11.28,--,3,3384,买盘
863,14:03:24,11.28,--,20,22560,买盘
864,14:03:18,11.28,0.01,50,56400,买盘
865,14:03:12,11.27,--,283,318941,卖盘
866,14:03:06,11.27,--,11,12397,卖盘
867,14:03:03,11.27,--,27,30429,卖盘
868,14:03:00,11.27,--,72,81335,卖盘
869,14:02:57,11.27,-0.01,7,7889,卖盘
870,14:02:54,11.28,--,140,157920,买盘
871,14:02:51,11.28,--,10,11280,买盘
872,14:02:48,11.28,--,10,11280,买盘
873,14:02:45,11.28,--,30,33840,买盘
874,14:02:42,11.28,0.01,5,5640,买盘
875,14:02:39,11.27,-0.01,1,1938,卖盘
876,14:02:36,11.28,0.01,22,24816,买盘
877,14:02:33,11.27,-0.01,51,57477,卖盘
878,14:02:27,11.28,--,9,10152,买盘
879,14:02:24,11.28,--,20,22560,买盘
880,14:02:21,11.28,--,6,6768,买盘
881,14:02:18,11.28,--,4,4512,买盘
882,14:02:15,11.28,0.01,27,30456,买盘
883,14:02:09,11.27,-0.01,2,2254,卖盘
884,14:02:06,11.28,0.01,102,115056,买盘
885,14:02:03,11.27,--,29,32874,卖盘
886,14:01:57,11.27,0.01,569,641465,买盘
887,14:01:54,11.26,--,10,11260,卖盘
888,14:01:51,11.26,-0.01,18,20268,卖盘
889,14:01:48,11.27,0.01,110,123970,买盘
890,14:01:42,11.26,-0.01,299,336674,卖盘
891,14:01:39,11.27,0.01,9,10143,买盘
892,14:01:36,11.26,-0.01,111,124986,卖盘
893,14:01:33,11.27,--,4,4508,买盘
894,14:01:30,11.27,0.01,100,112700,买盘
895,14:01:27,11.26,-0.01,1,1126,卖盘
896,14:01:21,11.27,--,3,3381,买盘
897,14:01:09,11.27,--,21,23667,买盘
898,14:01:06,11.27,0.01,40,45080,买盘
899,14:01:03,11.26,-0.01,9,10336,卖盘
900,14:01:00,11.27,--,3,3381,买盘
901,14:00:54,11.27,--,100,112700,买盘
902,14:00:51,11.27,--,1,1127,买盘
903,14:00:48,11.27,--,6,6762,买盘
904,14:00:45,11.27,0.01,12,13524,买盘
905,14:00:42,11.26,--,18,20268,卖盘
906,14:00:39,11.26,-0.01,1,1126,卖盘
907,14:00:36,11.27,0.01,37,41699,买盘
908,14:00:24,11.26,--,34,38284,卖盘
909,14:00:21,11.26,--,101,113726,卖盘
910,14:00:18,11.26,-0.01,30,33780,卖盘
911,14:00:12,11.27,0.01,41,46207,买盘
912,14:00:06,11.26,--,42,47483,卖盘
913,14:00:03,11.26,--,10,11260,卖盘
914,13:59:57,11.26,--,13,14638,卖盘
915,13:59:54,11.26,-0.01,44,49544,卖盘
916,13:59:51,11.27,0.01,200,225400,买盘
917,13:59:48,11.26,-0.01,10,11260,卖盘
918,13:59:45,11.27,--,2,2254,买盘
919,13:59:42,11.27,0.01,13,14651,买盘
920,13:59:39,11.26,--,1,1126,卖盘
921,13:59:36,11.26,--,15,16890,卖盘
922,13:59:30,11.26,-0.01,18,20268,卖盘
923,13:59:27,11.27,0.01,16,18032,买盘
924,13:59:21,11.26,-0.01,50,56300,卖盘
925,13:59:15,11.27,--,67,75509,买盘
926,13:59:12,11.27,0.01,5,5635,买盘
927,13:59:09,11.26,-0.01,26,29276,卖盘
928,13:59:06,11.27,--,118,132986,买盘
929,13:59:03,11.27,--,1,1127,买盘
930,13:59:00,11.27,0.01,1,1127,买盘
931,13:58:57,11.26,-0.01,29,32654,卖盘
932,13:58:54,11.27,0.01,10,11270,买盘
933,13:58:51,11.26,--,2,2252,卖盘
934,13:58:48,11.26,-0.01,50,56300,卖盘
935,13:58:42,11.27,0.01,139,156844,买盘
936,13:58:39,11.26,-0.01,193,217318,卖盘
937,13:58:36,11.27,--,22,24794,买盘
938,13:58:30,11.27,--,48,54096,买盘
939,13:58:27,11.27,0.01,2,2254,买盘
940,13:58:24,11.26,--,153,172278,卖盘
941,13:58:21,11.26,--,18,20268,卖盘
942,13:58:18,11.26,-0.01,48,54048,卖盘
943,13:58:15,11.27,--,10,11270,买盘
944,13:58:12,11.27,0.01,27,30462,买盘
945,13:58:09,11.26,--,41,46166,卖盘
946,13:58:06,11.26,--,242,272492,卖盘
947,13:58:03,11.26,--,1,1126,卖盘
948,13:58:00,11.26,--,30,33780,卖盘
949,13:57:54,11.26,--,8,10088,卖盘
950,13:57:48,11.26,-0.01,48,54048,卖盘
951,13:57:39,11.27,0.01,12,13524,买盘
952,13:57:36,11.26,-0.01,292,328792,卖盘
953,13:57:27,11.27,--,18,20286,买盘
954,13:57:24,11.27,0.01,1,1127,买盘
955,13:57:21,11.26,-0.01,16,18939,卖盘
956,13:57:18,11.27,--,9,10143,卖盘
957,13:57:12,11.27,-0.01,47,52969,卖盘
958,13:57:09,11.28,0.01,24,27850,买盘
959,13:57:06,11.27,-0.01,114,128478,卖盘
960,13:57:03,11.28,--,6,6768,买盘
961,13:57:00,11.28,0.01,1,1128,买盘
962,13:56:57,11.27,--,20,22540,卖盘
963,13:56:54,11.27,-0.01,10,11270,卖盘
964,13:56:51,11.28,0.01,45,50760,买盘
965,13:56:45,11.27,-0.01,29,32683,卖盘
966,13:56:42,11.28,0.01,17,19176,买盘
967,13:56:39,11.27,--,6,6762,卖盘
968,13:56:36,11.27,--,87,98049,卖盘
969,13:56:33,11.27,-0.01,38,43648,卖盘
970,13:56:30,11.28,--,2,2256,买盘
971,13:56:24,11.28,--,13,14664,买盘
972,13:56:21,11.28,0.01,60,67680,买盘
973,13:56:18,11.27,--,20,22540,卖盘
974,13:56:15,11.27,--,54,60858,卖盘
975,13:56:12,11.27,--,27,30429,卖盘
976,13:56:09,11.27,-0.01,4,4508,卖盘
977,13:56:06,11.28,--,13,14664,买盘
978,13:55:57,11.28,0.01,48,54144,买盘
979,13:55:54,11.27,-0.01,12,13524,卖盘
980,13:55:51,11.28,--,1,1128,买盘
981,13:55:48,11.28,--,350,394800,买盘
982,13:55:45,11.28,--,30,33840,买盘
983,13:55:42,11.28,0.01,1,1128,买盘
984,13:55:36,11.27,-0.01,31,34937,卖盘
985,13:55:33,11.28,0.01,8,9024,买盘
986,13:55:30,11.27,--,107,121445,买盘
987,13:55:27,11.27,0.01,3,3381,买盘
988,13:55:21,11.26,--,5,5630,卖盘
989,13:55:15,11.26,-0.01,26,29276,卖盘
990,13:55:12,11.27,0.01,13,14651,买盘
991,13:55:09,11.26,-0.01,58,65308,卖盘
992,13:55:06,11.27,--,14,15778,买盘
993,13:55:03,11.27,0.01,16,18032,买盘
994,13:55:00,11.26,-0.01,1,1126,卖盘
995,13:54:57,11.27,--,215,242305,买盘
996,13:54:54,11.27,--,10,11270,买盘
997,13:54:48,11.27,--,108,121716,买盘
998,13:54:45,11.27,--,2,2254,买盘
999,13:54:42,11.27,0.01,50,56350,买盘
1000,13:54:39,11.26,--,21,23646,卖盘
1001,13:54:36,11.26,-0.01,11,12386,卖盘
1002,13:54:30,11.27,--,10,11270,买盘
1003,13:54:27,11.27,-0.01,171,192987,卖盘
1004,13:54:24,11.28,--,25,28200,买盘
1005,13:54:18,11.28,0.01,7,8753,买盘
1006,13:54:15,11.27,-0.01,32,36064,卖盘
1007,13:54:09,11.28,0.01,7,7896,买盘
1008,13:54:06,11.27,-0.01,211,237797,卖盘
1009,13:54:03,11.28,0.01,14,15792,买盘
1010,13:53:57,11.27,-0.01,10,11270,卖盘
1011,13:53:51,11.28,--,50,56400,买盘
1012,13:53:48,11.28,--,10,11280,买盘
1013,13:53:42,11.28,--,40,45120,买盘
1014,13:53:36,11.28,0.01,16,18048,买盘
1015,13:53:33,11.27,-0.01,27,30429,卖盘
1016,13:53:30,11.28,0.01,55,62040,买盘
1017,13:53:27,11.27,--,53,59731,卖盘
1018,13:53:24,11.27,--,5,5635,卖盘
1019,13:53:21,11.27,0.01,302,340354,买盘
1020,13:53:18,11.26,--,26,29276,卖盘
1021,13:53:09,11.26,--,2,2252,卖盘
1022,13:53:06,11.26,--,14,15764,卖盘
1023,13:53:00,11.26,--,9,10134,卖盘
1024,13:52:54,11.26,--,20,22520,卖盘
1025,13:52:51,11.26,--,49,55174,卖盘
1026,13:52:39,11.26,--,4,4504,卖盘
1027,13:52:36,11.26,--,11,12386,卖盘
1028,13:52:33,11.26,0.01,94,105844,买盘
1029,13:52:30,11.25,-0.01,174,195750,卖盘
1030,13:52:27,11.26,--,10,11260,买盘
1031,13:52:21,11.26,--,12,13512,买盘
1032,13:52:18,11.26,--,31,34906,买盘
1033,13:52:15,11.26,--,100,112600,买盘
1034,13:52:06,11.26,0.01,13,14638,买盘
1035,13:52:00,11.25,--,24,27000,卖盘
1036,13:51:57,11.25,-0.01,31,34875,卖盘
1037,13:51:51,11.26,--,10,11260,买盘
1038,13:51:45,11.26,-0.01,10,11260,买盘
1039,13:51:42,11.27,0.02,57,64239,买盘
1040,13:51:39,11.25,--,14,16087,卖盘
1041,13:51:21,11.25,-0.01,82,92250,卖盘
1042,13:51:18,11.26,-0.01,16,18038,卖盘
1043,13:51:15,11.27,0.01,130,146510,买盘
1044,13:51:09,11.26,--,42,47292,卖盘
1045,13:51:06,11.26,-0.01,11,12386,卖盘
1046,13:51:03,11.27,0.01,5,5635,买盘
1047,13:51:00,11.26,-0.01,14,15944,卖盘
1048,13:50:54,11.27,0.01,8,9016,买盘
1049,13:50:48,11.26,--,37,41662,卖盘
1050,13:50:42,11.26,--,3,3378,卖盘
1051,13:50:39,11.26,--,37,41662,卖盘
1052,13:50:36,11.26,--,11,12386,卖盘
1053,13:50:33,11.26,--,11,12386,卖盘
1054,13:50:30,11.26,-0.01,55,61930,卖盘
1055,13:50:27,11.27,0.01,208,234416,买盘
1056,13:50:24,11.26,-0.01,26,29276,卖盘
1057,13:50:15,11.27,0.01,18,20286,买盘
1058,13:50:12,11.26,-0.01,18,20268,卖盘
1059,13:50:09,11.27,0.01,10,11270,买盘
1060,13:50:06,11.26,-0.01,81,91206,卖盘
1061,13:50:03,11.27,--,352,396704,买盘
1062,13:50:00,11.27,--,21,23667,买盘
1063,13:49:57,11.27,--,6,6762,买盘
1064,13:49:54,11.27,--,69,77763,买盘
1065,13:49:51,11.27,-0.01,425,478975,卖盘
1066,13:49:48,11.28,--,323,364344,买盘
1067,13:49:45,11.28,--,100,112800,买盘
1068,13:49:42,11.28,--,8,9024,买盘
1069,13:49:39,11.28,0.01,42,47376,买盘
1070,13:49:36,11.27,--,11,12397,卖盘
1071,13:49:33,11.27,--,225,253575,买盘
1072,13:49:30,11.27,0.01,10,11270,买盘
1073,13:49:27,11.26,--,6,6756,卖盘
1074,13:49:24,11.26,-0.01,55,61930,卖盘
1075,13:49:21,11.27,0.01,7,7889,买盘
1076,13:49:12,11.26,-0.01,38,42788,卖盘
1077,13:49:09,11.27,--,34,38318,买盘
1078,13:49:06,11.27,0.01,36,40572,买盘
1079,13:48:57,11.26,--,15,16890,卖盘
1080,13:48:51,11.26,-0.01,10,11260,卖盘
1081,13:48:48,11.27,--,23,25921,买盘
1082,13:48:45,11.27,--,143,161161,买盘
1083,13:48:42,11.27,--,42,47334,买盘
1084,13:48:39,11.27,--,23,25921,买盘
1085,13:48:36,11.27,0.01,109,122843,买盘
1086,13:48:33,11.26,-0.02,111,124986,卖盘
1087,13:48:30,11.28,--,1110,1252080,买盘
1088,13:48:27,11.28,0.01,38,42864,买盘
1089,13:48:24,11.27,-0.01,33,37506,卖盘
1090,13:48:21,11.28,--,20,22560,买盘
1091,13:48:15,11.28,0.01,35,39480,买盘
1092,13:48:06,11.27,--,54,60858,卖盘
1093,13:48:03,11.27,--,341,384307,卖盘
1094,13:48:00,11.27,--,357,403240,买盘
1095,13:47:57,11.27,0.01,438,493626,买盘
1096,13:47:54,11.26,--,27,30402,卖盘
1097,13:47:51,11.26,-0.01,5,5630,卖盘
1098,13:47:48,11.27,--,10,11270,买盘
1099,13:47:45,11.27,--,4,4508,买盘
1100,13:47:42,11.27,0.01,6,6762,买盘
1101,13:47:36,11.26,0.01,212,238880,买盘
1102,13:47:33,11.25,-0.01,21,23625,卖盘
1103,13:47:30,11.26,--,147,166479,卖盘
1104,13:47:27,11.26,-0.01,51,57426,卖盘
1105,13:47:24,11.27,--,32,36064,买盘
1106,13:47:21,11.27,--,60,67620,买盘
1107,13:47:18,11.27,--,56,64092,买盘
1108,13:47:15,11.27,0.01,112,126224,买盘
1109,13:47:12,11.26,-0.01,103,116293,卖盘
1110,13:47:09,11.27,0.01,41,46207,买盘
1111,13:47:06,11.26,-0.01,11,12386,卖盘
1112,13:47:03,11.27,0.01,5,5635,买盘
1113,13:46:57,11.26,-0.01,63,70938,卖盘
1114,13:46:54,11.27,0.01,28,31556,买盘
1115,13:46:51,11.26,-0.01,29,32654,卖盘
1116,13:46:48,11.27,0.02,10,11270,买盘
1117,13:46:42,11.25,-0.02,18,20250,卖盘
1118,13:46:39,11.27,0.02,15,16905,卖盘
1119,13:46:36,11.25,-0.01,316,356208,卖盘
1120,13:46:33,11.26,--,25,28150,买盘
1121,13:46:30,11.26,--,25,28150,卖盘
1122,13:46:27,11.26,--,56,63056,买盘
1123,13:46:24,11.26,0.01,3,3378,买盘
1124,13:46:21,11.25,-0.01,20,22500,卖盘
1125,13:46:18,11.26,-0.01,60,67560,卖盘
1126,13:46:15,11.27,--,33,37191,买盘
1127,13:46:09,11.27,--,36,40572,买盘
1128,13:46:06,11.27,0.01,64,72128,买盘
1129,13:45:51,11.26,0.02,477,537102,买盘
1130,13:45:45,11.24,--,25,28100,买盘
1131,13:45:36,11.24,0.02,13,14612,买盘
1132,13:45:33,11.22,--,18,20196,卖盘
1133,13:45:30,11.22,-0.01,426,477972,卖盘
1134,13:45:27,11.23,--,20,22460,买盘
1135,13:45:24,11.23,0.01,4,4492,中性盘
1136,13:45:21,11.22,-0.01,11,12342,卖盘
1137,13:45:18,11.23,--,25,28075,卖盘
1138,13:45:15,11.23,0.01,20,22460,买盘
1139,13:45:12,11.22,-0.01,181,203082,卖盘
1140,13:45:09,11.23,0.01,38,42674,买盘
1141,13:45:06,11.22,--,27,30294,卖盘
1142,13:45:03,11.22,-0.01,54,60588,卖盘
1143,13:45:00,11.23,0.01,130,145990,买盘
1144,13:44:57,11.22,--,56,62832,买盘
1145,13:44:54,11.22,-0.01,568,637296,卖盘
1146,13:44:51,11.23,0.01,134,150482,买盘
1147,13:44:48,11.22,-0.01,17,19074,卖盘
1148,13:44:45,11.23,--,50,56150,买盘
1149,13:44:42,11.23,0.01,3,3369,买盘
1150,13:44:39,11.22,-0.01,25,28050,卖盘
1151,13:44:36,11.23,--,111,124653,买盘
1152,13:44:33,11.23,0.01,36,40428,买盘
1153,13:44:30,11.22,-0.01,28,31416,卖盘
1154,13:44:27,11.23,--,20,22460,买盘
1155,13:44:24,11.23,--,34,38182,买盘
1156,13:44:21,11.23,--,96,107808,买盘
1157,13:44:18,11.23,--,47,52781,买盘
1158,13:44:15,11.23,0.01,1,1123,买盘
1159,13:44:12,11.22,--,108,121176,卖盘
1160,13:44:09,11.22,--,45,50490,卖盘
1161,13:44:06,11.22,--,11,12342,卖盘
1162,13:44:03,11.22,-0.01,3,3366,卖盘
1163,13:44:00,11.23,0.01,146,163958,买盘
1164,13:43:57,11.22,--,165,185556,买盘
1165,13:43:51,11.22,0.01,88,98736,买盘
1166,13:43:48,11.21,--,10,11210,卖盘
1167,13:43:45,11.21,--,2,2242,卖盘
1168,13:43:42,11.21,--,131,146851,卖盘
1169,13:43:39,11.21,--,355,398997,买盘
1170,13:43:36,11.21,--,89,99769,买盘
1171,13:43:33,11.21,0.01,106,118826,买盘
1172,13:43:30,11.2,-0.01,160,179200,卖盘
1173,13:43:27,11.21,--,407,456247,买盘
1174,13:43:24,11.21,0.01,372,417012,买盘
1175,13:43:21,11.2,-0.01,129,145028,卖盘
1176,13:43:18,11.21,0.01,69,78144,买盘
1177,13:43:15,11.2,--,149,166880,卖盘
1178,13:43:12,11.2,--,71,79520,卖盘
1179,13:43:09,11.2,--,21,23520,卖盘
1180,13:43:06,11.2,--,151,169120,卖盘
1181,13:43:03,11.2,--,100,112000,卖盘
1182,13:43:00,11.2,--,88,98560,卖盘
1183,13:42:57,11.2,-0.01,60,67200,卖盘
1184,13:42:54,11.21,--,40,44840,买盘
1185,13:42:51,11.21,--,1613,1808498,卖盘
1186,13:42:48,11.21,-0.01,11,12331,卖盘
1187,13:42:45,11.22,--,41,46002,买盘
1188,13:42:42,11.22,0.01,8,8976,买盘
1189,13:42:39,11.21,--,34,38114,卖盘
1190,13:42:36,11.21,-0.01,89,99769,卖盘
1191,13:42:24,11.22,0.01,102,114444,买盘
1192,13:42:21,11.21,--,116,130036,卖盘
1193,13:42:18,11.21,--,181,203696,卖盘
1194,13:42:15,11.21,-0.01,16,17936,卖盘
1195,13:42:12,11.22,--,113,126786,买盘
1196,13:42:09,11.22,0.01,216,242352,买盘
1197,13:42:06,11.21,-0.01,35,39235,卖盘
1198,13:42:03,11.22,--,23,25806,买盘
1199,13:42:00,11.22,0.01,64,71808,买盘
1200,13:41:57,11.21,-0.01,42,47082,卖盘
1201,13:41:54,11.22,--,450,505595,卖盘
1202,13:41:51,11.22,--,65,72930,卖盘
1203,13:41:48,11.22,--,58,65076,卖盘
1204,13:41:45,11.22,--,27,30294,卖盘
1205,13:41:42,11.22,0.01,542,608550,买盘
1206,13:41:39,11.21,--,56,62776,卖盘
1207,13:41:36,11.21,-0.01,42,47082,卖盘
1208,13:41:33,11.22,0.01,184,206448,买盘
1209,13:41:24,11.21,-0.02,50,56050,卖盘
1210,13:41:21,11.23,0.02,46,51658,买盘
1211,13:41:18,11.21,-0.01,38,43349,卖盘
1212,13:41:15,11.22,--,121,135762,卖盘
1213,13:41:12,11.22,--,1007,1129854,卖盘
1214,13:41:09,11.22,--,61,68442,卖盘
1215,13:41:06,11.22,--,76,85272,卖盘
1216,13:41:03,11.22,-0.01,40,44880,卖盘
1217,13:41:00,11.23,0.01,426,478398,买盘
1218,13:40:57,11.22,--,105,118831,卖盘
1219,13:40:54,11.22,--,89,99858,卖盘
1220,13:40:51,11.22,--,78,87516,卖盘
1221,13:40:48,11.22,-0.01,86,96963,卖盘
1222,13:40:45,11.23,--,16,17968,买盘
1223,13:40:42,11.23,0.01,96,107808,买盘
1224,13:40:39,11.22,-0.01,26,29172,卖盘
1225,13:40:36,11.23,--,129,145552,卖盘
1226,13:40:33,11.23,--,639,717597,卖盘
1227,13:40:30,11.23,--,147,165081,卖盘
1228,13:40:27,11.23,--,13,14599,卖盘
1229,13:40:24,11.23,--,108,121284,卖盘
1230,13:40:21,11.23,--,22,24706,卖盘
1231,13:40:18,11.23,--,1010,1134230,卖盘
1232,13:40:15,11.23,-0.01,15,17642,卖盘
1233,13:40:09,11.24,--,23,26177,卖盘
1234,13:40:06,11.24,-0.01,316,355184,卖盘
1235,13:40:03,11.25,0.01,44,49500,买盘
1236,13:40:00,11.24,--,61,68564,卖盘
1237,13:39:57,11.24,--,22,24728,卖盘
1238,13:39:54,11.24,-0.01,123,138252,卖盘
1239,13:39:51,11.25,--,46,51750,买盘
1240,13:39:48,11.25,--,218,245250,买盘
1241,13:39:45,11.25,0.01,13,14625,买盘
1242,13:39:42,11.24,-0.01,26,29224,卖盘
1243,13:39:39,11.25,0.01,99,111375,买盘
1244,13:39:36,11.24,-0.01,50,56200,卖盘
1245,13:39:33,11.25,0.01,35,39375,买盘
1246,13:39:30,11.24,--,72,80928,卖盘
1247,13:39:27,11.24,--,39,43836,卖盘
1248,13:39:21,11.24,--,66,74184,卖盘
1249,13:39:18,11.24,-0.01,62,70486,卖盘
1250,13:39:15,11.25,--,5,5625,买盘
1251,13:39:12,11.25,0.01,12,13500,买盘
1252,13:39:09,11.24,--,171,192204,卖盘
1253,13:39:06,11.24,--,11,12364,卖盘
1254,13:39:03,11.24,-0.01,116,130384,卖盘
1255,13:39:00,11.25,--,32,36000,买盘
1256,13:38:54,11.25,--,13,14625,买盘
1257,13:38:51,11.25,--,1,1125,买盘
1258,13:38:48,11.25,--,38,42750,买盘
1259,13:38:45,11.25,0.01,13,14625,买盘
1260,13:38:42,11.24,--,42,47208,卖盘
1261,13:38:39,11.24,-0.01,30,33720,卖盘
1262,13:38:36,11.25,--,49,55125,买盘
1263,13:38:33,11.25,--,8,9000,买盘
1264,13:38:30,11.25,--,57,64125,买盘
1265,13:38:27,11.25,--,118,132750,买盘
1266,13:38:21,11.25,--,9,10125,买盘
1267,13:38:15,11.25,0.01,30,33750,买盘
1268,13:38:12,11.24,-0.01,1,1124,卖盘
1269,13:38:09,11.25,0.01,43,48375,买盘
1270,13:38:06,11.24,-0.01,47,52828,卖盘
1271,13:38:03,11.25,--,73,82125,买盘
1272,13:38:00,11.25,0.01,20,22500,买盘
1273,13:37:57,11.24,-0.01,47,52828,卖盘
1274,13:37:54,11.25,--,10,11250,买盘
1275,13:37:51,11.25,--,58,65250,买盘
1276,13:37:48,11.25,--,873,982597,卖盘
1277,13:37:42,11.25,--,199,223875,卖盘
1278,13:37:39,11.25,-0.01,20,22500,卖盘
1279,13:37:36,11.26,--,22,24772,买盘
1280,13:37:30,11.26,0.01,21,23646,买盘
1281,13:37:27,11.25,-0.01,24,27000,卖盘
1282,13:37:24,11.26,0.01,20,22520,买盘
1283,13:37:21,11.25,-0.01,43,48375,卖盘
1284,13:37:18,11.26,--,71,79946,买盘
1285,13:37:15,11.26,0.01,33,37158,买盘
1286,13:37:12,11.25,-0.01,24,27000,卖盘
1287,13:37:09,11.26,0.01,185,208310,买盘
1288,13:37:06,11.25,--,64,72000,卖盘
1289,13:37:03,11.25,--,9,10125,卖盘
1290,13:36:54,11.25,--,4,4500,卖盘
1291,13:36:45,11.25,-0.01,26,29250,卖盘
1292,13:36:42,11.26,--,8,9008,买盘
1293,13:36:39,11.26,--,70,78820,买盘
1294,13:36:36,11.26,--,38,42788,买盘
1295,13:36:33,11.26,--,42,47292,买盘
1296,13:36:30,11.26,--,17,19142,买盘
1297,13:36:27,11.26,-0.01,117,131742,卖盘
1298,13:36:24,11.27,--,4,4508,买盘
1299,13:36:21,11.27,0.01,2,2254,买盘
1300,13:36:18,11.26,--,1,1126,卖盘
1301,13:36:12,11.26,--,18,20268,买盘
1302,13:36:09,11.26,--,19,21394,买盘
1303,13:36:06,11.26,--,95,106970,卖盘
1304,13:36:03,11.26,--,12,13512,卖盘
1305,13:36:00,11.26,--,19,21394,卖盘
1306,13:35:57,11.26,-0.01,1,1126,卖盘
1307,13:35:51,11.27,0.01,5,5635,买盘
1308,13:35:48,11.26,--,6,6756,买盘
1309,13:35:45,11.26,--,41,46166,买盘
1310,13:35:42,11.26,0.01,1,1126,买盘
1311,13:35:39,11.25,--,50,56250,卖盘
1312,13:35:36,11.25,-0.02,11,12375,卖盘
1313,13:35:33,11.27,0.01,48,54096,买盘
1314,13:35:30,11.26,--,20,22520,买盘
1315,13:35:27,11.26,--,36,40536,买盘
1316,13:35:24,11.26,--,26,29276,买盘
1317,13:35:21,11.26,--,23,25898,买盘
1318,13:35:15,11.26,--,9,10134,买盘
1319,13:35:12,11.26,--,10,11260,买盘
1320,13:35:09,11.26,--,44,49544,买盘
1321,13:35:06,11.26,--,147,165522,买盘
1322,13:35:03,11.26,--,9,10134,买盘
1323,13:35:00,11.26,--,205,230830,买盘
1324,13:34:57,11.26,--,29,32654,买盘
1325,13:34:54,11.26,-0.01,184,207184,卖盘
1326,13:34:51,11.27,0.01,29,32683,买盘
1327,13:34:48,11.26,--,85,95710,卖盘
1328,13:34:42,11.26,-0.01,365,410990,卖盘
1329,13:34:39,11.27,--,3,3381,买盘
1330,13:34:36,11.27,--,43,48461,买盘
1331,13:34:33,11.27,--,12,13524,买盘
1332,13:34:30,11.27,--,21,23667,买盘
1333,13:34:27,11.27,--,203,228781,买盘
1334,13:34:24,11.27,0.01,50,56350,买盘
1335,13:34:18,11.26,-0.01,8,9008,卖盘
1336,13:34:12,11.27,-0.01,219,247714,卖盘
1337,13:34:09,11.28,0.01,20,22560,买盘
1338,13:34:06,11.27,--,16,18032,卖盘
1339,13:34:00,11.27,--,195,219990,买盘
1340,13:33:57,11.27,--,54,60858,买盘
1341,13:33:54,11.27,--,161,181447,买盘
1342,13:33:48,11.27,0.01,44,49588,买盘
1343,13:33:45,11.26,--,46,51796,卖盘
1344,13:33:42,11.26,0.01,19,21394,卖盘
1345,13:33:36,11.25,-0.01,126,141750,卖盘
1346,13:33:33,11.26,--,92,104436,买盘
1347,13:33:30,11.26,--,10,11260,买盘
1348,13:33:27,11.26,--,32,36032,买盘
1349,13:33:24,11.26,0.01,5,5630,买盘
1350,13:33:21,11.25,-0.01,1,1125,卖盘
1351,13:33:18,11.26,--,1,1126,买盘
1352,13:33:15,11.26,--,112,126112,买盘
1353,13:33:12,11.26,--,10,11260,买盘
1354,13:33:09,11.26,0.01,20,22520,买盘
1355,13:33:06,11.25,--,166,186750,卖盘
1356,13:33:03,11.25,-0.01,7,7875,卖盘
1357,13:33:00,11.26,0.01,10,11260,买盘
1358,13:32:57,11.25,--,19,21375,卖盘
1359,13:32:54,11.25,--,400,450000,卖盘
1360,13:32:51,11.25,-0.01,1,1125,卖盘
1361,13:32:48,11.26,--,91,102466,买盘
1362,13:32:45,11.26,--,15,16890,买盘
1363,13:32:42,11.26,0.01,117,131742,买盘
1364,13:32:39,11.25,--,83,93375,卖盘
1365,13:32:36,11.25,-0.01,52,58500,卖盘
1366,13:32:33,11.26,0.01,36,40536,买盘
1367,13:32:30,11.25,-0.01,34,38250,卖盘
1368,13:32:27,11.26,0.01,59,66434,买盘
1369,13:32:24,11.25,-0.01,14,15750,卖盘
1370,13:32:21,11.26,--,8,9008,买盘
1371,13:32:18,11.26,--,178,200428,买盘
1372,13:32:12,11.26,--,126,141876,买盘
1373,13:32:09,11.26,--,11,12386,买盘
1374,13:32:06,11.26,--,38,42788,买盘
1375,13:32:03,11.26,--,35,39410,买盘
1376,13:32:00,11.26,--,10,11260,买盘
1377,13:31:57,11.26,0.01,4,4504,买盘
1378,13:31:54,11.25,-0.01,32,36000,卖盘
1379,13:31:51,11.26,0.01,25,28150,买盘
1380,13:31:42,11.25,--,141,158625,卖盘
1381,13:31:39,11.25,--,345,389058,买盘
1382,13:31:36,11.25,--,65,73125,买盘
1383,13:31:33,11.25,--,305,343125,买盘
1384,13:31:30,11.25,--,105,119047,买盘
1385,13:31:27,11.25,--,36,40500,买盘
1386,13:31:24,11.25,0.01,489,550125,买盘
1387,13:31:21,11.24,--,654,735096,卖盘
1388,13:31:18,11.24,-0.01,52,58448,卖盘
1389,13:31:15,11.25,--,119,133875,买盘
1390,13:31:12,11.25,--,14,15750,买盘
1391,13:31:09,11.25,0.01,17,19125,买盘
1392,13:31:06,11.24,--,21,23604,卖盘
1393,13:31:03,11.24,--,26,29224,卖盘
1394,13:31:00,11.24,-0.01,102,114648,卖盘
1395,13:30:57,11.25,--,40,45000,买盘
1396,13:30:51,11.25,0.01,31,34875,买盘
1397,13:30:45,11.24,--,28,31472,卖盘
1398,13:30:42,11.24,--,133,149694,买盘
1399,13:30:39,11.24,--,114,129057,卖盘
1400,13:30:36,11.24,--,164,184336,卖盘
1401,13:30:33,11.24,-0.01,35,39340,卖盘
1402,13:30:30,11.25,--,22,24750,买盘
1403,13:30:27,11.25,0.01,8,9000,买盘
1404,13:30:24,11.24,-0.01,17,19108,卖盘
1405,13:30:21,11.25,--,505,568125,卖盘
1406,13:30:18,11.25,-0.01,37,41625,卖盘
1407,13:30:15,11.26,--,30,33780,买盘
1408,13:30:12,11.26,0.01,18,20268,买盘
1409,13:30:09,11.25,-0.01,41,46125,卖盘
1410,13:30:06,11.26,0.01,41,46166,买盘
1411,13:30:03,11.25,--,9,10125,卖盘
1412,13:30:00,11.25,--,26,29250,卖盘
1413,13:29:57,11.25,--,89,100867,卖盘
1414,13:29:54,11.25,--,8,9000,卖盘
1415,13:29:48,11.25,--,27,30375,卖盘
1416,13:29:45,11.25,--,200,225000,卖盘
1417,13:29:39,11.25,--,15,17921,卖盘
1418,13:29:36,11.25,--,28,31500,卖盘
1419,13:29:33,11.25,-0.01,7,7875,卖盘
1420,13:29:30,11.26,0.01,4,4504,买盘
1421,13:29:24,11.25,-0.01,80,90000,卖盘
1422,13:29:21,11.26,0.01,24,27024,买盘
1423,13:29:18,11.25,--,10,11250,卖盘
1424,13:29:15,11.25,-0.01,87,98786,卖盘
1425,13:29:12,11.26,--,57,64182,买盘
1426,13:29:09,11.26,--,79,88954,买盘
1427,13:29:06,11.26,0.01,16,18016,买盘
1428,13:29:03,11.25,-0.01,35,39375,卖盘
1429,13:29:00,11.26,--,31,34906,买盘
1430,13:28:54,11.26,0.01,9,10134,买盘
1431,13:28:51,11.25,-0.01,18,21127,卖盘
1432,13:28:48,11.26,0.01,37,41662,买盘
1433,13:28:45,11.25,--,10,11250,卖盘
1434,13:28:39,11.25,-0.01,60,67500,卖盘
1435,13:28:36,11.26,0.01,46,51796,买盘
1436,13:28:30,11.25,-0.01,213,239625,卖盘
1437,13:28:27,11.26,0.01,105,118230,买盘
1438,13:28:24,11.25,-0.01,48,54000,卖盘
1439,13:28:21,11.26,--,70,78820,买盘
1440,13:28:15,11.26,--,3,3378,买盘
1441,13:28:12,11.26,0.01,33,37158,买盘
1442,13:28:09,11.25,-0.01,59,66375,卖盘
1443,13:28:06,11.26,0.01,27,30402,买盘
1444,13:28:03,11.25,-0.01,10,11250,卖盘
1445,13:28:00,11.26,0.01,105,118230,买盘
1446,13:27:57,11.25,--,6,6750,卖盘
1447,13:27:54,11.25,-0.01,11,12375,卖盘
1448,13:27:51,11.26,--,106,119356,买盘
1449,13:27:45,11.26,0.01,40,45040,买盘
1450,13:27:42,11.25,--,32,36000,卖盘
1451,13:27:39,11.25,0.01,183,205875,买盘
1452,13:27:36,11.24,-0.01,16,17984,卖盘
1453,13:27:27,11.25,--,20,22500,买盘
1454,13:27:24,11.25,0.01,54,60750,买盘
1455,13:27:21,11.24,--,4,4496,卖盘
1456,13:27:18,11.24,-0.01,305,342820,卖盘
1457,13:27:15,11.25,0.01,16,18000,买盘
1458,13:27:12,11.24,--,303,340572,卖盘
1459,13:27:09,11.24,--,6,6744,卖盘
1460,13:27:06,11.24,-0.01,622,699128,卖盘
1461,13:27:03,11.25,--,106,119250,买盘
1462,13:26:57,11.25,0.01,42,47250,买盘
1463,13:26:54,11.24,-0.01,10,11240,卖盘
1464,13:26:48,11.25,0.01,1,1125,买盘
1465,13:26:45,11.24,-0.01,27,30348,卖盘
1466,13:26:42,11.25,0.01,40,45000,买盘
1467,13:26:39,11.24,--,136,152864,卖盘
1468,13:26:36,11.24,--,72,80928,卖盘
1469,13:26:33,11.24,--,16,17984,卖盘
1470,13:26:30,11.24,--,196,220764,卖盘
1471,13:26:27,11.24,--,186,209064,卖盘
1472,13:26:24,11.24,-0.01,10,11240,卖盘
1473,13:26:21,11.25,--,100,112500,买盘
1474,13:26:12,11.25,0.02,53,59625,买盘
1475,13:26:09,11.23,-0.01,32,35936,卖盘
1476,13:26:06,11.24,--,19,21356,卖盘
1477,13:26:03,11.24,0.01,36,40464,买盘
1478,13:26:00,11.23,-0.02,83,93209,卖盘
1479,13:25:54,11.25,--,224,252000,买盘
1480,13:25:51,11.25,0.01,10,11250,买盘
1481,13:25:48,11.24,--,2,2248,卖盘
1482,13:25:45,11.24,--,47,52906,卖盘
1483,13:25:42,11.24,--,31,34844,卖盘
1484,13:25:39,11.24,--,82,92168,卖盘
1485,13:25:36,11.24,--,119,133756,卖盘
1486,13:25:33,11.24,-0.01,65,73060,卖盘
1487,13:25:30,11.25,--,15,16875,买盘
1488,13:25:24,11.25,0.01,41,46125,买盘
1489,13:25:18,11.24,--,161,180964,卖盘
1490,13:25:15,11.24,--,12,13488,卖盘
1491,13:25:12,11.24,-0.01,65,73082,卖盘
1492,13:25:09,11.25,0.01,220,247500,买盘
1493,13:25:06,11.24,--,205,230420,卖盘
1494,13:25:00,11.24,0.01,10,11240,卖盘
1495,13:24:54,11.23,-0.01,391,439093,卖盘
1496,13:24:51,11.24,--,23,25852,买盘
1497,13:24:48,11.24,0.01,215,241660,买盘
1498,13:24:45,11.23,-0.01,11,12353,卖盘
1499,13:24:42,11.24,--,149,167476,卖盘
1500,13:24:39,11.24,--,5,5620,卖盘
1501,13:24:36,11.24,0.01,13,14612,中性盘
1502,13:24:33,11.23,-0.01,26,29198,卖盘
1503,13:24:30,11.24,--,198,223215,买盘
1504,13:24:27,11.24,0.01,250,281000,买盘
1505,13:24:24,11.23,--,31,34813,卖盘
1506,13:24:21,11.23,--,6,6738,卖盘
1507,13:24:18,11.23,-0.01,34,38182,卖盘
1508,13:24:15,11.24,0.01,28,31472,买盘
1509,13:24:12,11.23,--,14,15722,卖盘
1510,13:24:09,11.23,-0.01,695,780485,卖盘
1511,13:24:06,11.24,0.01,12,13488,买盘
1512,13:24:03,11.23,-0.01,36,40428,卖盘
1513,13:24:00,11.24,0.01,110,123640,买盘
1514,13:23:57,11.23,-0.01,33,37059,卖盘
1515,13:23:54,11.24,--,2,2248,买盘
1516,13:23:51,11.24,--,97,109028,买盘
1517,13:23:45,11.24,0.02,41,46084,买盘
1518,13:23:42,11.22,-0.02,192,215424,卖盘
1519,13:23:39,11.24,0.01,266,298984,买盘
1520,13:23:36,11.23,-0.01,45,50535,卖盘
1521,13:23:33,11.24,0.01,190,213560,买盘
1522,13:23:30,11.23,-0.01,40,44920,卖盘
1523,13:23:27,11.24,-0.01,57,64528,卖盘
1524,13:23:24,11.25,--,24,27000,买盘
1525,13:23:21,11.25,--,301,338625,买盘
1526,13:23:18,11.25,-0.01,115,129375,卖盘
1527,13:23:15,11.26,--,2,2252,买盘
1528,13:23:12,11.26,0.01,1273,1434062,买盘
1529,13:23:09,11.25,--,47,52875,卖盘
1530,13:23:06,11.25,-0.01,119,133875,卖盘
1531,13:23:03,11.26,--,28,31528,买盘
1532,13:23:00,11.26,0.01,211,237586,买盘
1533,13:22:57,11.25,-0.01,31,34875,卖盘
1534,13:22:54,11.26,-0.01,220,247720,卖盘
1535,13:22:51,11.27,0.01,112,126224,买盘
1536,13:22:48,11.26,-0.01,501,564126,卖盘
1537,13:22:45,11.27,--,20,22540,买盘
1538,13:22:42,11.27,--,73,82271,买盘
1539,13:22:39,11.27,0.01,29,32683,买盘
1540,13:22:36,11.26,--,13,14638,卖盘
1541,13:22:33,11.26,--,292,328792,卖盘
1542,13:22:30,11.26,--,34,38284,卖盘
1543,13:22:27,11.26,-0.01,41,46166,卖盘
1544,13:22:24,11.27,0.01,47,52969,买盘
1545,13:22:18,11.26,-0.01,26,29276,卖盘
1546,13:22:15,11.27,--,104,117208,买盘
1547,13:22:09,11.27,-0.01,67,76410,卖盘
1548,13:22:06,11.28,0.01,113,127464,买盘
1549,13:22:03,11.27,--,95,107065,卖盘
1550,13:22:00,11.27,--,87,98049,卖盘
1551,13:21:57,11.27,--,205,231035,卖盘
1552,13:21:54,11.27,-0.01,109,122843,卖盘
1553,13:21:51,11.28,--,53,59784,买盘
1554,13:21:48,11.28,0.01,5,5640,买盘
1555,13:21:45,11.27,-0.01,25,28175,卖盘
1556,13:21:42,11.28,0.01,19,21432,买盘
1557,13:21:36,11.27,-0.01,254,286258,卖盘
1558,13:21:33,11.28,--,18,20304,买盘
1559,13:21:30,11.28,--,31,34968,买盘
1560,13:21:27,11.28,0.01,10,11280,买盘
1561,13:21:24,11.27,--,1,1127,卖盘
1562,13:21:21,11.27,-0.02,130,146510,卖盘
1563,13:21:18,11.29,0.02,2,2258,中性盘
1564,13:21:12,11.27,-0.02,1963,2212301,卖盘
1565,13:21:09,11.29,-0.01,1,1129,卖盘
1566,13:21:06,11.3,0.01,21,23730,买盘
1567,13:21:03,11.29,0.01,5,5645,买盘
1568,13:21:00,11.28,-0.02,3,3384,卖盘
1569,13:20:57,11.3,0.01,104,117520,买盘
1570,13:20:54,11.29,0.01,30,33870,买盘
1571,13:20:51,11.28,-0.01,13,14664,卖盘
1572,13:20:48,11.29,--,177,199832,买盘
1573,13:20:42,11.29,0.01,73,82417,买盘
1574,13:20:39,11.28,-0.01,70,78960,卖盘
1575,13:20:36,11.29,0.01,18,20322,买盘
1576,13:20:33,11.28,--,65,73320,卖盘
1577,13:20:30,11.28,-0.01,2,2256,卖盘
1578,13:20:27,11.29,--,35,39515,买盘
1579,13:20:24,11.29,0.01,64,72481,买盘
1580,13:20:21,11.28,--,2,2256,卖盘
1581,13:20:18,11.28,--,174,196272,卖盘
1582,13:20:15,11.28,--,246,277488,卖盘
1583,13:20:12,11.28,--,169,190632,卖盘
1584,13:20:09,11.28,--,14,15792,卖盘
1585,13:20:06,11.28,-0.01,463,522263,卖盘
1586,13:20:03,11.29,--,2,2258,买盘
1587,13:20:00,11.29,--,80,90331,卖盘
1588,13:19:57,11.29,-0.01,12,13547,卖盘
1589,13:19:51,11.3,--,55,62150,买盘
1590,13:19:48,11.3,0.01,361,407930,买盘
1591,13:19:45,11.29,-0.01,4,4516,卖盘
1592,13:19:39,11.3,--,12,13560,买盘
1593,13:19:36,11.3,--,49,55403,买盘
1594,13:19:33,11.3,--,10,11865,卖盘
1595,13:19:30,11.3,-0.01,51,57630,卖盘
1596,13:19:27,11.31,--,7,8482,买盘
1597,13:19:24,11.31,0.02,11,12441,买盘
1598,13:19:21,11.29,-0.02,2395,2703955,卖盘
1599,13:19:18,11.31,0.01,94,106483,买盘
1600,13:19:15,11.3,--,383,433027,卖盘
1601,13:19:12,11.3,--,23,27040,卖盘
1602,13:19:09,11.3,--,79,90049,卖盘
1603,13:19:06,11.3,-0.01,418,473323,卖盘
1604,13:19:03,11.31,--,4,4727,卖盘
1605,13:19:00,11.31,-0.01,23,27053,卖盘
1606,13:18:57,11.32,--,2,2264,买盘
1607,13:18:54,11.32,0.01,4,5127,买盘
1608,13:18:51,11.31,--,27,31385,卖盘
1609,13:18:48,11.31,--,35,39675,卖盘
1610,13:18:45,11.31,-0.01,13,14703,卖盘
1611,13:18:42,11.32,0.01,13,14749,买盘
1612,13:18:39,11.31,--,4,5236,卖盘
1613,13:18:36,11.31,--,37,42355,卖盘
1614,13:18:33,11.31,-0.01,27,30537,卖盘
1615,13:18:30,11.32,--,67,75844,买盘
1616,13:18:27,11.32,0.01,6,6837,买盘
1617,13:18:24,11.31,--,20,22620,卖盘
1618,13:18:21,11.31,--,0,395,卖盘
1619,13:18:18,11.31,--,6,7769,卖盘
1620,13:18:15,11.31,-0.01,67,75924,卖盘
1621,13:18:12,11.32,0.01,505,571660,买盘
1622,13:18:09,11.31,--,6,6786,卖盘
1623,13:18:06,11.31,-0.01,11,12441,卖盘
1624,13:18:03,11.32,0.01,51,57732,买盘
1625,13:18:00,11.31,--,9,10179,卖盘
1626,13:17:54,11.31,-0.01,1,1131,卖盘
1627,13:17:51,11.32,--,210,237720,买盘
1628,13:17:48,11.32,--,64,72448,买盘
1629,13:17:45,11.32,0.01,63,71316,买盘
1630,13:17:42,11.31,-0.02,300,339300,卖盘
1631,13:17:39,11.33,--,26,29458,买盘
1632,13:17:36,11.33,0.02,50,56650,买盘
1633,13:17:30,11.31,-0.01,51,57941,卖盘
1634,13:17:27,11.32,-0.01,84,95088,卖盘
1635,13:17:24,11.33,0.01,30,33990,买盘
1636,13:17:21,11.32,--,7,7924,卖盘
1637,13:17:18,11.32,-0.01,2,2264,卖盘
1638,13:17:15,11.33,--,7,7931,买盘
1639,13:17:12,11.33,0.02,24,27192,买盘
1640,13:17:09,11.31,-0.01,129,146068,卖盘
1641,13:17:06,11.32,-0.01,42,47544,卖盘
1642,13:17:03,11.33,--,10,11330,买盘
1643,13:17:00,11.33,0.01,1,1133,买盘
1644,13:16:57,11.32,--,130,147160,卖盘
1645,13:16:51,11.32,-0.01,240,271680,卖盘
1646,13:16:45,11.33,--,1,1133,买盘
1647,13:16:42,11.33,--,14,15862,买盘
1648,13:16:39,11.33,--,1,1133,买盘
1649,13:16:36,11.33,0.01,23,26059,买盘
1650,13:16:33,11.32,-0.01,9,10188,卖盘
1651,13:16:27,11.33,0.01,306,346698,买盘
1652,13:16:24,11.32,--,10,11320,卖盘
1653,13:16:21,11.32,-0.01,22,24904,卖盘
1654,13:16:18,11.33,--,42,47586,买盘
1655,13:16:15,11.33,--,106,120098,买盘
1656,13:16:06,11.33,0.01,51,57783,买盘
1657,13:16:03,11.32,-0.01,3,3396,卖盘
1658,13:16:00,11.33,0.01,3,3399,买盘
1659,13:15:54,11.32,0.01,331,374692,买盘
1660,13:15:51,11.31,--,70,79170,卖盘
1661,13:15:48,11.31,-0.01,32,36192,卖盘
1662,13:15:45,11.32,0.01,28,31696,买盘
1663,13:15:39,11.31,-0.01,4,4524,卖盘
1664,13:15:36,11.32,0.01,68,76976,买盘
1665,13:15:33,11.31,-0.01,9,10179,卖盘
1666,13:15:30,11.32,0.01,71,80372,买盘
1667,13:15:27,11.31,--,29,32799,卖盘
1668,13:15:24,11.31,--,3,3393,卖盘
1669,13:15:18,11.31,-0.01,34,38454,卖盘
1670,13:15:15,11.32,--,5,5660,买盘
1671,13:15:12,11.32,--,11,12452,买盘
1672,13:15:09,11.32,--,1,1132,买盘
1673,13:15:06,11.32,--,48,54336,买盘
1674,13:15:00,11.32,0.01,1,1132,买盘
1675,13:14:57,11.31,-0.01,6,6786,卖盘
1676,13:14:54,11.32,0.01,28,31696,买盘
1677,13:14:51,11.31,--,15,16965,卖盘
1678,13:14:48,11.31,-0.01,13,14703,卖盘
1679,13:14:45,11.32,--,1,1132,买盘
1680,13:14:42,11.32,--,260,294320,买盘
1681,13:14:39,11.32,0.01,112,126829,买盘
1682,13:14:36,11.31,--,4,5519,卖盘
1683,13:14:33,11.31,--,33,37809,卖盘
1684,13:14:30,11.31,--,17,19249,卖盘
1685,13:14:27,11.31,-0.01,49,55419,卖盘
1686,13:14:24,11.32,0.01,3,3407,买盘
1687,13:14:21,11.31,--,0,486,卖盘
1688,13:14:18,11.31,--,19,21534,卖盘
1689,13:14:15,11.31,-0.01,111,125541,卖盘
1690,13:14:12,11.32,0.01,1,1132,买盘
1691,13:14:09,11.31,--,0,33,卖盘
1692,13:14:06,11.31,--,4,5270,卖盘
1693,13:14:03,11.31,-0.01,11,12441,卖盘
1694,13:14:00,11.32,--,8,9056,买盘
1695,13:13:57,11.32,0.01,14,16289,买盘
1696,13:13:54,11.31,-0.01,3,4207,卖盘
1697,13:13:51,11.32,--,42,47544,买盘
1698,13:13:48,11.32,--,2,2264,买盘
1699,13:13:45,11.32,0.02,6,6950,买盘
1700,13:13:42,11.3,--,17,20317,卖盘
1701,13:13:39,11.3,-0.02,101,114130,卖盘
1702,13:13:36,11.32,0.02,26,29782,买盘
1703,13:13:33,11.3,-0.01,129,146357,卖盘
1704,13:13:30,11.31,-0.01,42,48214,卖盘
1705,13:13:27,11.32,0.01,33,37774,买盘
1706,13:13:24,11.31,--,126,142506,卖盘
1707,13:13:21,11.31,-0.01,32,36192,卖盘
1708,13:13:18,11.32,0.01,152,172064,买盘
1709,13:13:15,11.31,--,57,64467,卖盘
1710,13:13:09,11.31,--,46,52026,卖盘
1711,13:13:06,11.31,--,57,64467,卖盘
1712,13:13:03,11.31,-0.01,29,32799,卖盘
1713,13:12:57,11.32,--,5,5660,买盘
1714,13:12:54,11.32,0.01,129,146028,买盘
1715,13:12:51,11.31,--,40,45918,买盘
1716,13:12:48,11.31,0.01,87,98397,买盘
1717,13:12:45,11.3,--,7,7910,卖盘
1718,13:12:42,11.3,--,68,76840,卖盘
1719,13:12:39,11.3,-0.01,39,44070,卖盘
1720,13:12:36,11.31,0.01,33,37323,买盘
1721,13:12:33,11.3,-0.01,111,125430,卖盘
1722,13:12:30,11.31,0.01,34,38454,买盘
1723,13:12:27,11.3,--,192,216960,卖盘
1724,13:12:24,11.3,--,25,28250,卖盘
1725,13:12:21,11.3,--,63,71190,卖盘
1726,13:12:18,11.3,--,41,47358,卖盘
1727,13:12:15,11.3,-0.01,44,50782,卖盘
1728,13:12:12,11.31,--,223,252416,买盘
1729,13:12:09,11.31,--,3,3754,买盘
1730,13:12:06,11.31,0.01,22,25085,买盘
1731,13:12:03,11.3,-0.01,50,56726,卖盘
1732,13:12:00,11.31,0.01,22,24972,买盘
1733,13:11:57,11.3,--,31,35369,卖盘
1734,13:11:54,11.3,-0.01,170,192778,卖盘
1735,13:11:51,11.31,0.01,34,39449,买盘
1736,13:11:48,11.3,-0.01,20,23357,卖盘
1737,13:11:45,11.31,--,12,13639,买盘
1738,13:11:42,11.31,--,12,14488,卖盘
1739,13:11:39,11.31,--,74,83931,卖盘
1740,13:11:36,11.31,--,133,151259,卖盘
1741,13:11:33,11.31,--,171,194215,卖盘
1742,13:11:30,11.31,--,52,59524,卖盘
1743,13:11:27,11.31,-0.01,114,128934,卖盘
1744,13:11:24,11.32,0.01,38,43151,买盘
1745,13:11:21,11.31,-0.01,26,30480,卖盘
1746,13:11:18,11.32,0.01,212,239984,买盘
1747,13:11:15,11.31,-0.01,3,3393,卖盘
1748,13:11:12,11.32,0.01,3,3396,买盘
1749,13:11:09,11.31,--,10,12237,卖盘
1750,13:11:06,11.31,--,100,113100,卖盘
1751,13:11:03,11.31,--,18,20358,卖盘
1752,13:11:00,11.31,--,13,14703,卖盘
1753,13:10:54,11.31,-0.01,25,28275,卖盘
1754,13:10:51,11.32,0.01,38,43016,买盘
1755,13:10:48,11.31,--,11,12441,卖盘
1756,13:10:42,11.31,-0.01,11,12441,卖盘
1757,13:10:39,11.32,0.01,3,3396,买盘
1758,13:10:33,11.31,--,13,14703,卖盘
1759,13:10:30,11.31,--,6,6786,卖盘
1760,13:10:27,11.31,-0.01,86,98193,卖盘
1761,13:10:24,11.32,--,331,375563,卖盘
1762,13:10:21,11.32,-0.01,7,7924,卖盘
1763,13:10:18,11.33,0.01,46,52537,买盘
1764,13:10:15,11.32,--,415,470595,卖盘
1765,13:10:12,11.32,--,2538,2873140,卖盘
1766,13:10:09,11.32,--,6,7686,卖盘
1767,13:10:06,11.32,--,48,54664,卖盘
1768,13:10:03,11.32,-0.01,44,50668,卖盘
1769,13:10:00,11.33,0.01,19,21991,买盘
1770,13:09:57,11.32,-0.01,58,66618,卖盘
1771,13:09:54,11.33,--,44,50531,买盘
1772,13:09:51,11.33,0.01,271,307043,买盘
1773,13:09:48,11.32,-0.01,21,24779,卖盘
1774,13:09:42,11.33,--,11,12463,买盘
1775,13:09:36,11.33,0.01,21,23793,买盘
1776,13:09:33,11.32,--,12,13584,卖盘
1777,13:09:30,11.32,-0.01,99,112950,卖盘
1778,13:09:27,11.33,--,10,11330,买盘
1779,13:09:24,11.33,0.01,56,63448,买盘
1780,13:09:21,11.32,-0.01,167,189044,卖盘
1781,13:09:18,11.33,--,23,26059,买盘
1782,13:09:15,11.33,-0.01,457,517814,卖盘
1783,13:09:09,11.34,--,16,18144,买盘
1784,13:09:06,11.34,0.01,14,15876,买盘
1785,13:09:03,11.33,-0.01,23,26059,卖盘
1786,13:09:00,11.34,0.01,52,58968,买盘
1787,13:08:57,11.33,-0.01,3,3399,卖盘
1788,13:08:48,11.34,--,81,91854,买盘
1789,13:08:42,11.34,--,24,27216,买盘
1790,13:08:39,11.34,--,1,1134,买盘
1791,13:08:36,11.34,--,33,38521,买盘
1792,13:08:33,11.34,--,226,256284,买盘
1793,13:08:27,11.34,0.01,2,2268,买盘
1794,13:08:24,11.33,--,62,70246,卖盘
1795,13:08:21,11.33,--,9,10197,卖盘
1796,13:08:18,11.33,--,35,39655,卖盘
1797,13:08:12,11.33,--,6,6798,卖盘
1798,13:08:03,11.33,-0.01,12,13596,卖盘
1799,13:08:00,11.34,0.01,300,340200,买盘
1800,13:07:57,11.33,-0.01,33,37389,卖盘
1801,13:07:54,11.34,--,23,26082,买盘
1802,13:07:39,11.34,0.01,7,7938,买盘
1803,13:07:33,11.33,--,67,75911,卖盘
1804,13:07:30,11.33,--,26,29458,卖盘
1805,13:07:27,11.33,0.01,145,165066,买盘
1806,13:07:24,11.32,--,19,21508,卖盘
1807,13:07:21,11.32,-0.01,3,3396,卖盘
1808,13:07:18,11.33,--,18,20394,买盘
1809,13:07:15,11.33,--,42,47586,买盘
1810,13:07:12,11.33,--,40,45557,卖盘
1811,13:07:09,11.33,--,51,57783,卖盘
1812,13:07:03,11.33,--,17,19261,卖盘
1813,13:07:00,11.33,--,25,29220,买盘
1814,13:06:57,11.33,--,40,45739,买盘
1815,13:06:54,11.33,--,27,31146,买盘
1816,13:06:51,11.33,0.01,3,3534,买盘
1817,13:06:48,11.32,--,7,8139,卖盘
1818,13:06:45,11.32,-0.01,109,124395,卖盘
1819,13:06:42,11.33,--,36,41615,买盘
1820,13:06:39,11.33,0.01,174,197459,买盘
1821,13:06:36,11.32,--,22,25436,卖盘
1822,13:06:33,11.32,--,18,20500,卖盘
1823,13:06:30,11.32,--,20,23273,卖盘
1824,13:06:27,11.32,-0.01,22,25028,卖盘
1825,13:06:24,11.33,0.01,88,100123,买盘
1826,13:06:21,11.32,--,12,14183,卖盘
1827,13:06:18,11.32,--,28,31707,卖盘
1828,13:06:15,11.32,--,0,373,卖盘
1829,13:06:12,11.32,-0.01,2,3203,卖盘
1830,13:06:09,11.33,--,15,17051,买盘
1831,13:06:06,11.33,0.01,71,80771,买盘
1832,13:06:03,11.32,--,21,23772,卖盘
1833,13:06:00,11.32,-0.01,19,21508,卖盘
1834,13:05:57,11.33,--,8,9064,买盘
1835,13:05:54,11.33,0.01,35,39655,买盘
1836,13:05:51,11.32,-0.01,9,10188,卖盘
1837,13:05:48,11.33,--,5,5665,买盘
1838,13:05:45,11.33,--,3,3399,买盘
1839,13:05:42,11.33,-0.01,42,47993,卖盘
1840,13:05:39,11.34,0.01,23,26739,买盘
1841,13:05:36,11.33,--,31,35621,卖盘
1842,13:05:33,11.33,--,22,25866,卖盘
1843,13:05:30,11.33,--,24,27192,卖盘
1844,13:05:27,11.33,--,90,102978,卖盘
1845,13:05:24,11.33,--,46,52321,卖盘
1846,13:05:21,11.33,--,109,123497,卖盘
1847,13:05:18,11.33,--,0,90,卖盘
1848,13:05:15,11.33,--,5,6129,卖盘
1849,13:05:12,11.33,-0.01,31,35123,卖盘
1850,13:05:09,11.34,0.01,9,10659,买盘
1851,13:05:06,11.33,--,60,68229,卖盘
1852,13:05:03,11.33,--,61,70098,卖盘
1853,13:05:00,11.33,--,33,38227,卖盘
1854,13:04:57,11.33,--,8,10083,卖盘
1855,13:04:54,11.33,--,55,62530,卖盘
1856,13:04:51,11.33,--,11,13482,卖盘
1857,13:04:48,11.33,-0.01,108,122375,卖盘
1858,13:04:45,11.34,0.01,432,489888,买盘
1859,13:04:42,11.33,-0.01,70,79785,卖盘
1860,13:04:39,11.34,0.01,1,1134,买盘
1861,13:04:36,11.33,--,9,10197,卖盘
1862,13:04:33,11.33,--,16,18128,卖盘
1863,13:04:30,11.33,-0.01,601,680933,卖盘
1864,13:04:27,11.34,0.01,22,24948,买盘
1865,13:04:24,11.33,--,19,21527,卖盘
1866,13:04:21,11.33,--,7,7931,卖盘
1867,13:04:18,11.33,-0.01,15,17776,卖盘
1868,13:04:15,11.34,--,3,3402,买盘
1869,13:04:12,11.34,--,400,453600,买盘
1870,13:04:06,11.34,--,225,255388,卖盘
1871,13:04:03,11.34,-0.01,113,128142,卖盘
1872,13:04:00,11.35,--,6,6810,买盘
1873,13:03:57,11.35,--,4,4540,买盘
1874,13:03:54,11.35,0.01,28,32381,买盘
1875,13:03:51,11.34,-0.01,4,4536,卖盘
1876,13:03:45,11.35,--,290,329660,买盘
1877,13:03:42,11.35,0.01,1,1135,买盘
1878,13:03:33,11.34,-0.01,32,37206,卖盘
1879,13:03:30,11.35,0.01,5,5675,买盘
1880,13:03:27,11.34,-0.01,56,63504,卖盘
1881,13:03:24,11.35,0.01,20,22700,买盘
1882,13:03:21,11.34,-0.01,3,3402,卖盘
1883,13:03:15,11.35,0.01,125,141875,买盘
1884,13:03:12,11.34,-0.01,19,21546,卖盘
1885,13:03:09,11.35,0.01,12,13620,买盘
1886,13:03:03,11.34,-0.01,21,23814,卖盘
1887,13:03:00,11.35,0.01,22,24970,买盘
1888,13:02:57,11.34,-0.01,10,11340,卖盘
1889,13:02:54,11.35,0.01,1,1135,买盘
1890,13:02:48,11.34,--,9,10206,卖盘
1891,13:02:45,11.34,--,7,7938,卖盘
1892,13:02:42,11.34,--,18,20412,买盘
1893,13:02:39,11.34,--,10,11340,买盘
1894,13:02:36,11.34,0.01,2,2268,买盘
1895,13:02:33,11.33,-0.01,22,24926,卖盘
1896,13:02:30,11.34,0.01,26,29484,买盘
1897,13:02:27,11.33,-0.01,16,18128,卖盘
1898,13:02:24,11.34,0.01,100,113400,买盘
1899,13:02:21,11.33,-0.01,48,54384,卖盘
1900,13:02:18,11.34,0.01,330,374220,买盘
1901,13:02:12,11.33,-0.01,2,2266,卖盘
1902,13:02:09,11.34,--,5,5670,买盘
1903,13:02:06,11.34,0.01,23,26082,买盘
1904,13:02:03,11.33,--,25,29061,卖盘
1905,13:02:00,11.33,--,11,12463,卖盘
1906,13:01:57,11.33,-0.01,32,36256,卖盘
1907,13:01:54,11.34,--,6,6804,买盘
1908,13:01:48,11.34,--,6,6804,买盘
1909,13:01:45,11.34,0.01,5,5670,买盘
1910,13:01:42,11.33,--,14,16337,卖盘
1911,13:01:39,11.33,--,14,15862,卖盘
1912,13:01:33,11.33,-0.01,45,50985,卖盘
1913,13:01:30,11.34,--,11,12474,买盘
1914,13:01:24,11.34,0.01,1,1134,买盘
1915,13:01:21,11.33,-0.01,209,236797,卖盘
1916,13:01:18,11.34,0.01,4,4536,买盘
1917,13:01:12,11.33,--,7,7931,卖盘
1918,13:01:09,11.33,--,98,111034,卖盘
1919,13:01:03,11.33,--,111,125763,卖盘
1920,13:00:57,11.33,-0.01,32,36256,卖盘
1921,13:00:54,11.34,--,10,11340,买盘
1922,13:00:51,11.34,0.01,9,10206,买盘
1923,13:00:48,11.33,-0.01,188,213004,卖盘
1924,13:00:45,11.34,--,35,39690,买盘
1925,13:00:42,11.34,0.01,89,100926,买盘
1926,13:00:39,11.33,-0.01,25,28325,卖盘
1927,13:00:36,11.34,0.01,10,11340,买盘
1928,13:00:33,11.33,-0.01,11,12463,卖盘
1929,13:00:30,11.34,--,54,61236,买盘
1930,13:00:27,11.34,0.01,12,13608,买盘
1931,13:00:21,11.33,0.01,14,15862,买盘
1932,13:00:18,11.32,--,31,35159,卖盘
1933,13:00:15,11.32,--,4,5094,卖盘
1934,13:00:12,11.32,--,257,291818,卖盘
1935,13:00:09,11.32,--,46,52094,卖盘
1936,13:00:06,11.32,--,188,213076,卖盘
1937,13:00:03,11.32,--,903,1022196,买盘
1938,13:00:00,11.32,--,0,0,买盘
1939,11:30:00,11.32,--,66,75470,买盘
1940,11:29:57,11.32,--,28,32363,买盘
1941,11:29:54,11.32,--,370,419021,买盘
1942,11:29:51,11.32,0.01,167,189044,买盘
1943,11:29:48,11.31,0.01,6,6786,中性盘
1944,11:29:45,11.3,-0.01,364,411320,卖盘
1945,11:29:42,11.31,-0.01,162,184319,卖盘
1946,11:29:39,11.32,--,5902,6681380,买盘
1947,11:29:36,11.32,--,13,14716,买盘
1948,11:29:33,11.32,0.01,37,42880,买盘
1949,11:29:30,11.31,--,201,227806,卖盘
1950,11:29:27,11.31,-0.01,59,67577,卖盘
1951,11:29:24,11.32,--,58,65814,买盘
1952,11:29:21,11.32,--,97,109928,买盘
1953,11:29:18,11.32,--,28,32771,买盘
1954,11:29:15,11.32,--,39,44238,买盘
1955,11:29:12,11.32,--,110,125516,买盘
1956,11:29:09,11.32,--,95,108139,买盘
1957,11:29:06,11.32,--,109,123954,买盘
1958,11:29:03,11.32,--,15,16980,买盘
1959,11:29:00,11.32,0.01,22,25209,买盘
1960,11:28:57,11.31,--,18,21228,卖盘
1961,11:28:54,11.31,-0.01,45,51064,卖盘
1962,11:28:51,11.32,--,33,38442,买盘
1963,11:28:48,11.32,--,123,139236,买盘
1964,11:28:45,11.32,0.01,16,18474,买盘
1965,11:28:42,11.31,-0.01,100,114050,卖盘
1966,11:28:39,11.32,0.01,221,250568,买盘
1967,11:28:36,11.31,-0.01,53,59943,卖盘
1968,11:28:33,11.32,0.01,20,23715,买盘
1969,11:28:30,11.31,--,15,17032,卖盘
1970,11:28:27,11.31,--,107,121130,卖盘
1971,11:28:24,11.31,--,352,398824,卖盘
1972,11:28:21,11.31,-0.01,180,203580,卖盘
1973,11:28:18,11.32,0.01,34,38827,买盘
1974,11:28:15,11.31,--,96,109231,卖盘
1975,11:28:12,11.31,-0.01,216,245268,卖盘
1976,11:28:09,11.32,--,36,41702,买盘
1977,11:28:06,11.32,--,7,8320,买盘
1978,11:28:03,11.32,0.01,45,51370,买盘
1979,11:28:00,11.31,-0.01,3,4275,卖盘
1980,11:27:57,11.32,--,38,43423,买盘
1981,11:27:54,11.32,--,378,428926,买盘
1982,11:27:51,11.32,--,476,538832,买盘
1983,11:27:48,11.32,--,107,121124,买盘
1984,11:27:45,11.32,--,66,74712,买盘
1985,11:27:42,11.32,-0.01,1346,1523819,卖盘
1986,11:27:39,11.33,--,65,74596,卖盘
1987,11:27:36,11.33,--,4,4532,卖盘
1988,11:27:33,11.33,-0.01,3,3863,卖盘
1989,11:27:30,11.34,0.01,107,122097,买盘
1990,11:27:27,11.33,-0.01,133,150689,卖盘
1991,11:27:24,11.34,--,108,122472,买盘
1992,11:27:21,11.34,0.01,28,31752,买盘
1993,11:27:18,11.33,0.01,4,4532,买盘
1994,11:27:15,11.32,--,4,4528,卖盘
1995,11:27:12,11.32,-0.01,32,37220,卖盘
1996,11:27:09,11.33,--,109,124063,买盘
1997,11:27:06,11.33,-0.01,893,1012788,卖盘
1998,11:27:03,11.34,--,5,5670,买盘
1999,11:27:00,11.34,--,155,176688,买盘
2000,11:26:57,11.34,--,1015,1151010,买盘
2001,11:26:54,11.34,--,30,34020,买盘
2002,11:26:51,11.34,--,456,517160,买盘
2003,11:26:48,11.34,--,31,35539,买盘
2004,11:26:45,11.34,0.01,157,178718,买盘
2005,11:26:42,11.33,--,27,31406,卖盘
2006,11:26:39,11.33,-0.01,56,63833,卖盘
2007,11:26:36,11.34,0.01,66,75456,买盘
2008,11:26:33,11.33,-0.01,57,65113,卖盘
2009,11:26:30,11.34,--,99,112266,买盘
2010,11:26:27,11.34,0.01,14,15932,买盘
2011,11:26:24,11.33,--,25,28653,卖盘
2012,11:26:21,11.33,--,21,24597,卖盘
2013,11:26:18,11.33,-0.01,129,146621,卖盘
2014,11:26:15,11.34,0.01,169,191850,买盘
2015,11:26:12,11.33,--,19,21572,卖盘
2016,11:26:09,11.33,-0.01,13,14898,卖盘
2017,11:26:06,11.34,--,100,113400,买盘
2018,11:26:00,11.34,0.01,4,4536,买盘
2019,11:25:57,11.33,-0.01,11,12463,卖盘
2020,11:25:51,11.34,--,48,54432,卖盘
2021,11:25:48,11.34,--,12,13608,卖盘
2022,11:25:45,11.34,0.01,121,137520,买盘
2023,11:25:42,11.33,-0.01,12,13596,卖盘
2024,11:25:39,11.34,0.01,54,62245,买盘
2025,11:25:36,11.33,--,274,310566,卖盘
2026,11:25:33,11.33,-0.01,171,193743,卖盘
2027,11:25:27,11.34,--,44,49975,买盘
2028,11:25:24,11.34,--,332,376488,买盘
2029,11:25:21,11.34,-0.01,97,110905,买盘
2030,11:25:18,11.35,0.02,88,99880,买盘
2031,11:25:15,11.33,-0.01,522,592298,卖盘
2032,11:25:12,11.34,-0.01,141,160517,卖盘
2033,11:25:09,11.35,0.01,63,71970,买盘
2034,11:25:06,11.34,--,14,15876,卖盘
2035,11:25:03,11.34,--,0,306,卖盘
2036,11:25:00,11.34,-0.01,12,14265,卖盘
2037,11:24:57,11.35,0.01,73,83252,买盘
2038,11:24:54,11.34,-0.01,8,9072,卖盘
2039,11:24:48,11.35,0.01,64,72640,买盘
2040,11:24:45,11.34,--,110,124740,卖盘
2041,11:24:42,11.34,--,14,15876,卖盘
2042,11:24:39,11.34,-0.01,7,7938,中性盘
2043,11:24:30,11.35,0.01,122,138470,买盘
2044,11:24:27,11.34,--,79,90345,卖盘
2045,11:24:24,11.34,--,130,147420,卖盘
2046,11:24:21,11.34,--,0,340,卖盘
2047,11:24:18,11.34,--,6,7427,卖盘
2048,11:24:15,11.34,--,34,38590,卖盘
2049,11:24:12,11.34,--,17,19334,卖盘
2050,11:24:09,11.34,-0.01,36,41277,卖盘
2051,11:24:06,11.35,--,9,10305,买盘
2052,11:24:03,11.35,--,50,56750,买盘
2053,11:24:00,11.35,0.01,87,99176,买盘
2054,11:23:57,11.34,--,73,83235,卖盘
2055,11:23:54,11.34,--,15,17690,卖盘
2056,11:23:51,11.34,--,5,5670,卖盘
2057,11:23:48,11.34,-0.01,163,184978,中性盘
2058,11:23:45,11.35,0.02,1010,1146350,买盘
2059,11:23:42,11.33,-0.01,12,13596,卖盘
2060,11:23:39,11.34,--,123,139482,买盘
2061,11:23:30,11.34,0.01,9,10206,买盘
2062,11:23:27,11.33,--,5,5665,卖盘
2063,11:23:24,11.33,-0.01,34,38522,卖盘
2064,11:23:21,11.34,--,3,3402,买盘
2065,11:23:18,11.34,0.01,80,90720,买盘
2066,11:23:15,11.33,0.01,117,133410,买盘
2067,11:23:12,11.32,--,104,118192,卖盘
2068,11:23:09,11.32,--,66,74825,卖盘
2069,11:23:06,11.32,--,48,54777,卖盘
2070,11:23:03,11.32,-0.01,314,355968,卖盘
2071,11:23:00,11.33,--,521,591392,买盘
2072,11:22:57,11.33,--,12,14525,买盘
2073,11:22:54,11.33,0.01,5,6639,买盘
2074,11:22:51,11.32,--,59,66969,卖盘
2075,11:22:48,11.32,-0.01,368,417696,卖盘
2076,11:22:45,11.33,--,117,132923,买盘
2077,11:22:42,11.33,-0.01,340,386058,卖盘
2078,11:22:39,11.34,0.01,159,181269,买盘
2079,11:22:36,11.33,-0.01,615,697372,卖盘
2080,11:22:33,11.34,--,23,26263,买盘
2081,11:22:30,11.34,0.01,55,63299,买盘
2082,11:22:27,11.33,-0.01,84,95172,卖盘
2083,11:22:24,11.34,0.01,1,1134,买盘
2084,11:22:21,11.33,--,0,45,卖盘
2085,11:22:18,11.33,--,3,3432,卖盘
2086,11:22:15,11.33,--,27,31361,卖盘
2087,11:22:12,11.33,-0.01,54,61385,卖盘
2088,11:22:09,11.34,0.01,160,181836,买盘
2089,11:22:06,11.33,--,3,4124,卖盘
2090,11:22:03,11.33,--,32,36256,卖盘
2091,11:21:54,11.33,-0.01,37,41921,买盘
2092,11:21:51,11.34,0.01,85,96968,买盘
2093,11:21:48,11.33,--,289,328343,卖盘
2094,11:21:45,11.33,--,35,40255,卖盘
2095,11:21:42,11.33,--,77,87286,卖盘
2096,11:21:39,11.33,--,4,4939,卖盘
2097,11:21:36,11.33,--,38,43087,卖盘
2098,11:21:33,11.33,--,74,83898,卖盘
2099,11:21:30,11.33,--,4,5370,卖盘
2100,11:21:27,11.33,-0.01,19,22626,卖盘
2101,11:21:24,11.34,--,110,125647,买盘
2102,11:21:21,11.34,--,20,22680,买盘
2103,11:21:18,11.34,0.01,10,11736,买盘
2104,11:21:15,11.33,--,4,4554,卖盘
2105,11:21:12,11.33,--,32,36697,卖盘
2106,11:21:09,11.33,-0.01,125,141625,卖盘
2107,11:21:06,11.34,0.01,7,8720,买盘
2108,11:21:03,11.33,--,15,17470,卖盘
2109,11:21:00,11.33,-0.01,26,30375,卖盘
2110,11:20:57,11.34,0.01,273,309582,买盘
2111,11:20:54,11.33,0.01,27,31350,买盘
2112,11:20:51,11.32,--,220,250070,卖盘
2113,11:20:48,11.32,-0.01,102,115464,卖盘
2114,11:20:45,11.33,--,20,22660,卖盘
2115,11:20:42,11.33,0.01,85,96305,卖盘
2116,11:20:39,11.32,-0.03,163,185115,卖盘
2117,11:20:36,11.35,0.01,1106,1255843,买盘
2118,11:20:33,11.34,--,97,109998,卖盘
2119,11:20:30,11.34,--,52,58968,买盘
2120,11:20:27,11.34,0.02,35,39690,卖盘
2121,11:20:24,11.32,-0.02,78,88296,卖盘
2122,11:20:21,11.34,0.01,192,218714,中性盘
2123,11:20:18,11.33,-0.01,54,61182,卖盘
2124,11:20:15,11.34,--,35,39690,卖盘
2125,11:20:12,11.34,--,2016,2287119,卖盘
2126,11:20:09,11.34,--,5,5704,卖盘
2127,11:20:06,11.34,-0.01,0,1088,卖盘
2128,11:20:03,11.35,--,10,12087,买盘
2129,11:20:00,11.35,0.01,115,130683,买盘
2130,11:19:57,11.34,--,542,615149,卖盘
2131,11:19:54,11.34,--,15,18087,卖盘
2132,11:19:51,11.34,--,37,42207,卖盘
2133,11:19:48,11.34,-0.01,172,196091,卖盘
2134,11:19:45,11.35,0.01,28,32415,买盘
2135,11:19:42,11.34,-0.01,38,43307,卖盘
2136,11:19:39,11.35,0.01,2,2531,买盘
2137,11:19:36,11.34,-0.01,23,26116,卖盘
2138,11:19:33,11.35,0.01,205,232675,买盘
2139,11:19:27,11.34,-0.01,204,231336,卖盘
2140,11:19:24,11.35,--,505,573175,买盘
2141,11:19:21,11.35,--,370,419950,买盘
2142,11:19:18,11.35,0.01,5,5675,买盘
2143,11:19:15,11.34,--,6,6804,卖盘
2144,11:19:12,11.34,-0.01,11,12474,卖盘
2145,11:19:06,11.35,--,39,44265,买盘
2146,11:19:03,11.35,0.01,154,175868,买盘
2147,11:19:00,11.34,-0.01,116,132201,卖盘
2148,11:18:57,11.35,0.01,218,248179,买盘
2149,11:18:54,11.34,-0.01,105,119750,卖盘
2150,11:18:51,11.35,--,35,40179,买盘
2151,11:18:48,11.35,--,249,283296,买盘
2152,11:18:45,11.35,0.01,1018,1156031,买盘
2153,11:18:42,11.34,--,44,50360,卖盘
2154,11:18:39,11.34,--,43,49113,卖盘
2155,11:18:36,11.34,-0.01,15,17599,卖盘
2156,11:18:33,11.35,--,97,110923,买盘
2157,11:18:30,11.35,--,55,63242,买盘
2158,11:18:27,11.35,--,41,47431,买盘
2159,11:18:24,11.35,--,63,71505,买盘
2160,11:18:21,11.35,0.01,45,51880,买盘
2161,11:18:18,11.34,--,48,55339,卖盘
2162,11:18:15,11.34,--,113,128278,卖盘
2163,11:18:12,11.34,--,91,103545,卖盘
2164,11:18:09,11.34,-0.01,181,206161,卖盘
2165,11:18:06,11.35,--,42,48657,买盘
2166,11:18:03,11.35,0.01,26,29986,买盘
2167,11:18:00,11.34,-0.01,30,34190,卖盘
2168,11:17:57,11.35,0.01,106,120627,买盘
2169,11:17:54,11.34,-0.01,503,570719,卖盘
2170,11:17:51,11.35,0.01,19,22450,买盘
2171,11:17:48,11.34,--,38,44044,卖盘
2172,11:17:45,11.34,--,305,345870,卖盘
2173,11:17:42,11.34,--,20,22680,卖盘
2174,11:17:39,11.34,--,23,26082,卖盘
2175,11:17:36,11.34,-0.01,9,10206,卖盘
2176,11:17:30,11.35,0.01,30,34050,买盘
2177,11:17:27,11.34,-0.01,31,35154,卖盘
2178,11:17:24,11.35,0.01,88,99880,买盘
2179,11:17:21,11.34,--,15,17010,卖盘
2180,11:17:15,11.34,-0.01,15,17010,卖盘
2181,11:17:12,11.35,--,119,135065,买盘
2182,11:17:06,11.35,--,6,7184,买盘
2183,11:17:03,11.35,--,107,121445,买盘
2184,11:17:00,11.35,--,52,59020,买盘
2185,11:16:57,11.35,--,16,18160,买盘
2186,11:16:54,11.35,0.01,10,11350,买盘
2187,11:16:51,11.34,-0.01,2,2268,卖盘
2188,11:16:48,11.35,--,120,136200,买盘
2189,11:16:45,11.35,0.01,76,86838,买盘
2190,11:16:42,11.34,--,114,129310,卖盘
2191,11:16:39,11.34,--,13,15705,卖盘
2192,11:16:36,11.34,--,52,59988,卖盘
2193,11:16:33,11.34,-0.01,19,22317,卖盘
2194,11:16:30,11.35,--,64,73298,买盘
2195,11:16:27,11.35,--,75,86067,买盘
2196,11:16:24,11.35,--,135,154076,买盘
2197,11:16:21,11.35,--,74,84341,买盘
2198,11:16:18,11.35,--,661,750235,卖盘
2199,11:16:12,11.35,-0.01,22,24970,卖盘
2200,11:16:09,11.36,--,42,47712,买盘
2201,11:16:03,11.36,--,30,34080,买盘
2202,11:15:57,11.36,0.01,28,31808,买盘
2203,11:15:54,11.35,--,89,102025,卖盘
2204,11:15:51,11.35,--,168,190850,卖盘
2205,11:15:48,11.35,--,1189,1349515,卖盘
2206,11:15:45,11.35,--,39,45025,卖盘
2207,11:15:42,11.35,--,102,116870,卖盘
2208,11:15:39,11.35,--,19,21939,卖盘
2209,11:15:36,11.35,--,77,87395,卖盘
2210,11:15:33,11.35,--,8,9806,卖盘
2211,11:15:30,11.35,--,77,88382,卖盘
2212,11:15:27,11.35,-0.01,52,59564,卖盘
2213,11:15:24,11.36,--,7,7952,买盘
2214,11:15:18,11.36,0.01,213,241968,买盘
2215,11:15:15,11.35,--,17,19295,卖盘
2216,11:15:12,11.35,-0.01,439,498265,卖盘
2217,11:15:09,11.36,--,14,15904,买盘
2218,11:15:03,11.36,0.01,4,4544,买盘
2219,11:15:00,11.35,-0.01,72,81720,卖盘
2220,11:14:57,11.36,0.01,70,79520,买盘
2221,11:14:54,11.35,--,207,234945,卖盘
2222,11:14:51,11.35,--,500,567500,卖盘
2223,11:14:48,11.35,--,3,3405,卖盘
2224,11:14:45,11.35,--,1006,1141810,卖盘
2225,11:14:42,11.35,-0.01,46,52210,卖盘
2226,11:14:39,11.36,0.01,9,10224,买盘
2227,11:14:36,11.35,--,1,1135,卖盘
2228,11:14:33,11.35,--,37,41995,卖盘
2229,11:14:30,11.35,--,72,81788,买盘
2230,11:14:27,11.35,0.01,1535,1742225,买盘
2231,11:14:24,11.34,-0.01,23,26082,卖盘
2232,11:14:21,11.35,--,20,22700,买盘
2233,11:14:18,11.35,0.01,4,4540,买盘
2234,11:14:12,11.34,-0.01,11,12474,卖盘
2235,11:14:09,11.35,0.01,42,47670,买盘
2236,11:14:06,11.34,--,92,104328,卖盘
2237,11:14:03,11.34,-0.01,143,162162,卖盘
2238,11:14:00,11.35,0.01,1,1135,买盘
2239,11:13:57,11.34,--,120,136080,买盘
2240,11:13:54,11.34,0.01,203,230202,买盘
2241,11:13:51,11.33,-0.01,245,277585,卖盘
2242,11:13:48,11.34,-0.01,260,294840,卖盘
2243,11:13:45,11.35,0.01,337,382495,买盘
2244,11:13:42,11.34,-0.01,411,466074,卖盘
2245,11:13:39,11.35,0.01,422,478970,买盘
2246,11:13:36,11.34,--,248,281232,买盘
2247,11:13:33,11.34,--,560,635040,卖盘
2248,11:13:30,11.34,--,10,11340,卖盘
2249,11:13:27,11.34,--,67,75978,卖盘
2250,11:13:24,11.34,--,501,568134,卖盘
2251,11:13:21,11.34,-0.01,283,320922,卖盘
2252,11:13:18,11.35,--,36,40860,买盘
2253,11:13:15,11.35,0.01,6,6810,买盘
2254,11:13:12,11.34,-0.01,52,58968,卖盘
2255,11:13:09,11.35,0.01,40,45400,买盘
2256,11:13:06,11.34,-0.01,80,90720,卖盘
2257,11:13:00,11.35,--,68,77180,买盘
2258,11:12:57,11.35,--,24,27240,买盘
2259,11:12:54,11.35,0.01,298,338230,买盘
2260,11:12:51,11.34,-0.01,65,73710,卖盘
2261,11:12:48,11.35,0.01,6,6810,买盘
2262,11:12:45,11.34,--,16,18144,卖盘
2263,11:12:42,11.34,-0.01,111,125874,卖盘
2264,11:12:39,11.35,--,795,903391,卖盘
2265,11:12:33,11.35,-0.01,94,106690,卖盘
2266,11:12:30,11.36,--,99,112464,买盘
2267,11:12:27,11.36,0.01,27,30672,买盘
2268,11:12:24,11.35,-0.01,80,90800,卖盘
2269,11:12:18,11.36,--,33,37488,买盘
2270,11:12:15,11.36,--,852,967872,卖盘
2271,11:12:12,11.36,-0.01,213,241968,卖盘
2272,11:12:09,11.37,0.01,43,48891,买盘
2273,11:12:06,11.36,--,160,181760,卖盘
2274,11:11:57,11.36,--,241,273776,卖盘
2275,11:11:51,11.36,--,578,656608,买盘
2276,11:11:48,11.36,--,251,285136,买盘
2277,11:11:45,11.36,0.01,43,48848,买盘
2278,11:11:42,11.35,-0.01,26,29510,卖盘
2279,11:11:39,11.36,--,87,98832,卖盘
2280,11:11:36,11.36,0.01,26,29536,卖盘
2281,11:11:33,11.35,-0.02,1000,1135000,卖盘
2282,11:11:30,11.37,--,85,96645,买盘
2283,11:11:27,11.37,0.01,3,3410,买盘
2284,11:11:24,11.36,-0.01,275,312400,卖盘
2285,11:11:21,11.37,0.01,12,13643,买盘
2286,11:11:18,11.36,--,9,10224,卖盘
2287,11:11:15,11.36,-0.01,44,49984,卖盘
2288,11:11:12,11.37,--,18,20466,买盘
2289,11:11:09,11.37,0.01,30,34110,买盘
2290,11:11:06,11.36,-0.01,3,3408,卖盘
2291,11:11:03,11.37,--,22,25014,买盘
2292,11:11:00,11.37,--,26,29561,买盘
2293,11:10:57,11.37,--,2,2274,买盘
2294,11:10:54,11.37,0.01,48,54575,买盘
2295,11:10:51,11.36,--,230,261280,卖盘
2296,11:10:45,11.36,--,34,38624,卖盘
2297,11:10:42,11.36,--,84,96173,买盘
2298,11:10:39,11.36,--,30,34080,买盘
2299,11:10:36,11.36,--,98,111328,买盘
2300,11:10:33,11.36,--,10,11360,买盘
2301,11:10:30,11.36,--,232,263552,买盘
2302,11:10:27,11.36,--,192,218112,买盘
2303,11:10:24,11.36,--,713,809968,买盘
2304,11:10:21,11.36,--,10,11360,买盘
2305,11:10:18,11.36,--,5,5680,买盘
2306,11:10:15,11.36,--,40,45440,买盘
2307,11:10:12,11.36,--,36,40896,买盘
2308,11:10:09,11.36,--,205,232880,买盘
2309,11:10:06,11.36,0.01,200,227200,买盘
2310,11:10:03,11.35,-0.01,103,116905,卖盘
2311,11:10:00,11.36,--,23,26128,买盘
2312,11:09:57,11.36,--,1642,1865312,买盘
2313,11:09:54,11.36,0.01,1,1136,买盘
2314,11:09:51,11.35,-0.01,133,151409,卖盘
2315,11:09:48,11.36,--,88,99968,买盘
2316,11:09:45,11.36,0.01,20,22720,买盘
2317,11:09:42,11.35,--,325,368875,卖盘
2318,11:09:39,11.35,-0.01,11,12485,卖盘
2319,11:09:36,11.36,0.01,52,59072,买盘
2320,11:09:33,11.35,--,502,569770,卖盘
2321,11:09:30,11.35,--,35,39725,卖盘
2322,11:09:27,11.35,--,43,48805,卖盘
2323,11:09:24,11.35,--,435,493725,卖盘
2324,11:09:21,11.35,--,170,192950,卖盘
2325,11:09:18,11.35,--,12,13620,卖盘
2326,11:09:15,11.35,0.01,192,217920,买盘
2327,11:09:12,11.34,--,100,113400,卖盘
2328,11:09:09,11.34,--,104,117936,卖盘
2329,11:09:06,11.34,--,52,58968,卖盘
2330,11:09:03,11.34,-0.01,10,11340,卖盘
2331,11:09:00,11.35,--,101,114635,买盘
2332,11:08:57,11.35,0.01,59,66965,买盘
2333,11:08:54,11.34,--,100,113400,卖盘
2334,11:08:51,11.34,--,93,105462,卖盘
2335,11:08:48,11.34,--,194,219996,卖盘
2336,11:08:45,11.34,--,80,90720,卖盘
2337,11:08:42,11.34,-0.01,73,82782,卖盘
2338,11:08:39,11.35,--,2097,2380095,买盘
2339,11:08:36,11.35,--,24,27240,买盘
2340,11:08:33,11.35,--,10,11350,买盘
2341,11:08:30,11.35,--,37,41995,买盘
2342,11:08:27,11.35,-0.01,347,393845,卖盘
2343,11:08:24,11.36,0.01,184,209024,买盘
2344,11:08:21,11.35,--,787,893245,卖盘
2345,11:08:18,11.35,-0.01,205,232675,卖盘
2346,11:08:15,11.36,0.01,10,11360,买盘
2347,11:08:12,11.35,-0.01,51,57885,卖盘
2348,11:08:09,11.36,--,71,80656,买盘
2349,11:08:06,11.36,--,73,82928,买盘
2350,11:08:03,11.36,-0.01,1389,1577904,卖盘
2351,11:08:00,11.37,--,8,9096,买盘
2352,11:07:57,11.37,--,1,1137,买盘
2353,11:07:54,11.37,--,21,23877,买盘
2354,11:07:51,11.37,--,7,7958,买盘
2355,11:07:48,11.37,--,1021,1160877,买盘
2356,11:07:45,11.37,--,153,173961,买盘
2357,11:07:42,11.37,--,18,20466,买盘
2358,11:07:39,11.37,--,22,25014,买盘
2359,11:07:36,11.37,--,62,71312,卖盘
2360,11:07:33,11.37,--,524,595788,卖盘
2361,11:07:24,11.37,--,281,319497,卖盘
2362,11:07:21,11.37,--,3,3410,卖盘
2363,11:07:18,11.37,-0.01,52,59123,卖盘
2364,11:07:15,11.38,0.01,89,101282,买盘
2365,11:07:12,11.37,--,69,78453,卖盘
2366,11:07:09,11.37,--,5,5685,卖盘
2367,11:07:06,11.37,0.01,5,6003,买盘
2368,11:07:03,11.36,-0.01,35,39760,卖盘
2369,11:07:00,11.37,--,37,42069,买盘
2370,11:06:57,11.37,--,131,148947,买盘
2371,11:06:54,11.37,-0.01,311,354425,卖盘
2372,11:06:51,11.38,--,15,17070,买盘
2373,11:06:48,11.38,0.01,26,30589,买盘
2374,11:06:45,11.37,--,2,2274,卖盘
2375,11:06:42,11.37,--,11,12507,卖盘
2376,11:06:36,11.37,--,3,3865,买盘
2377,11:06:33,11.37,-0.02,321,364977,卖盘
2378,11:06:27,11.39,0.02,153,174267,买盘
2379,11:06:24,11.37,--,248,281976,买盘
2380,11:06:21,11.37,--,241,274017,买盘
2381,11:06:18,11.37,--,137,155769,买盘
2382,11:06:15,11.37,0.01,25,28424,买盘
2383,11:06:12,11.36,--,42,47712,卖盘
2384,11:06:09,11.36,-0.01,73,82928,卖盘
2385,11:06:06,11.37,--,33,37521,买盘
2386,11:06:03,11.37,--,237,269469,买盘
2387,11:06:00,11.37,--,10,11370,买盘
2388,11:05:54,11.37,--,32,36384,买盘
2389,11:05:51,11.37,0.01,5,5685,买盘
2390,11:05:48,11.36,-0.01,228,259008,卖盘
2391,11:05:45,11.37,0.01,171,194427,买盘
2392,11:05:42,11.36,-0.01,22,24992,卖盘
2393,11:05:39,11.37,--,107,121658,买盘
2394,11:05:36,11.37,0.01,94,106877,买盘
2395,11:05:33,11.36,-0.01,51,57936,卖盘
2396,11:05:27,11.37,0.01,1,1137,买盘
2397,11:05:24,11.36,--,26,29536,卖盘
2398,11:05:21,11.36,-0.01,23,26128,卖盘
2399,11:05:18,11.37,--,16,18192,买盘
2400,11:05:15,11.37,-0.01,967,1099479,卖盘
2401,11:05:12,11.38,-0.01,108,122904,卖盘
2402,11:05:09,11.39,0.01,4,4556,买盘
2403,11:05:06,11.38,-0.01,37,42106,卖盘
2404,11:05:03,11.39,--,28,31892,买盘
2405,11:05:00,11.39,0.01,126,143514,买盘
2406,11:04:57,11.38,--,32,36416,卖盘
2407,11:04:51,11.38,-0.01,100,113800,卖盘
2408,11:04:48,11.39,--,15,17085,买盘
2409,11:04:42,11.39,0.01,165,187935,买盘
2410,11:04:39,11.38,--,210,238980,买盘
2411,11:04:36,11.38,--,104,118352,买盘
2412,11:04:33,11.38,-0.02,1554,1768452,卖盘
2413,11:04:30,11.4,--,26,29640,买盘
2414,11:04:27,11.4,--,28,31920,买盘
2415,11:04:24,11.4,0.01,6,6840,买盘
2416,11:04:21,11.39,-0.01,52,59228,卖盘
2417,11:04:18,11.4,0.02,32,36480,买盘
2418,11:04:15,11.38,-0.01,100,113800,卖盘
2419,11:04:12,11.39,--,11,12529,卖盘
2420,11:04:09,11.39,0.01,239,272221,买盘
2421,11:04:06,11.38,--,100,113800,卖盘
2422,11:04:03,11.38,-0.01,11,12518,卖盘
2423,11:04:00,11.39,0.01,166,189074,买盘
2424,11:03:57,11.38,--,261,297018,买盘
2425,11:03:54,11.38,--,267,303846,买盘
2426,11:03:51,11.38,--,10,11380,买盘
2427,11:03:48,11.38,--,261,297018,买盘
2428,11:03:45,11.38,--,137,155906,买盘
2429,11:03:42,11.38,--,231,262878,买盘
2430,11:03:39,11.38,--,364,414232,买盘
2431,11:03:36,11.38,0.01,146,166148,买盘
2432,11:03:33,11.37,--,20,22740,卖盘
2433,11:03:27,11.37,-0.01,18,20466,卖盘
2434,11:03:24,11.38,0.01,74,84212,买盘
2435,11:03:21,11.37,--,10,11370,买盘
2436,11:03:18,11.37,--,243,276291,买盘
2437,11:03:15,11.37,--,69,78453,买盘
2438,11:03:12,11.37,--,819,931202,卖盘
2439,11:03:09,11.37,--,83,94371,卖盘
2440,11:03:06,11.37,--,20,22740,卖盘
2441,11:03:03,11.37,--,782,889133,卖盘
2442,11:03:00,11.37,--,41,46617,卖盘
2443,11:02:57,11.37,--,85,96645,卖盘
2444,11:02:54,11.37,--,13,14780,卖盘
2445,11:02:51,11.37,--,167,189879,买盘
2446,11:02:48,11.37,--,20,22740,买盘
2447,11:02:45,11.37,--,131,148947,卖盘
2448,11:02:42,11.37,-0.01,11,12507,卖盘
2449,11:02:39,11.38,-0.01,337,383506,卖盘
2450,11:02:36,11.39,0.01,120,136680,买盘
2451,11:02:33,11.38,--,182,207116,卖盘
2452,11:02:30,11.38,-0.01,208,236704,卖盘
2453,11:02:27,11.39,--,373,424847,买盘
2454,11:02:24,11.39,--,1,1139,买盘
2455,11:02:21,11.39,-0.01,164,186796,卖盘
2456,11:02:18,11.4,--,611,696540,买盘
2457,11:02:15,11.4,-0.01,4715,5375100,卖盘
2458,11:02:12,11.41,--,238,272390,卖盘
2459,11:02:09,11.41,-0.01,375,427875,卖盘
2460,11:02:06,11.42,0.01,843,962706,买盘
2461,11:02:03,11.41,--,328,374248,卖盘
2462,11:02:00,11.41,-0.01,785,895685,卖盘
2463,11:01:57,11.42,--,364,415688,买盘
2464,11:01:54,11.42,0.01,55,62810,买盘
2465,11:01:48,11.41,-0.01,16,18256,卖盘
2466,11:01:45,11.42,-0.01,53,60526,卖盘
2467,11:01:42,11.43,0.01,120,137160,买盘
2468,11:01:39,11.42,--,185,211270,卖盘
2469,11:01:36,11.42,--,100,114200,卖盘
2470,11:01:33,11.42,--,276,315192,卖盘
2471,11:01:30,11.42,-0.01,509,581278,卖盘
2472,11:01:24,11.43,--,3,3429,买盘
2473,11:01:21,11.43,0.01,122,139446,买盘
2474,11:01:18,11.42,--,147,167874,卖盘
2475,11:01:15,11.42,--,251,286642,卖盘
2476,11:01:12,11.42,--,17,19414,卖盘
2477,11:01:06,11.42,-0.01,6,6852,卖盘
2478,11:01:03,11.43,0.01,15,17145,买盘
2479,11:01:00,11.42,-0.01,70,79940,卖盘
2480,11:00:54,11.43,--,32,36576,买盘
2481,11:00:51,11.43,0.01,74,84582,中性盘
2482,11:00:45,11.42,--,259,295778,卖盘
2483,11:00:42,11.42,-0.01,13,14846,卖盘
2484,11:00:39,11.43,--,25,28575,买盘
2485,11:00:36,11.43,--,507,579501,买盘
2486,11:00:33,11.43,--,29,33147,买盘
2487,11:00:30,11.43,--,120,137160,买盘
2488,11:00:27,11.43,0.01,34,38862,买盘
2489,11:00:24,11.42,-0.01,17,19414,卖盘
2490,11:00:21,11.43,--,38,43434,买盘
2491,11:00:18,11.43,--,14,16002,买盘
2492,11:00:15,11.43,0.01,30,34290,买盘
2493,11:00:12,11.42,--,34,38828,卖盘
2494,11:00:09,11.42,-0.01,56,63952,卖盘
2495,11:00:06,11.43,--,35,40005,买盘
2496,11:00:03,11.43,--,21,24003,买盘
2497,10:59:54,11.43,--,305,348615,买盘
2498,10:59:51,11.43,0.01,104,118872,买盘
2499,10:59:48,11.42,--,34,38828,卖盘
2500,10:59:45,11.42,-0.01,29,33118,卖盘
2501,10:59:42,11.43,--,31,35433,买盘
2502,10:59:39,11.43,0.01,22,25146,买盘
2503,10:59:36,11.42,-0.01,137,156454,卖盘
2504,10:59:33,11.43,--,36,41148,买盘
2505,10:59:30,11.43,0.01,17,19431,买盘
2506,10:59:27,11.42,-0.01,42,47964,卖盘
2507,10:59:24,11.43,0.01,26,29718,买盘
2508,10:59:21,11.42,--,301,343742,卖盘
2509,10:59:18,11.42,-0.01,153,174726,卖盘
2510,10:59:15,11.43,0.01,21,24003,买盘
2511,10:59:12,11.42,-0.01,91,103922,卖盘
2512,10:59:09,11.43,0.01,111,126873,买盘
2513,10:59:06,11.42,-0.01,123,140466,卖盘
2514,10:59:03,11.43,0.01,650,742950,买盘
2515,10:59:00,11.42,--,34,38828,卖盘
2516,10:58:57,11.42,-0.01,3,3426,卖盘
2517,10:58:54,11.43,0.01,10,11430,买盘
2518,10:58:51,11.42,--,27,30834,卖盘
2519,10:58:48,11.42,--,93,106206,卖盘
2520,10:58:42,11.42,-0.01,69,78798,卖盘
2521,10:58:39,11.43,--,14,16002,买盘
2522,10:58:36,11.43,--,48,54864,买盘
2523,10:58:33,11.43,0.01,20,22860,买盘
2524,10:58:30,11.42,-0.01,114,130188,卖盘
2525,10:58:24,11.43,--,84,96012,买盘
2526,10:58:21,11.43,--,2,2286,买盘
2527,10:58:18,11.43,--,10,11430,买盘
2528,10:58:15,11.43,0.01,18,20574,中性盘
2529,10:58:12,11.42,-0.01,22,25124,卖盘
2530,10:58:09,11.43,-0.01,337,385191,卖盘
2531,10:58:06,11.44,0.01,80,91520,买盘
2532,10:58:03,11.43,--,629,718947,卖盘
2533,10:58:00,11.43,--,23,26289,卖盘
2534,10:57:57,11.43,--,1,1143,卖盘
2535,10:57:54,11.43,--,13,14859,卖盘
2536,10:57:51,11.43,0.01,462,528066,买盘
2537,10:57:48,11.42,--,103,117626,卖盘
2538,10:57:45,11.42,--,280,319760,卖盘
2539,10:57:42,11.42,-0.01,11,12562,卖盘
2540,10:57:36,11.43,--,96,109728,买盘
2541,10:57:33,11.43,0.01,24,27432,买盘
2542,10:57:27,11.42,-0.01,30,34260,卖盘
2543,10:57:24,11.43,--,176,201168,买盘
2544,10:57:21,11.43,--,2,2286,买盘
2545,10:57:18,11.43,0.01,166,189738,买盘
2546,10:57:15,11.42,-0.01,120,137040,卖盘
2547,10:57:12,11.43,--,55,62865,买盘
2548,10:57:09,11.43,--,223,254889,买盘
2549,10:57:06,11.43,-0.01,394,450342,卖盘
2550,10:57:03,11.44,--,23,26312,买盘
2551,10:57:00,11.44,0.01,12,13728,买盘
2552,10:56:57,11.43,-0.01,15,17145,卖盘
2553,10:56:54,11.44,0.01,2,2288,买盘
2554,10:56:51,11.43,--,100,114300,卖盘
2555,10:56:48,11.43,--,1,1143,卖盘
2556,10:56:45,11.43,--,229,261747,买盘
2557,10:56:42,11.43,--,210,240030,买盘
2558,10:56:39,11.43,--,5,5715,买盘
2559,10:56:36,11.43,--,127,145161,买盘
2560,10:56:33,11.43,--,115,131445,买盘
2561,10:56:30,11.43,--,10,11430,买盘
2562,10:56:27,11.43,--,37,42291,买盘
2563,10:56:24,11.43,--,36,41148,买盘
2564,10:56:21,11.43,--,35,40005,买盘
2565,10:56:18,11.43,--,244,278892,买盘
2566,10:56:15,11.43,--,92,105156,买盘
2567,10:56:12,11.43,--,41,46863,买盘
2568,10:56:09,11.43,--,63,72009,买盘
2569,10:56:06,11.43,--,257,293751,买盘
2570,10:56:03,11.43,--,34,38862,买盘
2571,10:56:00,11.43,--,70,80010,买盘
2572,10:55:57,11.43,--,10,11430,买盘
2573,10:55:54,11.43,--,34,38862,买盘
2574,10:55:51,11.43,--,220,251460,买盘
2575,10:55:48,11.43,0.01,58,66294,买盘
2576,10:55:45,11.42,-0.01,178,203276,卖盘
2577,10:55:42,11.43,-0.01,33,37719,卖盘
2578,10:55:39,11.44,0.01,2,2288,买盘
2579,10:55:36,11.43,--,515,588645,卖盘
2580,10:55:30,11.43,0.01,132,150876,买盘
2581,10:55:27,11.42,-0.01,159,181578,卖盘
2582,10:55:24,11.43,--,70,80010,买盘
2583,10:55:21,11.43,0.01,197,225171,买盘
2584,10:55:18,11.42,--,56,63952,卖盘
2585,10:55:15,11.42,-0.01,342,390564,卖盘
2586,10:55:12,11.43,--,140,160020,买盘
2587,10:55:09,11.43,0.01,336,384048,买盘
2588,10:55:06,11.42,-0.01,103,117626,卖盘
2589,10:55:03,11.43,0.01,61,69723,买盘
2590,10:55:00,11.42,--,290,331180,卖盘
2591,10:54:57,11.42,-0.01,158,180436,卖盘
2592,10:54:54,11.43,--,154,176022,买盘
2593,10:54:51,11.43,0.01,290,331470,买盘
2594,10:54:48,11.42,--,400,456800,卖盘
2595,10:54:45,11.42,--,71,81082,买盘
2596,10:54:42,11.42,--,156,178152,买盘
2597,10:54:39,11.42,--,184,210128,买盘
2598,10:54:36,11.42,-0.01,113,129046,卖盘
2599,10:54:33,11.43,0.01,525,600075,买盘
2600,10:54:30,11.42,-0.01,273,311766,卖盘
2601,10:54:27,11.43,--,81,92583,买盘
2602,10:54:24,11.43,0.01,290,331470,买盘
2603,10:54:21,11.42,--,59,67378,卖盘
2604,10:54:18,11.42,-0.01,140,159880,中性盘
2605,10:54:15,11.43,0.01,122,139754,买盘
2606,10:54:12,11.42,0.01,134,153028,买盘
2607,10:54:09,11.41,-0.01,182,207662,卖盘
2608,10:54:06,11.42,--,261,298062,买盘
2609,10:54:03,11.42,--,141,161022,买盘
2610,10:54:00,11.42,--,137,156454,买盘
2611,10:53:57,11.42,-0.01,958,1094036,卖盘
2612,10:53:54,11.43,--,47,53721,买盘
2613,10:53:51,11.43,--,211,241173,买盘
2614,10:53:48,11.43,0.01,27,30861,买盘
2615,10:53:45,11.42,--,252,287784,卖盘
2616,10:53:42,11.42,--,406,463652,卖盘
2617,10:53:36,11.42,-0.01,10,11420,卖盘
2618,10:53:33,11.43,-0.01,126,144018,卖盘
2619,10:53:30,11.44,0.01,100,114400,买盘
2620,10:53:27,11.43,-0.01,18,20574,卖盘
2621,10:53:24,11.44,0.02,5,5720,中性盘
2622,10:53:21,11.42,-0.03,106,121052,卖盘
2623,10:53:18,11.45,0.05,15,17175,买盘
2624,10:53:15,11.4,-0.05,2441,2782740,卖盘
2625,10:53:09,11.45,--,493,564485,买盘
2626,10:53:06,11.45,--,42,48090,买盘
2627,10:53:03,11.45,0.03,1,1145,买盘
2628,10:53:00,11.42,-0.03,383,437386,卖盘
2629,10:52:57,11.45,0.01,35,40075,买盘
2630,10:52:54,11.44,-0.01,112,128128,卖盘
2631,10:52:51,11.45,--,184,210680,卖盘
2632,10:52:48,11.45,-0.01,92,105340,卖盘
2633,10:52:45,11.46,-0.01,26,29796,中性盘
2634,10:52:42,11.47,0.01,5335,6119245,买盘
2635,10:52:39,11.46,-0.01,161,184506,卖盘
2636,10:52:36,11.47,--,52,59644,买盘
2637,10:52:33,11.47,--,263,302349,卖盘
2638,10:52:30,11.47,--,77,88319,卖盘
2639,10:52:27,11.47,-0.01,34,38998,卖盘
2640,10:52:24,11.48,0.01,100,114800,买盘
2641,10:52:21,11.47,--,182,209212,卖盘
2642,10:52:18,11.47,-0.01,16,18352,卖盘
2643,10:52:15,11.48,0.01,200,229600,买盘
2644,10:52:12,11.47,-0.01,267,306249,卖盘
2645,10:52:09,11.48,--,3,3444,买盘
2646,10:52:06,11.48,--,280,321440,买盘
2647,10:52:03,11.48,--,17,19516,买盘
2648,10:52:00,11.48,--,306,351288,卖盘
2649,10:51:57,11.48,-0.01,4,4592,卖盘
2650,10:51:54,11.49,--,69,79281,买盘
2651,10:51:51,11.49,--,824,946776,买盘
2652,10:51:48,11.49,0.01,41,47109,买盘
2653,10:51:45,11.48,-0.01,58,66584,卖盘
2654,10:51:42,11.49,--,74,85026,买盘
2655,10:51:39,11.49,--,40,45960,买盘
2656,10:51:36,11.49,--,109,125241,买盘
2657,10:51:33,11.49,0.01,2,2298,买盘
2658,10:51:30,11.48,-0.01,11,12628,卖盘
2659,10:51:27,11.49,--,13,14937,买盘
2660,10:51:21,11.49,0.01,32,36768,买盘
2661,10:51:18,11.48,-0.01,24,27552,卖盘
2662,10:51:15,11.49,0.01,5,5745,买盘
2663,10:51:12,11.48,-0.01,36,41328,卖盘
2664,10:51:06,11.49,0.01,11,12639,买盘
2665,10:51:03,11.48,--,75,86100,卖盘
2666,10:51:00,11.48,--,39,44772,卖盘
2667,10:50:57,11.48,-0.01,1,1148,卖盘
2668,10:50:54,11.49,0.01,20,22980,买盘
2669,10:50:48,11.48,-0.01,11,12628,卖盘
2670,10:50:36,11.49,--,37,42513,买盘
2671,10:50:33,11.49,0.02,9,10341,买盘
2672,10:50:30,11.47,-0.02,1104,1266288,卖盘
2673,10:50:27,11.49,0.01,9,10341,买盘
2674,10:50:24,11.48,-0.01,139,159572,卖盘
2675,10:50:21,11.49,--,306,351594,买盘
2676,10:50:18,11.49,--,27,31023,买盘
2677,10:50:15,11.49,--,240,275760,买盘
2678,10:50:12,11.49,--,34,39066,买盘
2679,10:50:09,11.49,0.01,37,42513,买盘
2680,10:50:06,11.48,-0.01,127,145796,卖盘
2681,10:50:03,11.49,--,862,991127,卖盘
2682,10:50:00,11.49,-0.01,20,22980,卖盘
2683,10:49:57,11.5,0.01,2,2300,买盘
2684,10:49:54,11.49,-0.01,43,49866,卖盘
2685,10:49:51,11.5,0.01,243,279450,买盘
2686,10:49:48,11.49,-0.01,2180,2504820,卖盘
2687,10:49:45,11.5,--,118,135700,卖盘
2688,10:49:42,11.5,--,1,1150,卖盘
2689,10:49:39,11.5,-0.01,86,98900,卖盘
2690,10:49:36,11.51,0.01,10,11510,买盘
2691,10:49:33,11.5,-0.01,25,28750,卖盘
2692,10:49:30,11.51,--,247,284297,卖盘
2693,10:49:27,11.51,--,20,23020,卖盘
2694,10:49:24,11.51,--,132,151932,卖盘
2695,10:49:18,11.51,--,15,17265,卖盘
2696,10:49:09,11.51,--,53,61003,卖盘
2697,10:49:06,11.51,--,22,25322,卖盘
2698,10:49:03,11.51,--,23,26473,卖盘
2699,10:49:00,11.51,--,118,135818,卖盘
2700,10:48:51,11.51,--,17,19567,卖盘
2701,10:48:48,11.51,--,117,134667,卖盘
2702,10:48:45,11.51,--,62,71362,卖盘
2703,10:48:39,11.51,--,59,67909,卖盘
2704,10:48:33,11.51,--,96,110496,卖盘
2705,10:48:30,11.51,--,117,134667,卖盘
2706,10:48:24,11.51,--,6,6906,卖盘
2707,10:48:18,11.51,--,14,16114,卖盘
2708,10:48:15,11.51,--,88,101288,卖盘
2709,10:48:12,11.51,--,35,40285,卖盘
2710,10:48:09,11.51,-0.01,139,159989,卖盘
2711,10:48:06,11.52,0.01,161,185472,买盘
2712,10:48:03,11.51,--,1,1151,卖盘
2713,10:48:00,11.51,--,10,11510,卖盘
2714,10:47:51,11.51,--,35,40285,卖盘
2715,10:47:48,11.51,--,33,37983,卖盘
2716,10:47:45,11.51,-0.01,237,272787,卖盘
2717,10:47:39,11.52,0.01,113,130176,买盘
2718,10:47:36,11.51,-0.01,6,6906,卖盘
2719,10:47:33,11.52,0.01,30,34560,买盘
2720,10:47:21,11.51,--,12,13812,卖盘
2721,10:47:18,11.51,--,26,29926,卖盘
2722,10:47:15,11.51,-0.01,29,33379,卖盘
2723,10:47:12,11.52,--,304,350208,买盘
2724,10:47:09,11.52,0.01,124,142848,买盘
2725,10:47:06,11.51,-0.01,53,61003,卖盘
2726,10:47:03,11.52,0.01,3,3456,买盘
2727,10:47:00,11.51,-0.01,503,578953,卖盘
2728,10:46:51,11.52,0.01,47,54144,买盘
2729,10:46:48,11.51,--,12,13812,卖盘
2730,10:46:45,11.51,-0.01,19,22789,卖盘
2731,10:46:42,11.52,--,144,166118,买盘
2732,10:46:39,11.52,0.01,503,579456,买盘
2733,10:46:36,11.51,-0.01,635,731805,卖盘
2734,10:46:33,11.52,--,21,24192,卖盘
2735,10:46:30,11.52,--,23,26726,卖盘
2736,10:46:27,11.52,--,9,10368,卖盘
2737,10:46:21,11.52,-0.01,21,24192,卖盘
2738,10:46:18,11.53,0.01,12,13836,买盘
2739,10:46:15,11.52,-0.01,1,1152,卖盘
2740,10:46:09,11.53,0.01,43,49579,买盘
2741,10:45:57,11.52,-0.01,12,13824,卖盘
2742,10:45:54,11.53,0.01,43,49579,买盘
2743,10:45:51,11.52,--,9,10368,卖盘
2744,10:45:48,11.52,--,11,12672,卖盘
2745,10:45:45,11.52,-0.01,71,81792,卖盘
2746,10:45:42,11.53,0.01,16,18448,买盘
2747,10:45:33,11.52,--,74,85248,卖盘
2748,10:45:30,11.52,-0.01,30,34560,卖盘
2749,10:45:27,11.53,0.01,11,12683,买盘
2750,10:45:24,11.52,--,12,13824,卖盘
2751,10:45:21,11.52,--,107,123264,卖盘
2752,10:45:18,11.52,--,11,12672,卖盘
2753,10:45:15,11.52,--,12,13824,卖盘
2754,10:45:12,11.52,--,60,69120,卖盘
2755,10:45:09,11.52,-0.01,76,87552,卖盘
2756,10:45:06,11.53,0.01,36,41508,买盘
2757,10:45:03,11.52,-0.01,21,24192,卖盘
2758,10:44:54,11.53,0.01,44,50732,买盘
2759,10:44:51,11.52,--,31,35712,卖盘
2760,10:44:48,11.52,--,11,12672,卖盘
2761,10:44:45,11.52,-0.01,32,36864,卖盘
2762,10:44:39,11.53,0.01,5,5765,买盘
2763,10:44:36,11.52,-0.01,9,10368,卖盘
2764,10:44:27,11.53,--,31,35743,买盘
2765,10:44:24,11.53,0.01,100,115300,买盘
2766,10:44:18,11.52,-0.01,11,12672,卖盘
2767,10:44:15,11.53,--,42,48426,买盘
2768,10:44:12,11.53,0.01,40,46120,买盘
2769,10:44:09,11.52,-0.01,44,50688,卖盘
2770,10:44:06,11.53,--,50,57650,买盘
2771,10:44:00,11.53,--,15,17295,买盘
2772,10:43:57,11.53,--,100,115300,买盘
2773,10:43:54,11.53,0.01,135,155655,买盘
2774,10:43:51,11.52,-0.01,890,1025464,卖盘
2775,10:43:48,11.53,--,11,12683,卖盘
2776,10:43:45,11.53,--,52,59956,卖盘
2777,10:43:42,11.53,--,100,115300,卖盘
2778,10:43:36,11.53,-0.01,24,27672,卖盘
2779,10:43:30,11.54,--,8,9232,买盘
2780,10:43:27,11.54,0.01,5,5770,买盘
2781,10:43:21,11.53,--,5,5765,卖盘
2782,10:43:18,11.53,--,43,49579,卖盘
2783,10:43:15,11.53,-0.01,23,26519,卖盘
2784,10:43:12,11.54,0.01,30,34620,买盘
2785,10:43:09,11.53,-0.01,60,70148,卖盘
2786,10:43:06,11.54,0.01,10,11540,买盘
2787,10:43:03,11.53,-0.01,4,4612,卖盘
