,time,price,change,volume,amount,type
0,15:00:03,12.05,0.03,11447,13793996,买盘
1,14:57:00,12.02,-0.01,63,75726,卖盘
2,14:56:57,12.03,--,1445,1738335,买盘
3,14:56:54,12.03,--,39,46917,买盘
4,14:56:51,12.03,--,108,129924,买盘
5,14:56:48,12.03,0.01,1227,1476081,买盘
6,14:56:45,12.02,0.01,18,21636,买盘
7,14:56:42,12.01,-0.01,145,174505,卖盘
8,14:56:39,12.02,--,248,298096,卖盘
9,14:56:36,12.02,--,185,222370,卖盘
10,14:56:33,12.02,--,602,723604,卖盘
11,14:56:30,12.02,--,65,78130,卖盘
12,14:56:27,12.02,0.01,659,792959,买盘
13,14:56:24,12.01,0.01,202,242602,中性盘
14,14:56:21,12.0,-0.02,90,108000,卖盘
15,14:56:18,12.02,0.01,3250,3906500,买盘
16,14:56:15,12.01,--,509,611309,买盘
17,14:56:12,12.01,--,86,103286,买盘
18,14:56:09,12.01,0.01,99,118899,买盘
19,14:56:06,12.0,--,153,183600,卖盘
20,14:56:03,12.0,-0.01,193,231600,卖盘
21,14:56:00,12.01,0.02,641,769841,买盘
22,14:55:57,11.99,-0.01,27,32373,卖盘
23,14:55:54,12.0,--,81,97200,买盘
24,14:55:51,12.0,0.01,323,387600,买盘
25,14:55:48,11.99,-0.01,10,11990,卖盘
26,14:55:45,12.0,--,218,261600,买盘
27,14:55:42,12.0,--,31,37200,买盘
28,14:55:39,12.0,--,130,156000,买盘
29,14:55:36,12.0,--,112,134400,买盘
30,14:55:33,12.0,--,120,144000,买盘
31,14:55:30,12.0,--,290,348000,买盘
32,14:55:27,12.0,--,154,184800,卖盘
33,14:55:24,12.0,-0.01,1004,1204800,卖盘
34,14:55:21,12.01,0.01,138,165738,买盘
35,14:55:18,12.0,--,237,284700,买盘
36,14:55:15,12.0,--,20,24000,买盘
37,14:55:12,12.0,--,55,66000,买盘
38,14:55:09,12.0,--,249,298800,买盘
39,14:55:06,12.0,--,93,111600,买盘
40,14:55:03,12.0,--,16,19200,买盘
41,14:55:00,12.0,--,42,50400,买盘
42,14:54:57,12.0,0.01,60,72000,买盘
43,14:54:54,11.99,--,111,133089,卖盘
44,14:54:51,11.99,-0.01,223,267377,卖盘
45,14:54:45,12.0,0.01,211,253200,买盘
46,14:54:42,11.99,-0.01,136,163064,卖盘
47,14:54:39,12.0,--,68,81600,买盘
48,14:54:36,12.0,--,50,60000,买盘
49,14:54:33,12.0,0.01,705,846000,买盘
50,14:54:30,11.99,-0.01,440,527560,卖盘
51,14:54:27,12.0,--,46,56256,买盘
52,14:54:24,12.0,0.01,53,63600,买盘
53,14:54:21,11.99,-0.01,451,540749,卖盘
54,14:54:18,12.0,--,125,150000,买盘
55,14:54:15,12.0,--,35,42000,买盘
56,14:54:12,12.0,--,113,135600,买盘
57,14:54:09,12.0,-0.01,132,158400,卖盘
58,14:54:06,12.01,0.02,185,222185,买盘
59,14:54:03,11.99,-0.02,2157,2586243,卖盘
60,14:54:00,12.01,0.01,247,296647,买盘
61,14:53:57,12.0,--,65,78000,卖盘
62,14:53:54,12.0,--,634,760800,卖盘
63,14:53:51,12.0,--,668,801600,卖盘
64,14:53:48,12.0,--,225,270000,卖盘
65,14:53:45,12.0,--,8,9600,卖盘
66,14:53:42,12.0,--,89,106800,卖盘
67,14:53:39,12.0,--,215,258000,卖盘
68,14:53:36,12.0,-0.01,134,160800,卖盘
69,14:53:33,12.01,--,142,171154,买盘
70,14:53:30,12.01,0.01,169,203893,买盘
71,14:53:27,12.0,--,55,66900,卖盘
72,14:53:24,12.0,--,258,309600,卖盘
73,14:53:21,12.0,-0.01,13,15600,卖盘
74,14:53:18,12.01,--,371,445571,买盘
75,14:53:15,12.01,--,99,118899,买盘
76,14:53:12,12.01,0.01,57,68457,买盘
77,14:53:09,12.0,-0.01,111,133200,卖盘
78,14:53:06,12.01,--,71,85271,买盘
79,14:53:03,12.01,--,163,195763,买盘
80,14:53:00,12.01,0.01,100,120100,买盘
81,14:52:57,12.0,--,210,252000,卖盘
82,14:52:54,12.0,-0.01,648,777600,卖盘
83,14:52:51,12.01,--,84,100884,买盘
84,14:52:48,12.01,0.01,104,124904,买盘
85,14:52:45,12.0,-0.01,392,470400,卖盘
86,14:52:42,12.01,0.01,191,230495,买盘
87,14:52:39,12.0,--,1312,1574400,卖盘
88,14:52:36,12.0,-0.01,233,279600,卖盘
89,14:52:33,12.01,--,104,124904,买盘
90,14:52:30,12.01,--,353,423953,买盘
91,14:52:27,12.01,0.01,114,136914,买盘
92,14:52:24,12.0,--,152,182400,卖盘
93,14:52:21,12.0,--,96,115200,卖盘
94,14:52:18,12.0,--,43,51600,卖盘
95,14:52:15,12.0,--,727,872640,买盘
96,14:52:12,12.0,--,1231,1477200,买盘
97,14:52:09,12.0,--,2132,2558400,买盘
98,14:52:06,12.0,0.01,2044,2452800,买盘
99,14:52:03,11.99,-0.01,341,408859,卖盘
100,14:52:00,12.0,--,575,690000,买盘
101,14:51:57,12.0,0.01,212,254400,买盘
102,14:51:54,11.99,--,49,58751,卖盘
103,14:51:51,11.99,--,21,25179,卖盘
104,14:51:48,11.99,--,254,304546,买盘
105,14:51:45,11.99,-0.01,8,9592,买盘
106,14:51:42,12.0,0.02,4006,4807200,买盘
107,14:51:39,11.98,--,6,7188,卖盘
108,14:51:36,11.98,-0.01,144,172512,卖盘
109,14:51:33,11.99,--,40,47960,买盘
110,14:51:30,11.99,--,10,11990,买盘
111,14:51:27,11.99,0.01,101,121099,买盘
112,14:51:24,11.98,--,31,37138,卖盘
113,14:51:21,11.98,--,83,99434,卖盘
114,14:51:18,11.98,--,263,315074,卖盘
115,14:51:15,11.98,-0.01,17,20833,卖盘
116,14:51:12,11.99,--,210,251790,买盘
117,14:51:09,11.99,--,35,41965,买盘
118,14:51:06,11.99,0.01,32,38368,买盘
119,14:51:03,11.98,-0.01,38,45524,卖盘
120,14:51:00,11.99,--,70,83930,买盘
121,14:50:57,11.99,0.01,31,37169,买盘
122,14:50:54,11.98,--,21,25158,卖盘
123,14:50:51,11.98,--,14,16772,卖盘
124,14:50:48,11.98,--,242,289916,卖盘
125,14:50:45,11.98,--,12,14376,卖盘
126,14:50:42,11.98,-0.01,77,92246,卖盘
127,14:50:39,11.99,0.01,224,268576,买盘
128,14:50:36,11.98,-0.01,46,55108,卖盘
129,14:50:33,11.99,0.01,16,19184,买盘
130,14:50:30,11.98,-0.01,246,294708,卖盘
131,14:50:27,11.99,0.01,7,8393,买盘
132,14:50:24,11.98,-0.01,55,65890,卖盘
133,14:50:21,11.99,--,155,185845,买盘
134,14:50:18,11.99,0.01,26,31174,买盘
135,14:50:15,11.98,--,168,201264,卖盘
136,14:50:12,11.98,--,113,135374,卖盘
137,14:50:09,11.98,-0.01,24,28752,卖盘
138,14:50:06,11.99,--,117,140283,买盘
139,14:50:03,11.99,--,7,8393,买盘
140,14:50:00,11.99,0.01,138,165462,买盘
141,14:49:57,11.98,-0.01,1071,1283058,卖盘
142,14:49:54,11.99,--,163,195437,买盘
143,14:49:51,11.99,0.01,96,115104,买盘
144,14:49:48,11.98,--,14,16772,卖盘
145,14:49:45,11.98,--,16,19168,卖盘
146,14:49:42,11.98,--,51,61098,卖盘
147,14:49:39,11.98,-0.01,224,268352,卖盘
148,14:49:36,11.99,0.01,35,41965,买盘
149,14:49:33,11.98,--,274,328252,卖盘
150,14:49:30,11.98,-0.01,5,5990,卖盘
151,14:49:27,11.99,0.01,124,148676,买盘
152,14:49:24,11.98,-0.01,37,44326,卖盘
153,14:49:21,11.99,0.01,503,603097,买盘
154,14:49:18,11.98,-0.01,18,21564,卖盘
155,14:49:15,11.99,--,300,359700,买盘
156,14:49:12,11.99,0.01,2407,2885993,买盘
157,14:49:09,11.98,-0.01,108,129384,卖盘
158,14:49:06,11.99,0.01,164,196636,买盘
159,14:49:03,11.98,--,144,172512,卖盘
160,14:49:00,11.98,-0.01,408,488784,卖盘
161,14:48:57,11.99,--,124,148676,买盘
162,14:48:54,11.99,--,79,94721,买盘
163,14:48:51,11.99,0.01,48,57552,买盘
164,14:48:48,11.98,--,42,50316,卖盘
165,14:48:45,11.98,--,34,40732,卖盘
166,14:48:42,11.98,-0.01,28,33544,卖盘
167,14:48:39,11.99,--,42,50358,买盘
168,14:48:36,11.99,0.01,29,34771,买盘
169,14:48:33,11.98,-0.01,593,710414,卖盘
170,14:48:30,11.99,--,22,26378,买盘
171,14:48:27,11.99,--,56,67144,买盘
172,14:48:24,11.99,0.01,61,73139,买盘
173,14:48:21,11.98,-0.01,553,662494,卖盘
174,14:48:18,11.99,--,104,124696,买盘
175,14:48:15,11.99,--,86,103114,买盘
176,14:48:12,11.99,0.01,353,423247,买盘
177,14:48:09,11.98,--,246,294708,卖盘
178,14:48:06,11.98,--,21,25158,卖盘
179,14:48:03,11.98,--,52,62296,卖盘
180,14:48:00,11.98,--,27,32346,卖盘
181,14:47:57,11.98,--,51,61098,卖盘
182,14:47:54,11.98,--,69,82662,买盘
183,14:47:51,11.98,--,255,305490,买盘
184,14:47:48,11.98,--,2118,2537364,买盘
185,14:47:45,11.98,--,18,21564,买盘
186,14:47:42,11.98,--,161,192878,买盘
187,14:47:39,11.98,0.01,95,113810,买盘
188,14:47:36,11.97,-0.01,59,70623,卖盘
189,14:47:33,11.98,--,190,227620,买盘
190,14:47:30,11.98,--,106,126988,买盘
191,14:47:27,11.98,0.01,68,81464,买盘
192,14:47:24,11.97,--,202,241794,卖盘
193,14:47:21,11.97,-0.01,127,152019,卖盘
194,14:47:18,11.98,--,252,301896,买盘
195,14:47:15,11.98,--,278,333044,买盘
196,14:47:12,11.98,0.01,65,77870,买盘
197,14:47:09,11.97,-0.01,269,321993,卖盘
198,14:47:06,11.98,--,25,29950,买盘
199,14:47:03,11.98,--,95,113810,买盘
200,14:47:00,11.98,--,68,81464,买盘
201,14:46:57,11.98,--,69,82662,买盘
202,14:46:54,11.98,--,207,247986,买盘
203,14:46:51,11.98,0.01,25,29950,买盘
204,14:46:48,11.97,-0.01,34,40698,卖盘
205,14:46:45,11.98,--,229,274342,买盘
206,14:46:42,11.98,0.01,178,213244,买盘
207,14:46:39,11.97,-0.01,22,26334,卖盘
208,14:46:36,11.98,0.01,113,135374,买盘
209,14:46:33,11.97,--,20,23940,卖盘
210,14:46:30,11.97,-0.01,43,51471,卖盘
211,14:46:27,11.98,0.01,458,548684,买盘
212,14:46:24,11.97,0.01,25,29925,买盘
213,14:46:21,11.96,-0.01,88,105248,卖盘
214,14:46:18,11.97,--,406,485982,买盘
215,14:46:15,11.97,0.01,1221,1461537,买盘
216,14:46:12,11.96,--,56,66976,买盘
217,14:46:09,11.96,--,514,614744,买盘
218,14:46:06,11.96,--,194,232024,买盘
219,14:46:03,11.96,--,146,174616,买盘
220,14:46:00,11.96,0.01,31,37076,买盘
221,14:45:57,11.95,-0.01,510,609450,卖盘
222,14:45:54,11.96,--,32,38272,买盘
223,14:45:51,11.96,--,226,270296,买盘
224,14:45:48,11.96,0.01,303,362388,买盘
225,14:45:45,11.95,0.01,8270,9883606,买盘
226,14:45:42,11.94,--,1,1194,买盘
227,14:45:39,11.94,--,31,37014,买盘
228,14:45:36,11.94,0.01,54,64476,买盘
229,14:45:33,11.93,-0.01,10,11930,卖盘
230,14:45:30,11.94,0.01,194,231636,买盘
231,14:45:27,11.93,-0.01,148,176564,卖盘
232,14:45:24,11.94,0.01,60,71640,买盘
233,14:45:21,11.93,-0.01,19,22667,卖盘
234,14:45:18,11.94,0.01,2,2388,买盘
235,14:45:15,11.93,-0.01,131,156283,卖盘
236,14:45:12,11.94,--,718,857292,买盘
237,14:45:09,11.94,--,54,64476,买盘
238,14:45:06,11.94,--,3,3582,买盘
239,14:45:03,11.94,--,172,205368,买盘
240,14:45:00,11.94,--,20,23880,买盘
241,14:44:57,11.94,--,2,2388,买盘
242,14:44:54,11.94,--,1,1194,买盘
243,14:44:51,11.94,0.01,153,182682,买盘
244,14:44:48,11.93,-0.01,2,2386,卖盘
245,14:44:45,11.94,--,107,127758,买盘
246,14:44:42,11.94,--,42,50148,买盘
247,14:44:39,11.94,0.01,1,1194,买盘
248,14:44:36,11.93,-0.01,32,38176,卖盘
249,14:44:33,11.94,--,67,79998,买盘
250,14:44:30,11.94,0.01,54,64476,买盘
251,14:44:27,11.93,--,127,152465,买盘
252,14:44:24,11.93,--,22,26246,买盘
253,14:44:21,11.93,--,50,59650,买盘
254,14:44:18,11.93,--,24,28632,买盘
255,14:44:15,11.93,0.01,800,954400,买盘
256,14:44:09,11.92,-0.01,181,215752,卖盘
257,14:44:06,11.93,--,83,99019,买盘
258,14:44:03,11.93,--,116,138388,买盘
259,14:44:00,11.93,--,73,87089,买盘
260,14:43:54,11.93,--,33,39369,买盘
261,14:43:51,11.93,--,100,119300,买盘
262,14:43:48,11.93,--,149,177757,买盘
263,14:43:45,11.93,0.01,38,45334,买盘
264,14:43:42,11.92,--,25,29800,卖盘
265,14:43:39,11.92,-0.01,3,3576,卖盘
266,14:43:36,11.93,0.01,16,19088,买盘
267,14:43:33,11.92,--,20,23840,卖盘
268,14:43:27,11.92,--,52,61984,卖盘
269,14:43:24,11.92,--,100,119331,买盘
270,14:43:21,11.92,--,111,132312,买盘
271,14:43:18,11.92,--,1022,1218224,买盘
272,14:43:09,11.92,--,20,23840,买盘
273,14:43:03,11.92,--,120,143040,买盘
274,14:43:00,11.92,0.01,13,15496,买盘
275,14:42:57,11.91,--,58,69078,卖盘
276,14:42:54,11.91,-0.01,160,190560,卖盘
277,14:42:51,11.92,0.01,34,40528,买盘
278,14:42:48,11.91,-0.01,5,5955,卖盘
279,14:42:39,11.92,--,12,14304,买盘
280,14:42:36,11.92,0.01,10,11920,买盘
281,14:42:33,11.91,--,30,35730,卖盘
282,14:42:30,11.91,--,109,130021,卖盘
283,14:42:21,11.91,-0.01,59,70269,卖盘
284,14:42:18,11.92,0.01,268,319456,买盘
285,14:42:15,11.91,--,18,21438,卖盘
286,14:42:09,11.91,--,5,5955,卖盘
287,14:42:06,11.91,-0.01,8,9528,卖盘
288,14:42:03,11.92,0.01,13,15496,买盘
289,14:42:00,11.91,--,17,20247,卖盘
290,14:41:57,11.91,--,20,23820,卖盘
291,14:41:54,11.91,-0.01,12,14292,卖盘
292,14:41:48,11.92,0.01,45,53640,买盘
293,14:41:45,11.91,-0.01,5,5955,卖盘
294,14:41:42,11.92,--,6,7152,买盘
295,14:41:39,11.92,0.01,23,27416,买盘
296,14:41:36,11.91,--,75,89325,卖盘
297,14:41:33,11.91,--,12,14292,卖盘
298,14:41:24,11.91,--,17,20247,卖盘
299,14:41:21,11.91,--,16,19056,卖盘
300,14:41:18,11.91,--,1,1191,卖盘
301,14:40:54,11.91,--,20,23820,卖盘
302,14:40:51,11.91,--,1,1191,卖盘
303,14:40:48,11.91,--,50,59550,卖盘
304,14:40:45,11.91,-0.01,11,13101,卖盘
305,14:40:36,11.92,--,5,5960,买盘
306,14:40:33,11.92,--,122,145424,买盘
307,14:40:30,11.92,0.01,46,54832,买盘
308,14:40:27,11.91,-0.01,80,95280,卖盘
309,14:40:24,11.92,0.01,2,2384,买盘
310,14:40:15,11.91,-0.01,1,1191,卖盘
311,14:40:12,11.92,0.01,21,25032,买盘
312,14:40:09,11.91,--,4,4764,卖盘
313,14:39:57,11.91,--,2,2382,卖盘
314,14:39:54,11.91,-0.01,14,16674,卖盘
315,14:39:51,11.92,0.01,53,63176,买盘
316,14:39:48,11.91,--,18,21438,卖盘
317,14:39:45,11.91,-0.01,1,1191,卖盘
318,14:39:42,11.92,--,11,13112,买盘
319,14:39:36,11.92,--,3,3576,买盘
320,14:39:33,11.92,--,12,14304,买盘
321,14:39:30,11.92,--,15,17880,买盘
322,14:39:27,11.92,--,1,1192,买盘
323,14:39:24,11.92,--,10,11920,买盘
324,14:39:21,11.92,--,2,2384,买盘
325,14:39:18,11.92,--,24,28608,卖盘
326,14:39:15,11.92,--,23,27416,卖盘
327,14:39:12,11.92,--,120,143040,卖盘
328,14:39:09,11.92,--,501,597192,卖盘
329,14:39:03,11.92,--,5,5960,卖盘
330,14:39:00,11.92,--,1,1192,卖盘
331,14:38:57,11.92,--,8,9536,卖盘
332,14:38:51,11.92,--,55,65560,卖盘
333,14:38:48,11.92,-0.01,44,52448,卖盘
334,14:38:45,11.93,0.01,10,11930,买盘
335,14:38:42,11.92,--,9,10728,卖盘
336,14:38:39,11.92,--,3,3576,卖盘
337,14:38:36,11.92,--,23,27416,卖盘
338,14:38:33,11.92,-0.01,31,36952,卖盘
339,14:38:30,11.93,0.01,219,261267,买盘
340,14:38:27,11.92,-0.01,302,359984,卖盘
341,14:38:24,11.93,0.01,227,270811,买盘
342,14:38:21,11.92,--,10,11920,卖盘
343,14:38:06,11.92,--,1,1192,卖盘
344,14:38:03,11.92,--,10,11920,卖盘
345,14:37:57,11.92,--,88,104896,买盘
346,14:37:51,11.92,--,69,82248,卖盘
347,14:37:48,11.92,--,50,59600,卖盘
348,14:37:45,11.92,--,21,25032,卖盘
349,14:37:39,11.92,--,1,1192,卖盘
350,14:37:36,11.92,0.01,270,321840,买盘
351,14:37:33,11.91,--,20,23820,卖盘
352,14:37:30,11.91,-0.01,1,1191,卖盘
353,14:37:18,11.92,--,38,45296,买盘
354,14:37:15,11.92,0.01,16,19072,买盘
355,14:37:12,11.91,--,90,107190,卖盘
356,14:37:09,11.91,--,14,16674,卖盘
357,14:37:06,11.91,--,13,15483,卖盘
358,14:37:00,11.91,-0.01,7,8337,卖盘
359,14:36:57,11.92,--,21,25032,买盘
360,14:36:51,11.92,0.01,16,19072,买盘
361,14:36:48,11.91,-0.01,178,211998,卖盘
362,14:36:45,11.92,--,6,7152,买盘
363,14:36:42,11.92,--,21,25032,买盘
364,14:36:39,11.92,0.01,2,2384,买盘
365,14:36:36,11.91,-0.01,25,29775,卖盘
366,14:36:33,11.92,--,73,87016,卖盘
367,14:36:24,11.92,-0.01,35,41720,卖盘
368,14:36:21,11.93,0.01,5,5965,买盘
369,14:36:18,11.92,--,1,1192,卖盘
370,14:36:15,11.92,--,31,36952,卖盘
371,14:36:12,11.92,--,10,11920,买盘
372,14:36:09,11.92,--,218,259856,卖盘
373,14:36:06,11.92,-0.01,20,23840,卖盘
374,14:36:03,11.93,0.01,172,205196,买盘
375,14:36:00,11.92,--,4,4768,卖盘
376,14:35:57,11.92,--,202,240784,卖盘
377,14:35:54,11.92,-0.01,41,48872,卖盘
378,14:35:48,11.93,0.01,164,195652,买盘
379,14:35:42,11.92,--,6,7152,卖盘
380,14:35:36,11.92,-0.01,23,27416,卖盘
381,14:35:33,11.93,--,30,35790,买盘
382,14:35:27,11.93,0.01,108,128844,买盘
383,14:35:24,11.92,--,135,160920,卖盘
384,14:35:21,11.92,-0.01,9,10728,卖盘
385,14:35:18,11.93,--,34,40562,买盘
386,14:35:15,11.93,0.01,61,72773,买盘
387,14:35:12,11.92,--,10,11920,卖盘
388,14:35:09,11.92,--,54,64368,卖盘
389,14:35:06,11.92,--,68,81056,卖盘
390,14:35:03,11.92,--,88,104896,卖盘
391,14:35:00,11.92,-0.01,36,42912,卖盘
392,14:34:57,11.93,0.01,239,285127,买盘
393,14:34:54,11.92,--,56,66752,卖盘
394,14:34:51,11.92,-0.01,59,70328,卖盘
395,14:34:48,11.93,--,74,88282,卖盘
396,14:34:45,11.93,--,41,48913,卖盘
397,14:34:42,11.93,--,54,64422,卖盘
398,14:34:39,11.93,--,42,50106,卖盘
399,14:34:36,11.93,--,40,47720,卖盘
400,14:34:33,11.93,--,77,91861,卖盘
401,14:34:30,11.93,--,87,103791,卖盘
402,14:34:24,11.93,--,10,11930,卖盘
403,14:34:21,11.93,-0.01,8,9544,卖盘
404,14:34:18,11.94,0.01,411,490734,买盘
405,14:34:15,11.93,--,44,52492,卖盘
406,14:34:09,11.93,--,119,141967,卖盘
407,14:34:06,11.93,--,6,7158,卖盘
408,14:34:00,11.93,--,42,50106,卖盘
409,14:33:57,11.93,-0.01,57,68001,卖盘
410,14:33:54,11.94,0.01,41,48954,买盘
411,14:33:48,11.93,--,79,94247,卖盘
412,14:33:45,11.93,--,77,91861,卖盘
413,14:33:42,11.93,--,23,27439,卖盘
414,14:33:39,11.93,0.01,768,916224,买盘
415,14:33:36,11.92,-0.01,32,38144,卖盘
416,14:33:33,11.93,--,11,13123,买盘
417,14:33:30,11.93,--,120,143160,买盘
418,14:33:27,11.93,--,10,11930,买盘
419,14:33:24,11.93,--,65,77545,买盘
420,14:33:18,11.93,--,130,155090,买盘
421,14:33:15,11.93,--,4,4772,买盘
422,14:33:12,11.93,0.01,122,145546,买盘
423,14:33:09,11.92,--,21,25032,卖盘
424,14:32:57,11.92,--,8,9536,卖盘
425,14:32:54,11.92,--,20,23840,卖盘
426,14:32:51,11.92,--,55,65560,卖盘
427,14:32:45,11.92,--,1,1192,卖盘
428,14:32:42,11.92,-0.01,3,3576,卖盘
429,14:32:39,11.93,--,56,66808,买盘
430,14:32:36,11.93,--,192,229056,买盘
431,14:32:33,11.93,--,9,10737,买盘
432,14:32:30,11.93,--,10,11930,买盘
433,14:32:27,11.93,--,69,82317,买盘
434,14:32:21,11.93,--,48,57264,买盘
435,14:32:18,11.93,--,5,5965,买盘
436,14:32:12,11.93,--,228,272004,买盘
437,14:32:09,11.93,--,8,9544,买盘
438,14:32:06,11.93,--,20,23860,买盘
439,14:32:03,11.93,0.01,51,60843,买盘
440,14:32:00,11.92,-0.01,5,5960,卖盘
441,14:31:57,11.93,--,5,5965,买盘
442,14:31:51,11.93,--,16,19088,买盘
443,14:31:48,11.93,--,29,34597,买盘
444,14:31:45,11.93,0.01,10,11930,买盘
445,14:31:42,11.92,-0.01,4,4768,卖盘
446,14:31:39,11.93,-0.01,56,66808,中性盘
447,14:31:36,11.94,0.01,69,82386,买盘
448,14:31:33,11.93,0.02,1010,1204930,买盘
449,14:31:30,11.91,-0.01,110,131010,卖盘
450,14:31:24,11.92,--,463,551896,买盘
451,14:31:21,11.92,--,35,41720,买盘
452,14:31:18,11.92,--,22,26224,买盘
453,14:31:15,11.92,--,91,108472,买盘
454,14:31:12,11.92,--,166,197872,卖盘
455,14:31:09,11.92,-0.01,65,77480,卖盘
456,14:31:06,11.93,--,4,4772,买盘
457,14:31:03,11.93,--,84,100212,买盘
458,14:31:00,11.93,0.01,50,59650,买盘
459,14:30:57,11.92,--,206,245552,卖盘
460,14:30:54,11.92,--,75,89400,卖盘
461,14:30:48,11.92,--,964,1149088,买盘
462,14:30:45,11.92,--,197,234824,买盘
463,14:30:42,11.92,--,1,1192,买盘
464,14:30:39,11.92,0.01,149,177608,买盘
465,14:30:36,11.91,--,20,23820,卖盘
466,14:30:30,11.91,--,1,1191,卖盘
467,14:30:24,11.91,--,1,1191,卖盘
468,14:30:21,11.91,--,147,175124,买盘
469,14:30:18,11.91,--,200,238200,买盘
470,14:30:15,11.91,--,256,304896,买盘
471,14:30:12,11.91,--,83,98853,买盘
472,14:30:09,11.91,--,53,63123,买盘
473,14:30:06,11.91,--,20,23820,买盘
474,14:30:03,11.91,--,18,21438,买盘
475,14:30:00,11.91,--,133,158403,买盘
476,14:29:57,11.91,--,160,190560,买盘
477,14:29:54,11.91,0.01,34,40494,买盘
478,14:29:51,11.9,--,1,1190,卖盘
479,14:29:48,11.9,--,163,193970,卖盘
480,14:29:45,11.9,-0.01,4,4760,卖盘
481,14:29:42,11.91,0.01,2,2382,买盘
482,14:29:39,11.9,--,6,7140,卖盘
483,14:29:36,11.9,-0.01,38,45220,卖盘
484,14:29:30,11.91,0.01,65,77415,买盘
485,14:29:27,11.9,--,51,60690,卖盘
486,14:29:24,11.9,-0.01,0,416,卖盘
487,14:29:18,11.91,--,2,2382,买盘
488,14:29:15,11.91,--,12,14292,买盘
489,14:29:12,11.91,--,135,160785,买盘
490,14:29:09,11.91,0.01,23,27393,买盘
491,14:29:03,11.9,--,7,8330,卖盘
492,14:29:00,11.9,-0.01,3,3570,卖盘
493,14:28:54,11.91,--,5,5955,买盘
494,14:28:51,11.91,0.01,21,25011,买盘
495,14:28:48,11.9,--,1,1190,卖盘
496,14:28:45,11.9,-0.01,1,1190,卖盘
497,14:28:42,11.91,0.01,2,2382,买盘
498,14:28:39,11.9,0.01,62,73780,买盘
499,14:28:36,11.89,-0.01,588,699132,卖盘
500,14:28:33,11.9,--,159,189210,买盘
501,14:28:30,11.9,0.01,150,178500,买盘
502,14:28:27,11.89,-0.01,238,282982,卖盘
503,14:28:24,11.9,--,37,44030,买盘
504,14:28:21,11.9,--,146,173740,买盘
505,14:28:15,11.9,0.01,533,634270,买盘
506,14:28:12,11.89,--,75,89175,卖盘
507,14:28:09,11.89,-0.01,21,24969,卖盘
508,14:28:03,11.9,--,1,1190,买盘
509,14:27:51,11.9,--,34,40460,买盘
510,14:27:48,11.9,--,4,4760,买盘
511,14:27:45,11.9,--,5,5950,买盘
512,14:27:42,11.9,0.01,1,1190,买盘
513,14:27:39,11.89,--,2,2378,卖盘
514,14:27:36,11.89,--,21,24969,卖盘
515,14:27:33,11.89,-0.01,10,11890,卖盘
516,14:27:30,11.9,0.01,321,381990,买盘
517,14:27:24,11.89,-0.01,15,17835,卖盘
518,14:27:18,11.9,0.01,31,36890,买盘
519,14:27:15,11.89,--,4,4756,卖盘
520,14:27:12,11.89,--,23,27347,卖盘
521,14:27:06,11.89,--,13,15457,卖盘
522,14:27:03,11.89,0.01,29,35277,买盘
523,14:26:51,11.88,-0.01,6,7128,卖盘
524,14:26:45,11.89,0.01,25,29725,买盘
525,14:26:42,11.88,-0.01,29,34452,卖盘
526,14:26:39,11.89,0.01,8,9512,买盘
527,14:26:36,11.88,--,22,26136,卖盘
528,14:26:30,11.88,--,1,1188,卖盘
529,14:26:24,11.88,-0.01,3,4276,卖盘
530,14:26:21,11.89,0.01,44,52316,买盘
531,14:26:18,11.88,--,10,11880,卖盘
532,14:26:09,11.88,-0.01,50,59400,卖盘
533,14:26:06,11.89,--,78,93134,卖盘
534,14:26:03,11.89,0.01,70,84026,买盘
535,14:26:00,11.88,-0.01,33,39204,卖盘
536,14:25:51,11.89,0.01,114,135546,买盘
537,14:25:39,11.88,--,18,21384,卖盘
538,14:25:36,11.88,-0.01,20,23760,卖盘
539,14:25:33,11.89,--,170,202130,买盘
540,14:25:30,11.89,--,45,53505,买盘
541,14:25:27,11.89,0.01,1,1189,买盘
542,14:25:24,11.88,--,15,17820,卖盘
543,14:25:18,11.88,-0.01,327,388476,卖盘
544,14:25:15,11.89,0.01,3,3567,买盘
545,14:25:12,11.88,-0.01,18,21384,卖盘
546,14:25:09,11.89,0.01,300,356700,买盘
547,14:25:03,11.88,--,5,5940,卖盘
548,14:24:54,11.88,--,355,421740,卖盘
549,14:24:48,11.88,-0.01,7,8316,卖盘
550,14:24:42,11.89,0.01,1,1189,买盘
551,14:24:36,11.88,-0.01,25,29700,卖盘
552,14:24:33,11.89,--,100,118900,买盘
553,14:24:27,11.89,--,4,4756,买盘
554,14:24:24,11.89,0.01,60,71340,买盘
555,14:24:21,11.88,-0.01,1,1188,卖盘
556,14:24:18,11.89,--,122,145058,买盘
557,14:24:15,11.89,0.01,17,20213,买盘
558,14:24:12,11.88,--,10,11880,卖盘
559,14:24:03,11.88,--,4,4752,卖盘
560,14:24:00,11.88,0.01,13,15444,中性盘
561,14:23:54,11.87,-0.01,17,20179,卖盘
562,14:23:51,11.88,--,4,4752,卖盘
563,14:23:48,11.88,--,46,54648,买盘
564,14:23:45,11.88,--,2,2376,买盘
565,14:23:42,11.88,--,13,15444,买盘
566,14:23:39,11.88,0.01,4,4752,买盘
567,14:23:36,11.87,-0.01,30,35610,卖盘
568,14:23:33,11.88,--,17,20196,买盘
569,14:23:27,11.88,--,1,1188,买盘
570,14:23:21,11.88,--,50,59400,买盘
571,14:23:18,11.88,0.01,3,3564,买盘
572,14:23:15,11.87,-0.01,2,2374,卖盘
573,14:23:09,11.88,0.01,12,14256,中性盘
574,14:23:03,11.87,-0.01,30,35610,卖盘
575,14:23:00,11.88,--,7,8316,卖盘
576,14:22:57,11.88,-0.01,63,74844,卖盘
577,14:22:51,11.89,0.01,5,5945,买盘
578,14:22:48,11.88,--,79,93852,买盘
579,14:22:45,11.88,--,5,5940,买盘
580,14:22:42,11.88,--,96,114048,卖盘
581,14:22:39,11.88,--,1,1188,卖盘
582,14:22:36,11.88,-0.01,30,35640,卖盘
583,14:22:33,11.89,--,1,1189,买盘
584,14:22:30,11.89,0.01,70,83230,买盘
585,14:22:27,11.88,--,189,224532,卖盘
586,14:22:24,11.88,--,10,11880,卖盘
587,14:22:12,11.88,--,48,57024,卖盘
588,14:22:09,11.88,--,1,1188,卖盘
589,14:22:06,11.88,-0.01,7,8316,卖盘
590,14:22:03,11.89,0.01,20,23780,买盘
591,14:22:00,11.88,--,60,71280,卖盘
592,14:21:57,11.88,-0.01,50,59400,卖盘
593,14:21:54,11.89,0.01,29,34481,买盘
594,14:21:48,11.88,-0.01,5,5940,卖盘
595,14:21:45,11.89,0.01,5,5945,买盘
596,14:21:42,11.88,-0.01,13,15444,卖盘
597,14:21:39,11.89,0.01,26,30914,买盘
598,14:21:36,11.88,--,48,57024,卖盘
599,14:21:33,11.88,--,28,33264,卖盘
600,14:21:30,11.88,-0.01,49,58212,卖盘
601,14:21:27,11.89,0.01,3,3567,买盘
602,14:21:24,11.88,-0.01,2,2376,卖盘
603,14:21:21,11.89,--,6,7134,买盘
604,14:21:18,11.89,--,2,2378,买盘
605,14:21:15,11.89,0.01,71,84419,买盘
606,14:21:12,11.88,--,9,10692,卖盘
607,14:21:03,11.88,--,1,1188,卖盘
608,14:21:00,11.88,--,6,7128,卖盘
609,14:20:57,11.88,--,3,3564,卖盘
610,14:20:54,11.88,--,3,3564,卖盘
611,14:20:45,11.88,-0.01,50,59400,卖盘
612,14:20:39,11.89,0.01,128,152192,买盘
613,14:20:36,11.88,--,21,24948,卖盘
614,14:20:33,11.88,--,1,1188,卖盘
615,14:20:30,11.88,-0.01,1,1188,卖盘
616,14:20:27,11.89,--,3,3567,买盘
617,14:20:21,11.89,--,63,74907,买盘
618,14:20:18,11.89,0.01,52,61828,买盘
619,14:20:12,11.88,--,104,123552,卖盘
620,14:20:03,11.88,--,7,8316,卖盘
621,14:20:00,11.88,-0.01,26,30888,卖盘
622,14:19:57,11.89,0.01,122,145058,买盘
623,14:19:54,11.88,-0.01,1,1188,卖盘
624,14:19:48,11.89,--,10,11890,买盘
625,14:19:45,11.89,0.01,2,2378,买盘
626,14:19:39,11.88,--,32,38016,卖盘
627,14:19:36,11.88,--,23,27324,卖盘
628,14:19:33,11.88,-0.01,50,59400,卖盘
629,14:19:27,11.89,0.01,19,22591,买盘
630,14:19:24,11.88,--,1,1188,卖盘
631,14:19:21,11.88,-0.01,5,5940,卖盘
632,14:19:18,11.89,--,3,3567,买盘
633,14:19:15,11.89,0.01,1,1189,买盘
634,14:19:09,11.88,--,103,122364,买盘
635,14:19:06,11.88,--,12,14256,买盘
636,14:18:57,11.88,--,22,26136,买盘
637,14:18:54,11.88,0.01,8,9504,买盘
638,14:18:51,11.87,-0.01,4,4748,卖盘
639,14:18:48,11.88,0.01,137,162756,买盘
640,14:18:36,11.87,--,25,29674,卖盘
641,14:18:30,11.87,--,3,3560,卖盘
642,14:18:27,11.87,-0.01,2,2374,卖盘
643,14:18:18,11.88,0.01,6,7128,买盘
644,14:18:15,11.87,--,1,1187,卖盘
645,14:18:12,11.87,-0.01,11,13057,卖盘
646,14:18:09,11.88,--,20,23760,买盘
647,14:18:06,11.88,0.01,2,2376,买盘
648,14:18:03,11.87,-0.01,165,195855,卖盘
649,14:17:57,11.88,0.01,52,61776,买盘
650,14:17:54,11.87,-0.01,15,17805,卖盘
651,14:17:51,11.88,--,8,9504,买盘
652,14:17:48,11.88,0.01,49,58212,买盘
653,14:17:45,11.87,-0.01,1,1187,卖盘
654,14:17:39,11.88,0.01,2,2376,买盘
655,14:17:36,11.87,--,21,24927,卖盘
656,14:17:33,11.87,--,5,5935,卖盘
657,14:17:30,11.87,-0.01,10,11870,卖盘
658,14:17:27,11.88,0.01,1,1188,买盘
659,14:17:24,11.87,-0.01,167,198229,卖盘
660,14:17:21,11.88,--,1,1188,买盘
661,14:17:18,11.88,--,5,5940,买盘
662,14:17:15,11.88,--,20,23760,买盘
663,14:17:12,11.88,0.01,1,1188,买盘
664,14:17:09,11.87,-0.01,1,1187,卖盘
665,14:17:06,11.88,--,15,17820,买盘
666,14:17:00,11.88,0.01,98,116424,买盘
667,14:16:57,11.87,-0.01,7,8309,卖盘
668,14:16:54,11.88,0.01,1200,1425600,买盘
669,14:16:48,11.87,--,3,3560,卖盘
670,14:16:45,11.87,--,4,4748,卖盘
671,14:16:42,11.87,--,12,14243,卖盘
672,14:16:39,11.87,0.01,50,59349,买盘
673,14:16:36,11.86,-0.01,21,24906,卖盘
674,14:16:33,11.87,--,80,94960,买盘
675,14:16:27,11.87,--,1,1187,买盘
676,14:16:24,11.87,--,185,219595,买盘
677,14:16:18,11.87,--,815,967404,买盘
678,14:16:15,11.87,0.01,20,23740,买盘
679,14:16:12,11.86,--,27,32022,卖盘
680,14:16:06,11.86,--,23,27278,卖盘
681,14:16:03,11.86,0.01,3,3558,卖盘
682,14:16:00,11.85,--,27,31995,卖盘
683,14:15:51,11.85,--,2,2370,卖盘
684,14:15:48,11.85,--,1,1185,卖盘
685,14:15:45,11.85,-0.01,183,216855,卖盘
686,14:15:42,11.86,-0.01,11,13046,中性盘
687,14:15:39,11.87,0.01,29,34423,买盘
688,14:15:36,11.86,--,33,39138,卖盘
689,14:15:33,11.86,--,50,59300,卖盘
690,14:15:30,11.86,-0.01,1,1186,卖盘
691,14:15:27,11.87,0.01,1,1187,买盘
692,14:15:21,11.86,--,33,39138,卖盘
693,14:15:18,11.86,--,29,34394,买盘
694,14:15:15,11.86,--,12,14232,买盘
695,14:15:12,11.86,-0.01,141,167226,卖盘
696,14:15:09,11.87,0.01,10,11870,买盘
697,14:15:00,11.86,0.01,94,111484,买盘
698,14:14:54,11.85,-0.01,2,2370,卖盘
699,14:14:51,11.86,--,78,92508,买盘
700,14:14:48,11.86,--,19,22534,买盘
701,14:14:45,11.86,--,23,27278,买盘
702,14:14:42,11.86,0.01,51,60486,买盘
703,14:14:39,11.85,--,4,4740,卖盘
704,14:14:36,11.85,--,28,33180,卖盘
705,14:14:33,11.85,-0.01,20,23700,卖盘
706,14:14:30,11.86,--,4,4744,买盘
707,14:14:27,11.86,0.01,1,1186,买盘
708,14:14:24,11.85,-0.01,51,60435,卖盘
709,14:14:18,11.86,0.01,18,21348,买盘
710,14:14:12,11.85,-0.01,7,8295,卖盘
711,14:14:09,11.86,--,5,5930,买盘
712,14:14:06,11.86,--,4,4744,买盘
713,14:14:03,11.86,0.01,5,5930,买盘
714,14:14:00,11.85,--,10,11850,卖盘
715,14:13:57,11.85,--,42,49770,卖盘
716,14:13:54,11.85,-0.01,48,56880,卖盘
717,14:13:48,11.86,--,26,30836,卖盘
718,14:13:45,11.86,0.01,4,4744,卖盘
719,14:13:42,11.85,-0.01,194,229890,卖盘
720,14:13:36,11.86,--,18,21348,卖盘
721,14:13:33,11.86,-0.01,1,1186,卖盘
722,14:13:27,11.87,0.01,1,1187,买盘
723,14:13:24,11.86,--,13,15418,卖盘
724,14:13:21,11.86,-0.01,1,1186,卖盘
725,14:13:18,11.87,--,16,18992,买盘
726,14:13:12,11.87,0.01,61,72407,买盘
727,14:13:09,11.86,--,28,33895,买盘
728,14:13:06,11.86,--,8,9488,买盘
729,14:13:03,11.86,--,40,47440,买盘
730,14:12:57,11.86,--,76,90136,买盘
731,14:12:51,11.86,--,26,30836,买盘
732,14:12:45,11.86,--,4,4744,买盘
733,14:12:42,11.86,--,12,14232,买盘
734,14:12:39,11.86,0.01,5,5930,买盘
735,14:12:36,11.85,--,38,45030,卖盘
736,14:12:33,11.85,-0.01,36,42660,卖盘
737,14:12:30,11.86,--,5,5930,买盘
738,14:12:27,11.86,--,1,1186,买盘
739,14:12:21,11.86,-0.01,100,119098,卖盘
740,14:12:18,11.87,0.01,9,10683,买盘
741,14:12:15,11.86,--,1,1186,卖盘
742,14:12:12,11.86,--,2,2372,卖盘
743,14:12:09,11.86,--,22,26779,买盘
744,14:12:03,11.86,0.01,100,118600,买盘
745,14:12:00,11.85,-0.01,27,31995,卖盘
746,14:11:57,11.86,--,30,35580,买盘
747,14:11:48,11.86,0.01,26,30836,买盘
748,14:11:45,11.85,--,5,5925,卖盘
749,14:11:39,11.85,--,3,3555,卖盘
750,14:11:36,11.85,-0.01,29,34365,卖盘
751,14:11:30,11.86,0.01,66,78276,买盘
752,14:11:21,11.85,-0.01,1,1185,卖盘
753,14:11:18,11.86,0.01,16,18976,买盘
754,14:11:09,11.85,--,22,26070,卖盘
755,14:11:03,11.85,--,10,11850,卖盘
756,14:11:00,11.85,-0.01,14,16590,卖盘
757,14:10:57,11.86,--,7,8302,买盘
758,14:10:54,11.86,--,30,35580,买盘
759,14:10:48,11.86,0.01,16,18976,买盘
760,14:10:42,11.85,--,17,20145,卖盘
761,14:10:36,11.85,--,24,28440,卖盘
762,14:10:30,11.85,-0.01,10,11850,卖盘
763,14:10:27,11.86,--,5,5930,买盘
764,14:10:24,11.86,0.01,5,5930,买盘
765,14:10:21,11.85,--,12,14220,卖盘
766,14:10:12,11.85,--,9,10665,卖盘
767,14:10:00,11.85,--,1,1185,卖盘
768,14:09:57,11.85,--,22,26070,卖盘
769,14:09:48,11.85,--,10,11850,卖盘
770,14:09:45,11.85,-0.01,138,163530,卖盘
771,14:09:39,11.86,0.01,20,23720,买盘
772,14:09:36,11.85,--,24,28440,卖盘
773,14:09:30,11.85,-0.01,1,1185,卖盘
774,14:09:24,11.86,0.01,10,11860,买盘
775,14:09:12,11.85,-0.01,4,4740,卖盘
776,14:09:06,11.86,0.01,6,7116,买盘
777,14:09:00,11.85,--,15,17775,卖盘
778,14:08:54,11.85,-0.01,1,1185,卖盘
779,14:08:39,11.86,0.01,100,118600,买盘
780,14:08:36,11.85,-0.01,22,26070,卖盘
781,14:08:27,11.86,0.01,8,9488,买盘
782,14:08:24,11.85,--,3,3555,卖盘
783,14:08:21,11.85,--,91,107835,卖盘
784,14:08:18,11.85,-0.01,1,1185,卖盘
785,14:08:06,11.86,0.01,19,22534,买盘
786,14:08:03,11.85,--,17,20145,卖盘
787,14:08:00,11.85,--,7,8295,卖盘
788,14:07:57,11.85,-0.01,17,20145,卖盘
789,14:07:54,11.86,--,10,11860,买盘
790,14:07:51,11.86,--,2,2372,买盘
791,14:07:48,11.86,--,15,17790,买盘
792,14:07:45,11.86,0.01,100,118600,买盘
793,14:07:42,11.85,--,100,118500,卖盘
794,14:07:39,11.85,--,25,29625,卖盘
795,14:07:36,11.85,--,20,23700,卖盘
796,14:07:27,11.85,--,37,43845,卖盘
797,14:07:24,11.85,-0.01,8,9480,卖盘
798,14:07:21,11.86,--,9,10674,买盘
799,14:07:18,11.86,--,48,56928,买盘
800,14:07:12,11.86,--,70,83020,买盘
801,14:07:06,11.86,--,100,118600,买盘
802,14:07:03,11.86,0.01,9,10674,买盘
803,14:06:57,11.85,--,29,34365,卖盘
804,14:06:48,11.85,--,60,71100,卖盘
805,14:06:45,11.85,--,1,1185,卖盘
806,14:06:42,11.85,--,9,10665,卖盘
807,14:06:36,11.85,-0.01,18,21330,卖盘
808,14:06:33,11.86,0.01,25,29650,买盘
809,14:06:21,11.85,-0.01,10,11850,卖盘
810,14:06:18,11.86,--,6,7116,买盘
811,14:06:15,11.86,0.01,76,90136,买盘
812,14:06:12,11.85,--,39,46215,卖盘
813,14:06:09,11.85,--,1,1185,卖盘
814,14:05:57,11.85,--,2,2370,卖盘
815,14:05:54,11.85,--,5,5925,卖盘
816,14:05:51,11.85,--,2,2370,卖盘
817,14:05:48,11.85,-0.01,22,26070,卖盘
818,14:05:45,11.86,0.01,7,8302,买盘
819,14:05:42,11.85,--,14,16590,卖盘
820,14:05:39,11.85,--,6,7110,卖盘
821,14:05:36,11.85,--,36,42660,卖盘
822,14:05:30,11.85,--,100,118500,卖盘
823,14:05:27,11.85,--,13,15405,卖盘
824,14:05:24,11.85,-0.01,40,47400,卖盘
825,14:05:21,11.86,0.01,10,11860,买盘
826,14:05:18,11.85,--,15,17775,卖盘
827,14:05:09,11.85,--,94,111390,卖盘
828,14:05:06,11.85,--,58,68730,卖盘
829,14:05:03,11.85,--,5,5925,卖盘
830,14:05:00,11.85,--,12,14220,卖盘
831,14:04:57,11.85,--,27,31995,卖盘
832,14:04:54,11.85,--,53,62805,卖盘
833,14:04:51,11.85,--,24,28440,卖盘
834,14:04:42,11.85,--,12,14220,卖盘
835,14:04:39,11.85,--,9,10665,卖盘
836,14:04:36,11.85,--,23,27255,卖盘
837,14:04:24,11.85,-0.01,6,7110,卖盘
838,14:04:21,11.86,0.01,187,221782,买盘
839,14:04:18,11.85,--,227,268995,卖盘
840,14:04:12,11.85,-0.01,200,237000,卖盘
841,14:04:09,11.86,--,10,11860,买盘
842,14:04:06,11.86,--,20,23720,买盘
843,14:04:00,11.86,0.01,34,40324,买盘
844,14:03:57,11.85,-0.01,38,45030,卖盘
845,14:03:54,11.86,--,39,46254,买盘
846,14:03:51,11.86,0.01,13,15418,买盘
847,14:03:48,11.85,-0.01,8,9480,卖盘
848,14:03:39,11.86,0.01,3,3558,买盘
849,14:03:36,11.85,--,24,28440,卖盘
850,14:03:33,11.85,-0.01,1,1185,卖盘
851,14:03:30,11.86,0.01,10,11860,买盘
852,14:03:24,11.85,-0.01,1,1185,卖盘
853,14:03:21,11.86,0.01,12,14232,买盘
854,14:03:18,11.85,--,32,37920,卖盘
855,14:03:12,11.85,--,11,13035,卖盘
856,14:03:09,11.85,-0.01,1,1185,卖盘
857,14:03:06,11.86,--,15,17790,买盘
858,14:03:00,11.86,0.01,40,47440,买盘
859,14:02:57,11.85,--,28,33180,卖盘
860,14:02:54,11.85,-0.01,1,1185,卖盘
861,14:02:51,11.86,--,2,2372,买盘
862,14:02:48,11.86,--,2,2372,买盘
863,14:02:45,11.86,--,68,81146,卖盘
864,14:02:42,11.86,--,4,4744,卖盘
865,14:02:36,11.86,--,72,85392,卖盘
866,14:02:30,11.86,--,110,131147,买盘
867,14:02:27,11.86,--,61,72346,买盘
868,14:02:21,11.86,--,51,60486,买盘
869,14:02:06,11.86,--,5,5930,买盘
870,14:02:03,11.86,0.01,10,11860,买盘
871,14:02:00,11.85,--,4,4740,卖盘
872,14:01:57,11.85,-0.01,28,33180,卖盘
873,14:01:54,11.86,0.01,25,29650,买盘
874,14:01:51,11.85,-0.01,5,5925,卖盘
875,14:01:48,11.86,--,3,3558,买盘
876,14:01:42,11.86,0.01,30,35580,买盘
877,14:01:36,11.85,-0.01,23,27255,卖盘
878,14:01:33,11.86,0.01,13,15418,买盘
879,14:01:27,11.85,--,5,5925,卖盘
880,14:01:24,11.85,-0.01,24,28440,卖盘
881,14:01:18,11.86,0.01,2,2372,买盘
882,14:01:15,11.85,-0.01,81,96482,卖盘
883,14:01:12,11.86,--,89,105554,卖盘
884,14:01:09,11.86,-0.01,1,1186,卖盘
885,14:01:06,11.87,--,56,66472,买盘
886,14:00:57,11.87,0.01,45,53415,买盘
887,14:00:51,11.86,-0.01,4,4744,卖盘
888,14:00:48,11.87,--,46,54602,买盘
889,14:00:45,11.87,0.01,9,10683,买盘
890,14:00:42,11.86,--,9,10674,卖盘
891,14:00:39,11.86,--,1,1186,卖盘
892,14:00:36,11.86,-0.01,30,35580,卖盘
893,14:00:15,11.87,0.01,304,360848,买盘
894,14:00:12,11.86,--,4,4744,卖盘
895,14:00:09,11.86,-0.01,13,15418,卖盘
896,14:00:06,11.87,--,24,28487,买盘
897,14:00:00,11.87,--,5,5935,买盘
898,13:59:54,11.87,0.01,86,102082,买盘
899,13:59:48,11.86,--,20,23720,卖盘
900,13:59:45,11.86,-0.01,60,71160,卖盘
901,13:59:42,11.87,--,2,2374,买盘
902,13:59:39,11.87,0.01,3,3560,买盘
903,13:59:36,11.86,--,31,36766,卖盘
904,13:59:30,11.86,-0.01,0,462,卖盘
905,13:59:24,11.87,--,21,24927,买盘
906,13:59:18,11.87,0.01,13,15430,买盘
907,13:59:12,11.86,-0.01,4,4744,卖盘
908,13:59:09,11.87,0.01,10,11870,买盘
909,13:59:06,11.86,-0.01,1,1186,卖盘
910,13:59:03,11.87,0.01,21,24927,买盘
911,13:59:00,11.86,-0.01,2,2372,卖盘
912,13:58:57,11.87,0.01,2,2374,买盘
913,13:58:54,11.86,-0.01,27,32022,卖盘
914,13:58:51,11.87,--,1,1187,买盘
915,13:58:45,11.87,0.01,10,11870,买盘
916,13:58:42,11.86,-0.01,10,11860,卖盘
917,13:58:39,11.87,0.01,11,13057,买盘
918,13:58:36,11.86,--,24,28464,卖盘
919,13:58:30,11.86,--,11,13046,卖盘
920,13:58:24,11.86,--,3,3558,卖盘
921,13:58:21,11.86,-0.01,14,16604,卖盘
922,13:58:18,11.87,0.01,2,2374,买盘
923,13:58:12,11.86,--,33,39363,买盘
924,13:58:09,11.86,--,55,65230,买盘
925,13:58:06,11.86,--,14,16604,买盘
926,13:58:03,11.86,--,175,207550,买盘
927,13:57:57,11.86,0.01,36,42696,买盘
928,13:57:54,11.85,-0.01,1,1185,卖盘
929,13:57:48,11.86,--,4,4744,买盘
930,13:57:45,11.86,--,5,5930,买盘
931,13:57:42,11.86,0.01,52,61672,买盘
932,13:57:39,11.85,--,3,3555,卖盘
933,13:57:36,11.85,--,18,21330,卖盘
934,13:57:24,11.85,-0.01,241,285585,卖盘
935,13:57:21,11.86,--,6,7116,买盘
936,13:57:12,11.86,0.01,23,27278,买盘
937,13:57:09,11.85,--,4,4740,卖盘
938,13:57:03,11.85,-0.01,1,1185,卖盘
939,13:56:54,11.86,--,29,34394,买盘
940,13:56:51,11.86,0.01,14,16604,买盘
941,13:56:45,11.85,-0.01,14,16590,卖盘
942,13:56:42,11.86,0.01,36,42696,买盘
943,13:56:36,11.85,-0.01,27,31995,卖盘
944,13:56:30,11.86,0.01,2,2372,买盘
945,13:56:27,11.85,--,78,92430,卖盘
946,13:56:21,11.85,--,1,1185,卖盘
947,13:56:18,11.85,-0.01,22,26070,卖盘
948,13:56:12,11.86,0.01,69,81834,买盘
949,13:56:09,11.85,--,26,30810,卖盘
950,13:56:06,11.85,--,30,35550,卖盘
951,13:56:03,11.85,0.01,145,171825,买盘
952,13:56:00,11.84,--,21,24864,卖盘
953,13:55:54,11.84,--,5,5920,卖盘
954,13:55:51,11.84,--,48,56832,卖盘
955,13:55:48,11.84,--,6,7104,卖盘
956,13:55:45,11.84,-0.01,1,1184,卖盘
957,13:55:39,11.85,0.01,5,5925,买盘
958,13:55:36,11.84,-0.01,18,21312,卖盘
959,13:55:30,11.85,--,1,1185,买盘
960,13:55:27,11.85,--,3,3555,买盘
961,13:55:24,11.85,--,253,299805,卖盘
962,13:55:18,11.85,--,139,164715,卖盘
963,13:55:12,11.85,--,34,40290,卖盘
964,13:55:09,11.85,--,3,3555,卖盘
965,13:55:06,11.85,--,40,47400,卖盘
966,13:55:00,11.85,--,5,5925,卖盘
967,13:54:54,11.85,--,10,11850,卖盘
968,13:54:48,11.85,--,14,16590,卖盘
969,13:54:45,11.85,--,14,16590,卖盘
970,13:54:39,11.85,--,120,142200,卖盘
971,13:54:36,11.85,--,24,28440,卖盘
972,13:54:30,11.85,--,38,45030,卖盘
973,13:54:27,11.85,--,9,10665,卖盘
974,13:54:24,11.85,--,14,16590,买盘
975,13:54:18,11.85,0.01,13,15405,买盘
976,13:54:15,11.84,--,108,127872,卖盘
977,13:54:12,11.84,--,70,82880,卖盘
978,13:54:09,11.84,--,20,23680,卖盘
979,13:54:06,11.84,--,2,2368,卖盘
980,13:54:03,11.84,--,12,14208,卖盘
981,13:54:00,11.84,-0.01,23,27232,卖盘
982,13:53:57,11.85,--,10,11850,买盘
983,13:53:45,11.85,--,6,7110,买盘
984,13:53:42,11.85,0.01,10,11850,买盘
985,13:53:36,11.84,--,26,30784,卖盘
986,13:53:33,11.84,-0.01,9,10656,卖盘
987,13:53:30,11.85,--,26,30810,买盘
988,13:53:27,11.85,0.01,200,237000,买盘
989,13:53:15,11.84,--,18,21312,卖盘
990,13:53:09,11.84,-0.01,2,2368,卖盘
991,13:53:06,11.85,0.01,10,11850,买盘
992,13:53:00,11.84,--,1,1184,卖盘
993,13:52:57,11.84,--,85,100640,卖盘
994,13:52:54,11.84,--,203,240352,卖盘
995,13:52:48,11.84,-0.01,20,23680,卖盘
996,13:52:45,11.85,--,11,13035,买盘
997,13:52:39,11.85,0.01,115,136275,买盘
998,13:52:36,11.84,--,34,40256,卖盘
999,13:52:33,11.84,-0.01,5,5920,卖盘
1000,13:52:30,11.85,0.01,39,46215,买盘
1001,13:52:24,11.84,-0.01,36,42624,卖盘
1002,13:52:21,11.85,--,115,136275,买盘
1003,13:52:12,11.85,--,1,1185,买盘
1004,13:52:09,11.85,-0.01,41,48585,卖盘
1005,13:52:00,11.86,--,1,1186,买盘
1006,13:51:57,11.86,0.01,116,137576,买盘
1007,13:51:54,11.85,--,1,1185,卖盘
1008,13:51:51,11.85,--,35,41475,卖盘
1009,13:51:48,11.85,--,37,43845,卖盘
1010,13:51:45,11.85,--,34,40290,卖盘
1011,13:51:42,11.85,-0.01,17,20145,卖盘
1012,13:51:39,11.86,0.01,115,136390,买盘
1013,13:51:36,11.85,--,52,61620,卖盘
1014,13:51:33,11.85,--,52,61620,卖盘
1015,13:51:30,11.85,--,3,3555,卖盘
1016,13:51:27,11.85,--,19,22515,卖盘
1017,13:51:24,11.85,--,367,434895,卖盘
1018,13:51:21,11.85,--,117,138645,卖盘
1019,13:51:18,11.85,--,20,23700,卖盘
1020,13:51:12,11.85,--,9,10665,卖盘
1021,13:51:09,11.85,--,5,5925,卖盘
1022,13:51:03,11.85,--,11,13035,卖盘
1023,13:51:00,11.85,0.01,124,146940,买盘
1024,13:50:54,11.84,--,18,21312,卖盘
1025,13:50:51,11.84,--,1,1184,卖盘
1026,13:50:42,11.84,-0.02,8,9472,卖盘
1027,13:50:39,11.86,0.02,115,136390,买盘
1028,13:50:36,11.84,-0.01,148,175232,卖盘
1029,13:50:27,11.85,--,84,99540,买盘
1030,13:50:24,11.85,-0.01,72,85900,卖盘
1031,13:50:18,11.86,0.01,132,156552,买盘
1032,13:50:15,11.85,--,1,1185,卖盘
1033,13:50:12,11.85,--,103,122055,卖盘
1034,13:50:06,11.85,--,49,58065,卖盘
1035,13:50:03,11.85,--,4,4740,卖盘
1036,13:50:00,11.85,-0.01,54,63990,卖盘
1037,13:49:57,11.86,0.01,144,170784,买盘
1038,13:49:54,11.85,-0.01,37,43845,卖盘
1039,13:49:45,11.86,0.01,414,491004,买盘
1040,13:49:42,11.85,--,145,171825,卖盘
1041,13:49:39,11.85,--,97,114945,卖盘
1042,13:49:36,11.85,--,95,112575,卖盘
1043,13:49:33,11.85,--,9,10665,卖盘
1044,13:49:30,11.85,-0.01,8,9480,卖盘
1045,13:49:24,11.86,--,100,118600,买盘
1046,13:49:21,11.86,-0.01,237,281556,卖盘
1047,13:49:18,11.87,0.01,115,136505,买盘
1048,13:49:15,11.86,-0.01,8,9488,卖盘
1049,13:49:12,11.87,0.01,1,1187,买盘
1050,13:49:09,11.86,--,25,29650,卖盘
1051,13:49:06,11.86,--,22,26092,卖盘
1052,13:49:03,11.86,-0.01,10,11860,卖盘
1053,13:49:00,11.87,0.01,116,137692,买盘
1054,13:48:57,11.86,--,55,65230,卖盘
1055,13:48:54,11.86,-0.01,27,32022,卖盘
1056,13:48:51,11.87,0.01,1,1187,买盘
1057,13:48:48,11.86,--,7,8302,卖盘
1058,13:48:42,11.86,-0.01,63,74718,卖盘
1059,13:48:39,11.87,0.01,135,160245,买盘
1060,13:48:36,11.86,--,74,87764,卖盘
1061,13:48:27,11.86,--,4,4744,卖盘
1062,13:48:24,11.86,--,13,15418,卖盘
1063,13:48:21,11.86,-0.01,30,35580,卖盘
1064,13:48:18,11.87,--,165,195855,买盘
1065,13:48:15,11.87,0.01,50,59349,买盘
1066,13:48:12,11.86,--,11,13046,卖盘
1067,13:48:09,11.86,--,12,14232,卖盘
1068,13:48:06,11.86,-0.01,4,4744,卖盘
1069,13:48:03,11.87,0.01,1,1187,买盘
1070,13:47:57,11.86,--,138,163668,卖盘
1071,13:47:54,11.86,-0.01,600,711600,卖盘
1072,13:47:45,11.87,0.01,102,121073,买盘
1073,13:47:42,11.86,--,28,33208,卖盘
1074,13:47:36,11.86,--,152,180272,卖盘
1075,13:47:30,11.86,-0.01,1,1186,卖盘
1076,13:47:21,11.87,-0.01,1,1187,中性盘
1077,13:47:18,11.88,0.02,115,136620,买盘
1078,13:47:15,11.86,-0.01,2,2372,卖盘
1079,13:47:00,11.87,--,10,11870,买盘
1080,13:46:57,11.87,0.01,116,137692,买盘
1081,13:46:54,11.86,--,1,1186,卖盘
1082,13:46:45,11.86,--,518,614348,卖盘
1083,13:46:42,11.86,-0.01,13,15418,卖盘
1084,13:46:39,11.87,0.01,116,137692,买盘
1085,13:46:36,11.86,--,28,33208,卖盘
1086,13:46:24,11.86,--,20,23720,卖盘
1087,13:46:21,11.86,-0.01,11,13046,卖盘
1088,13:46:15,11.87,0.01,117,138879,买盘
1089,13:46:12,11.86,-0.01,178,211108,卖盘
1090,13:46:00,11.87,--,115,136505,买盘
1091,13:45:54,11.87,0.01,1,1187,买盘
1092,13:45:51,11.86,-0.01,82,97252,卖盘
1093,13:45:48,11.87,0.01,14,16618,买盘
1094,13:45:45,11.86,-0.01,5,5930,卖盘
1095,13:45:36,11.87,--,139,164993,买盘
1096,13:45:33,11.87,0.01,1,1187,买盘
1097,13:45:30,11.86,--,23,27278,卖盘
1098,13:45:27,11.86,--,259,307174,卖盘
1099,13:45:24,11.86,--,9,10674,卖盘
1100,13:45:21,11.86,-0.01,17,20873,卖盘
1101,13:45:18,11.87,0.01,154,182798,买盘
1102,13:45:12,11.86,-0.01,4,4744,卖盘
1103,13:45:09,11.87,0.01,41,48667,买盘
1104,13:45:03,11.86,-0.01,3,3558,卖盘
1105,13:44:57,11.87,--,116,137692,买盘
1106,13:44:48,11.87,0.01,1,1187,买盘
1107,13:44:45,11.86,-0.01,1,1186,卖盘
1108,13:44:42,11.87,0.01,238,282506,买盘
1109,13:44:39,11.86,--,120,142320,卖盘
1110,13:44:36,11.86,--,27,32022,卖盘
1111,13:44:27,11.86,-0.01,1,1186,卖盘
1112,13:44:24,11.87,0.01,1,1187,买盘
1113,13:44:21,11.86,--,21,24906,卖盘
1114,13:44:09,11.86,-0.01,67,79462,卖盘
1115,13:44:06,11.87,--,11,13057,买盘
1116,13:44:03,11.87,0.01,1,1187,买盘
1117,13:44:00,11.86,-0.01,14,16604,卖盘
1118,13:43:54,11.87,0.01,1,1187,买盘
1119,13:43:42,11.86,--,55,65230,卖盘
1120,13:43:39,11.86,--,51,60486,卖盘
1121,13:43:36,11.86,--,19,22534,卖盘
1122,13:43:30,11.86,--,23,27278,卖盘
1123,13:43:27,11.86,-0.01,17,20162,卖盘
1124,13:43:24,11.87,--,103,122260,买盘
1125,13:43:18,11.87,--,8,9496,买盘
1126,13:43:15,11.87,0.01,5,5935,买盘
1127,13:43:12,11.86,--,64,75904,卖盘
1128,13:43:09,11.86,--,10,11860,卖盘
1129,13:43:06,11.86,--,1,1186,卖盘
1130,13:43:03,11.86,--,5,5930,卖盘
1131,13:43:00,11.86,--,170,201620,卖盘
1132,13:42:51,11.86,--,45,53370,卖盘
1133,13:42:48,11.86,--,59,69974,卖盘
1134,13:42:45,11.86,--,85,100810,卖盘
1135,13:42:42,11.86,--,15,17790,卖盘
1136,13:42:36,11.86,--,22,26092,卖盘
1137,13:42:33,11.86,--,85,100810,卖盘
1138,13:42:27,11.86,--,113,134018,卖盘
1139,13:42:21,11.86,--,20,23720,卖盘
1140,13:42:15,11.86,--,25,29650,卖盘
1141,13:42:12,11.86,--,30,35580,卖盘
1142,13:42:09,11.86,--,77,91322,卖盘
1143,13:42:00,11.86,--,1,1186,卖盘
1144,13:41:57,11.86,-0.01,28,33208,卖盘
1145,13:41:51,11.87,0.01,25,29674,买盘
1146,13:41:48,11.86,-0.01,38,45068,卖盘
1147,13:41:36,11.87,0.01,77,91399,买盘
1148,13:41:33,11.86,--,13,15418,卖盘
1149,13:41:30,11.86,--,84,99624,卖盘
1150,13:41:24,11.86,--,4,4744,卖盘
1151,13:41:21,11.86,-0.01,1,1186,卖盘
1152,13:41:15,11.87,--,19,22553,买盘
1153,13:41:12,11.87,0.01,14,16618,买盘
1154,13:41:06,11.86,--,12,14232,卖盘
1155,13:41:00,11.86,-0.01,60,71160,卖盘
1156,13:40:57,11.87,--,408,485316,卖盘
1157,13:40:54,11.87,--,8,9496,卖盘
1158,13:40:48,11.87,--,10,11870,卖盘
1159,13:40:36,11.87,--,21,24927,卖盘
1160,13:40:33,11.87,--,100,118699,卖盘
1161,13:40:27,11.87,--,1,1187,卖盘
1162,13:40:24,11.87,--,55,65284,卖盘
1163,13:40:21,11.87,-0.01,5,5935,卖盘
1164,13:40:18,11.88,0.01,2,2376,买盘
1165,13:40:12,11.87,--,28,33236,卖盘
1166,13:40:09,11.87,--,7,8309,卖盘
1167,13:40:03,11.87,-0.01,1,1187,卖盘
1168,13:40:00,11.88,--,42,49896,买盘
1169,13:39:57,11.88,0.01,1,1188,买盘
1170,13:39:54,11.87,--,5,5935,卖盘
1171,13:39:51,11.87,--,11,13057,卖盘
1172,13:39:48,11.87,--,4,4748,卖盘
1173,13:39:45,11.87,--,57,67659,卖盘
1174,13:39:39,11.87,--,3,3560,卖盘
1175,13:39:36,11.87,--,23,27301,卖盘
1176,13:39:33,11.87,-0.01,31,36797,卖盘
1177,13:39:30,11.88,0.01,12,14256,买盘
1178,13:39:27,11.87,--,40,47480,卖盘
1179,13:39:24,11.87,-0.01,100,118699,卖盘
1180,13:39:21,11.88,--,1,1188,买盘
1181,13:39:18,11.88,0.01,2,2376,买盘
1182,13:39:15,11.87,-0.01,11,13057,卖盘
1183,13:39:12,11.88,0.01,5,5940,买盘
1184,13:39:06,11.87,0.01,805,955701,买盘
1185,13:38:54,11.86,--,6,7116,卖盘
1186,13:38:51,11.86,--,125,148250,卖盘
1187,13:38:45,11.86,--,351,417234,买盘
1188,13:38:42,11.86,--,238,282505,卖盘
1189,13:38:39,11.86,--,8,9488,卖盘
1190,13:38:36,11.86,--,23,27278,卖盘
1191,13:38:33,11.86,-0.01,190,225340,卖盘
1192,13:38:27,11.87,0.01,101,119886,买盘
1193,13:38:24,11.86,--,3,3558,卖盘
1194,13:38:21,11.86,-0.01,1,1186,卖盘
1195,13:38:18,11.87,0.01,2,2374,买盘
1196,13:38:15,11.86,--,20,23720,卖盘
1197,13:38:12,11.86,--,1,1186,卖盘
1198,13:38:09,11.86,--,21,24906,卖盘
1199,13:38:06,11.86,--,12,14232,卖盘
1200,13:38:00,11.86,-0.01,3,3558,卖盘
1201,13:37:51,11.87,--,7,8309,买盘
1202,13:37:48,11.87,--,11,13057,买盘
1203,13:37:45,11.87,--,10,11870,买盘
1204,13:37:39,11.87,0.01,1,1187,买盘
1205,13:37:36,11.86,--,20,23720,卖盘
1206,13:37:33,11.86,--,11,13046,卖盘
1207,13:37:30,11.86,--,200,237200,卖盘
1208,13:37:24,11.86,--,3,3558,卖盘
1209,13:37:21,11.86,-0.01,12,14232,卖盘
1210,13:37:18,11.87,0.01,14,16618,买盘
1211,13:37:09,11.86,--,8,9488,卖盘
1212,13:37:06,11.86,-0.01,1,1186,卖盘
1213,13:36:57,11.87,--,24,28487,买盘
1214,13:36:54,11.87,0.01,4,4748,买盘
1215,13:36:45,11.86,--,8,9488,卖盘
1216,13:36:36,11.86,--,24,28464,卖盘
1217,13:36:30,11.86,-0.01,10,11860,卖盘
1218,13:36:21,11.87,--,3,3560,买盘
1219,13:36:18,11.87,--,1,1187,买盘
1220,13:36:15,11.87,0.01,8,9496,买盘
1221,13:36:09,11.86,--,2,2372,卖盘
1222,13:36:06,11.86,-0.01,58,69238,卖盘
1223,13:36:03,11.87,0.01,2,2374,买盘
1224,13:35:54,11.86,-0.01,10,11860,卖盘
1225,13:35:51,11.87,0.01,5,5935,买盘
1226,13:35:48,11.86,-0.01,11,13046,卖盘
1227,13:35:45,11.87,0.01,22,26114,买盘
1228,13:35:42,11.86,-0.01,12,14232,卖盘
1229,13:35:39,11.87,--,4,4748,买盘
1230,13:35:36,11.87,0.01,63,74781,买盘
1231,13:35:33,11.86,--,4,4744,卖盘
1232,13:35:24,11.86,-0.01,1,1186,卖盘
1233,13:35:15,11.87,0.01,6,7121,买盘
1234,13:35:09,11.86,0.01,56,66914,买盘
1235,13:35:06,11.85,-0.01,7,8295,卖盘
1236,13:35:03,11.86,--,110,130460,买盘
1237,13:35:00,11.86,0.01,23,27278,买盘
1238,13:34:51,11.85,-0.01,1,1185,卖盘
1239,13:34:48,11.86,--,41,48626,买盘
1240,13:34:42,11.86,--,117,138762,买盘
1241,13:34:39,11.86,--,102,120972,买盘
1242,13:34:36,11.86,0.01,78,92508,买盘
1243,13:34:33,11.85,--,19,23463,卖盘
1244,13:34:30,11.85,-0.01,11,13035,卖盘
1245,13:34:27,11.86,--,1,1186,买盘
1246,13:34:24,11.86,--,14,16604,买盘
1247,13:34:21,11.86,--,26,30836,买盘
1248,13:34:15,11.86,0.01,5,5930,买盘
1249,13:34:12,11.85,-0.01,119,141015,卖盘
1250,13:34:09,11.86,0.01,20,23720,买盘
1251,13:34:06,11.85,--,15,17775,卖盘
1252,13:34:03,11.85,-0.01,6,7110,卖盘
1253,13:34:00,11.86,0.01,50,59300,买盘
1254,13:33:54,11.85,--,40,47400,卖盘
1255,13:33:51,11.85,--,157,186886,买盘
1256,13:33:45,11.85,--,12,14220,买盘
1257,13:33:42,11.85,--,104,123240,买盘
1258,13:33:39,11.85,0.01,1,1185,买盘
1259,13:33:36,11.84,-0.01,21,24864,卖盘
1260,13:33:33,11.85,--,107,126795,买盘
1261,13:33:30,11.85,--,44,52140,买盘
1262,13:33:24,11.85,--,187,221595,买盘
1263,13:33:21,11.85,0.01,1,1185,买盘
1264,13:33:15,11.84,--,25,29600,卖盘
1265,13:33:12,11.84,--,2,2368,卖盘
1266,13:33:09,11.84,--,9,10656,卖盘
1267,13:33:06,11.84,-0.01,9,10656,卖盘
1268,13:33:03,11.85,--,3,3555,买盘
1269,13:33:00,11.85,0.01,16,18960,买盘
1270,13:32:57,11.84,--,17,20128,卖盘
1271,13:32:51,11.84,-0.01,20,23680,卖盘
1272,13:32:48,11.85,--,5,5925,买盘
1273,13:32:45,11.85,0.01,2,2370,买盘
1274,13:32:39,11.84,-0.01,61,72224,卖盘
1275,13:32:36,11.85,0.01,46,54510,买盘
1276,13:32:30,11.84,-0.01,5,5920,卖盘
1277,13:32:18,11.85,--,8,9480,买盘
1278,13:32:15,11.85,0.01,10,11850,买盘
1279,13:32:12,11.84,--,12,14208,卖盘
1280,13:32:09,11.84,--,39,46176,卖盘
1281,13:32:06,11.84,--,1,1184,卖盘
1282,13:31:57,11.84,-0.01,25,29600,卖盘
1283,13:31:54,11.85,0.01,1,1185,买盘
1284,13:31:51,11.84,--,50,59200,卖盘
1285,13:31:45,11.84,-0.01,5,5920,卖盘
1286,13:31:42,11.85,0.01,23,27255,买盘
1287,13:31:39,11.84,--,70,82880,卖盘
1288,13:31:36,11.84,--,32,37888,卖盘
1289,13:31:30,11.84,--,17,20128,卖盘
1290,13:31:24,11.84,--,5,5920,卖盘
1291,13:31:21,11.84,--,9,10656,卖盘
1292,13:31:18,11.84,--,100,118400,卖盘
1293,13:31:12,11.84,--,205,242720,卖盘
1294,13:31:09,11.84,-0.01,5,5920,卖盘
1295,13:31:06,11.85,0.01,48,56880,买盘
1296,13:31:03,11.84,--,30,35520,卖盘
1297,13:31:00,11.84,-0.01,1,1184,卖盘
1298,13:30:57,11.85,0.01,38,45030,买盘
1299,13:30:51,11.84,--,177,209568,卖盘
1300,13:30:48,11.84,-0.01,34,40256,卖盘
1301,13:30:45,11.85,0.01,395,468075,买盘
1302,13:30:42,11.84,--,38,44992,卖盘
1303,13:30:39,11.84,-0.01,6,7104,卖盘
1304,13:30:36,11.85,0.01,168,199080,买盘
1305,13:30:33,11.84,-0.01,130,153920,卖盘
1306,13:30:30,11.85,0.01,13,15405,买盘
1307,13:30:24,11.84,--,71,84064,卖盘
1308,13:30:21,11.84,-0.01,10,11840,卖盘
1309,13:30:18,11.85,0.01,200,237000,买盘
1310,13:30:15,11.84,--,83,98272,卖盘
1311,13:30:09,11.84,-0.01,11,13024,卖盘
1312,13:30:03,11.85,0.01,35,41475,买盘
1313,13:30:00,11.84,-0.01,3,3552,卖盘
1314,13:29:57,11.85,0.01,13,15405,买盘
1315,13:29:54,11.84,--,1,1184,卖盘
1316,13:29:51,11.84,-0.01,12,14208,卖盘
1317,13:29:48,11.85,0.01,139,164715,买盘
1318,13:29:42,11.84,-0.01,27,31968,卖盘
1319,13:29:39,11.85,0.01,24,28440,买盘
1320,13:29:36,11.84,--,24,28416,卖盘
1321,13:29:33,11.84,--,16,18944,卖盘
1322,13:29:30,11.84,-0.01,10,11840,卖盘
1323,13:29:21,11.85,0.01,5,5925,买盘
1324,13:29:18,11.84,--,8,9472,卖盘
1325,13:29:15,11.84,--,3,3552,卖盘
1326,13:29:12,11.84,--,1,1184,卖盘
1327,13:29:06,11.84,--,10,11840,卖盘
1328,13:29:03,11.84,--,20,23680,卖盘
1329,13:29:00,11.84,--,3,3552,卖盘
1330,13:28:57,11.84,0.01,6,7104,卖盘
1331,13:28:54,11.83,--,41,48503,卖盘
1332,13:28:51,11.83,-0.01,82,97006,卖盘
1333,13:28:48,11.84,0.01,572,677248,买盘
1334,13:28:45,11.83,-0.01,222,262626,卖盘
1335,13:28:42,11.84,0.01,283,335072,买盘
1336,13:28:39,11.83,--,7,8281,卖盘
1337,13:28:36,11.83,-0.01,26,30758,卖盘
1338,13:28:33,11.84,0.01,41,48544,买盘
1339,13:28:27,11.83,-0.01,366,432978,卖盘
1340,13:28:24,11.84,0.01,13,15392,买盘
1341,13:28:21,11.83,-0.01,8,9464,卖盘
1342,13:28:18,11.84,--,160,189440,卖盘
1343,13:28:15,11.84,-0.01,11,13024,卖盘
1344,13:28:12,11.85,0.01,20,23700,买盘
1345,13:28:06,11.84,-0.01,7,8288,卖盘
1346,13:28:03,11.85,0.01,17,20145,买盘
1347,13:28:00,11.84,--,4,4736,卖盘
1348,13:27:57,11.84,--,11,13024,卖盘
1349,13:27:54,11.84,--,12,14208,卖盘
1350,13:27:51,11.84,--,616,729344,卖盘
1351,13:27:48,11.84,--,290,343360,卖盘
1352,13:27:45,11.84,-0.01,21,24864,卖盘
1353,13:27:42,11.85,0.01,37,43845,买盘
1354,13:27:39,11.84,--,5,5920,卖盘
1355,13:27:36,11.84,--,19,22496,卖盘
1356,13:27:33,11.84,--,137,162208,卖盘
1357,13:27:27,11.84,-0.01,339,401376,卖盘
1358,13:27:24,11.85,--,2,2370,买盘
1359,13:27:21,11.85,--,52,61620,买盘
1360,13:27:18,11.85,-0.01,829,982708,卖盘
1361,13:27:15,11.86,0.01,1,1186,买盘
1362,13:27:12,11.85,--,2,2370,卖盘
1363,13:27:09,11.85,--,154,182490,卖盘
1364,13:27:06,11.85,-0.01,119,141015,卖盘
1365,13:27:03,11.86,0.01,22,26934,买盘
1366,13:27:00,11.85,-0.01,48,56880,卖盘
1367,13:26:57,11.86,0.01,101,119786,买盘
1368,13:26:54,11.85,--,19,22515,卖盘
1369,13:26:51,11.85,-0.01,129,152865,卖盘
1370,13:26:48,11.86,0.01,10,11860,买盘
1371,13:26:45,11.85,--,93,110205,卖盘
1372,13:26:42,11.85,--,16,18960,卖盘
1373,13:26:36,11.85,-0.01,314,372090,卖盘
1374,13:26:33,11.86,0.01,169,200434,买盘
1375,13:26:27,11.85,--,8,9480,卖盘
1376,13:26:24,11.85,-0.01,6,7110,卖盘
1377,13:26:21,11.86,0.01,100,118600,买盘
1378,13:26:15,11.85,-0.01,10,11850,卖盘
1379,13:26:12,11.86,0.01,14,16604,买盘
1380,13:26:09,11.85,-0.01,50,59250,卖盘
1381,13:26:06,11.86,0.01,21,24906,买盘
1382,13:26:03,11.85,--,109,129165,卖盘
1383,13:26:00,11.85,-0.01,3,3555,卖盘
1384,13:25:57,11.86,0.01,6,7116,买盘
1385,13:25:54,11.85,--,7,8295,卖盘
1386,13:25:51,11.85,--,5,5925,卖盘
1387,13:25:48,11.85,--,43,50955,卖盘
1388,13:25:45,11.85,-0.01,2,2370,卖盘
1389,13:25:42,11.86,0.01,100,118600,买盘
1390,13:25:36,11.85,-0.01,33,39105,卖盘
1391,13:25:33,11.86,0.01,1,1186,买盘
1392,13:25:30,11.85,--,12,14220,卖盘
1393,13:25:27,11.85,-0.01,153,181305,卖盘
1394,13:25:24,11.86,--,1,1186,买盘
1395,13:25:21,11.86,--,9,10674,买盘
1396,13:25:18,11.86,--,32,37952,买盘
1397,13:25:15,11.86,--,1,1186,买盘
1398,13:25:06,11.86,0.01,23,27278,买盘
1399,13:24:57,11.85,--,3,3555,卖盘
1400,13:24:54,11.85,--,3,3555,卖盘
1401,13:24:51,11.85,-0.01,34,40290,卖盘
1402,13:24:48,11.86,--,201,238386,买盘
1403,13:24:45,11.86,0.01,221,262106,买盘
1404,13:24:42,11.85,--,87,103095,卖盘
1405,13:24:39,11.85,--,46,54510,卖盘
1406,13:24:36,11.85,-0.01,25,29625,卖盘
1407,13:24:33,11.86,0.01,52,61672,买盘
1408,13:24:30,11.85,-0.01,27,31995,卖盘
1409,13:24:27,11.86,0.01,7,8302,买盘
1410,13:24:24,11.85,-0.01,16,18960,卖盘
1411,13:24:21,11.86,--,11,13046,买盘
1412,13:24:15,11.86,0.01,10,11860,买盘
1413,13:24:12,11.85,--,40,47400,卖盘
1414,13:24:09,11.85,-0.01,131,155235,卖盘
1415,13:24:06,11.86,--,1,1186,买盘
1416,13:24:03,11.86,--,2,2372,买盘
1417,13:24:00,11.86,-0.01,463,549805,卖盘
1418,13:23:54,11.87,--,30,35610,买盘
1419,13:23:51,11.87,0.01,42,49854,买盘
1420,13:23:48,11.86,-0.01,35,41510,卖盘
1421,13:23:45,11.87,0.01,5,5935,买盘
1422,13:23:42,11.86,-0.01,1,1186,卖盘
1423,13:23:39,11.87,--,11,13057,买盘
1424,13:23:36,11.87,0.01,33,39171,买盘
1425,13:23:33,11.86,-0.01,2,2372,卖盘
1426,13:23:27,11.87,--,39,46293,卖盘
1427,13:23:24,11.87,0.01,10,11870,买盘
1428,13:23:21,11.86,--,1,1186,卖盘
1429,13:23:18,11.86,-0.02,1000,1186000,卖盘
1430,13:23:15,11.88,0.01,1,1188,买盘
1431,13:23:12,11.87,--,28,33236,卖盘
1432,13:23:00,11.87,-0.01,10,11870,卖盘
1433,13:22:54,11.88,0.01,5,5940,买盘
1434,13:22:51,11.87,--,555,658785,买盘
1435,13:22:48,11.87,--,11,13057,买盘
1436,13:22:45,11.87,0.01,11,13057,买盘
1437,13:22:42,11.86,--,33,39138,卖盘
1438,13:22:36,11.86,-0.01,42,49812,卖盘
1439,13:22:33,11.87,--,17,20179,买盘
1440,13:22:30,11.87,0.01,300,356100,买盘
1441,13:22:27,11.86,--,10,11860,卖盘
1442,13:22:24,11.86,-0.01,100,118600,卖盘
1443,13:22:21,11.87,0.01,307,364409,买盘
1444,13:22:18,11.86,-0.01,5,5930,卖盘
1445,13:22:12,11.87,--,1030,1222610,买盘
1446,13:22:09,11.87,0.01,202,239773,买盘
1447,13:22:03,11.86,--,12,14232,卖盘
1448,13:22:00,11.86,-0.01,248,294128,卖盘
1449,13:21:57,11.87,--,100,118699,买盘
1450,13:21:54,11.87,--,20,23740,买盘
1451,13:21:51,11.87,0.01,36,42732,买盘
1452,13:21:48,11.86,--,2,2372,卖盘
1453,13:21:45,11.86,-0.01,31,36766,卖盘
1454,13:21:42,11.87,0.01,51,60536,买盘
1455,13:21:39,11.86,--,501,594186,卖盘
1456,13:21:36,11.86,-0.01,22,26092,卖盘
1457,13:21:30,11.87,0.01,1,1187,买盘
1458,13:21:27,11.86,--,4,5835,卖盘
1459,13:21:24,11.86,--,17,20162,卖盘
1460,13:21:21,11.86,--,53,63451,卖盘
1461,13:21:15,11.86,--,99,117414,卖盘
1462,13:21:12,11.86,--,15,17790,卖盘
1463,13:21:09,11.86,-0.01,45,53370,卖盘
1464,13:21:06,11.87,0.01,3,3560,买盘
1465,13:21:03,11.86,--,74,87764,卖盘
1466,13:20:57,11.86,--,228,270408,卖盘
1467,13:20:54,11.86,--,9,10674,卖盘
1468,13:20:48,11.86,--,2,2372,卖盘
1469,13:20:45,11.86,--,25,29650,卖盘
1470,13:20:42,11.86,--,13,15418,卖盘
1471,13:20:36,11.86,--,46,54556,卖盘
1472,13:20:33,11.86,--,11,13046,卖盘
1473,13:20:30,11.86,-0.01,2,2372,卖盘
1474,13:20:27,11.87,0.01,5,5935,买盘
1475,13:20:24,11.86,-0.01,33,39138,卖盘
1476,13:20:21,11.87,0.01,1,1187,买盘
1477,13:20:18,11.86,-0.01,129,152994,卖盘
1478,13:20:15,11.87,0.01,6,7121,买盘
1479,13:20:12,11.86,--,3,3558,卖盘
1480,13:20:09,11.86,--,71,84206,卖盘
1481,13:20:06,11.86,--,4,4744,卖盘
1482,13:20:00,11.86,--,16,18976,卖盘
1483,13:19:57,11.86,-0.01,5,5930,卖盘
1484,13:19:54,11.87,0.01,1,1187,买盘
1485,13:19:51,11.86,--,4,4744,卖盘
1486,13:19:48,11.86,--,11,13046,卖盘
1487,13:19:39,11.86,-0.01,78,92508,卖盘
1488,13:19:36,11.87,0.01,19,22553,买盘
1489,13:19:33,11.86,-0.01,13,15418,卖盘
1490,13:19:30,11.87,0.01,8,9496,买盘
1491,13:19:27,11.86,--,24,28464,卖盘
1492,13:19:24,11.86,--,52,61672,卖盘
1493,13:19:21,11.86,--,41,48626,卖盘
1494,13:19:18,11.86,-0.01,25,29650,卖盘
1495,13:19:15,11.87,--,111,131757,卖盘
1496,13:19:12,11.87,--,94,111577,卖盘
1497,13:19:09,11.87,--,364,432068,卖盘
1498,13:19:06,11.87,--,77,91399,卖盘
1499,13:19:03,11.87,--,68,80716,卖盘
1500,13:19:00,11.87,--,10,11870,卖盘
1501,13:18:57,11.87,--,140,166180,卖盘
1502,13:18:54,11.87,--,10,11870,卖盘
1503,13:18:51,11.87,--,30,35610,卖盘
1504,13:18:48,11.87,--,135,160245,卖盘
1505,13:18:45,11.87,--,13,15430,卖盘
1506,13:18:42,11.87,-0.01,74,87838,卖盘
1507,13:18:39,11.88,0.01,80,95040,买盘
1508,13:18:36,11.87,--,31,36797,卖盘
1509,13:18:33,11.87,--,26,30861,卖盘
1510,13:18:30,11.87,--,19,22553,卖盘
1511,13:18:27,11.87,--,100,118699,卖盘
1512,13:18:21,11.87,--,11,13057,卖盘
1513,13:18:18,11.87,--,48,56975,卖盘
1514,13:18:15,11.87,--,20,23740,卖盘
1515,13:18:06,11.87,-0.01,49,58162,卖盘
1516,13:18:03,11.88,--,2,2376,买盘
1517,13:18:00,11.88,--,663,788202,卖盘
1518,13:17:57,11.88,--,6,7128,卖盘
1519,13:17:54,11.88,--,313,371844,卖盘
1520,13:17:51,11.88,--,338,401544,卖盘
1521,13:17:48,11.88,--,25,29700,卖盘
1522,13:17:42,11.88,-0.01,8,9504,卖盘
1523,13:17:39,11.89,0.01,1,1189,买盘
1524,13:17:36,11.88,-0.01,42,49896,卖盘
1525,13:17:27,11.89,0.01,105,124845,买盘
1526,13:17:21,11.88,-0.01,194,230472,卖盘
1527,13:17:18,11.89,0.01,4,4756,买盘
1528,13:17:15,11.88,--,9,10692,卖盘
1529,13:17:09,11.88,--,11,13068,卖盘
1530,13:17:03,11.88,--,10,11880,卖盘
1531,13:16:57,11.88,--,4,4752,卖盘
1532,13:16:54,11.88,--,30,35640,卖盘
1533,13:16:51,11.88,--,59,70092,卖盘
1534,13:16:42,11.88,--,78,92664,卖盘
1535,13:16:39,11.88,--,1,1188,卖盘
1536,13:16:36,11.88,-0.01,19,22572,卖盘
1537,13:16:33,11.89,0.01,268,318652,买盘
1538,13:16:30,11.88,--,10,11880,卖盘
1539,13:16:24,11.88,-0.01,56,66528,卖盘
1540,13:16:21,11.89,0.01,2,2378,买盘
1541,13:16:18,11.88,-0.01,17,20196,卖盘
1542,13:16:12,11.89,0.01,21,24969,买盘
1543,13:16:09,11.88,--,3,3564,卖盘
1544,13:15:57,11.88,-0.01,30,35640,卖盘
1545,13:15:51,11.89,0.01,1,1189,买盘
1546,13:15:48,11.88,--,8,9504,卖盘
1547,13:15:45,11.88,--,4,4752,卖盘
1548,13:15:36,11.88,-0.01,26,30888,卖盘
1549,13:15:33,11.89,--,8,9512,买盘
1550,13:15:27,11.89,0.01,19,22591,买盘
1551,13:15:24,11.88,--,156,185328,卖盘
1552,13:15:15,11.88,-0.01,3,3564,卖盘
1553,13:15:09,11.89,--,3,3567,买盘
1554,13:15:06,11.89,--,9,10701,买盘
1555,13:15:00,11.89,--,2,2378,买盘
1556,13:14:48,11.89,--,63,74907,卖盘
1557,13:14:45,11.89,-0.01,11,13079,卖盘
1558,13:14:42,11.9,0.01,83,98770,买盘
1559,13:14:39,11.89,--,50,59450,卖盘
1560,13:14:36,11.89,--,132,156948,卖盘
1561,13:14:33,11.89,--,5,5945,卖盘
1562,13:14:30,11.89,--,1,1189,卖盘
1563,13:14:27,11.89,--,10,11890,卖盘
1564,13:14:24,11.89,-0.01,89,105821,卖盘
1565,13:14:21,11.9,0.01,1,1190,买盘
1566,13:14:18,11.89,--,19,22591,卖盘
1567,13:14:15,11.89,--,5,5945,卖盘
1568,13:14:09,11.89,-0.01,66,78474,卖盘
1569,13:14:06,11.9,0.01,6,7140,买盘
1570,13:14:03,11.89,--,27,32103,卖盘
1571,13:14:00,11.89,--,62,73718,卖盘
1572,13:13:57,11.89,--,10,11890,卖盘
1573,13:13:54,11.89,-0.01,95,112955,卖盘
1574,13:13:45,11.9,--,1,1190,买盘
1575,13:13:39,11.9,0.01,2,2380,买盘
1576,13:13:36,11.89,--,21,24969,卖盘
1577,13:13:24,11.89,-0.01,10,11890,卖盘
1578,13:13:21,11.9,--,7,8330,买盘
1579,13:13:15,11.9,0.01,51,60690,买盘
1580,13:13:09,11.89,--,5,5945,卖盘
1581,13:13:06,11.89,-0.01,2,2378,卖盘
1582,13:12:57,11.9,--,43,51170,买盘
1583,13:12:54,11.9,0.01,1,1190,买盘
1584,13:12:51,11.89,--,1,1189,卖盘
1585,13:12:42,11.89,--,129,153381,卖盘
1586,13:12:36,11.89,-0.01,18,21402,卖盘
1587,13:12:33,11.9,0.01,1,1190,买盘
1588,13:12:21,11.89,--,6,7134,卖盘
1589,13:12:18,11.89,-0.01,1,1189,卖盘
1590,13:12:09,11.9,0.01,1,1190,买盘
1591,13:12:03,11.89,-0.01,568,675352,卖盘
1592,13:11:48,11.9,0.01,3,3570,买盘
1593,13:11:45,11.89,-0.01,6,7134,卖盘
1594,13:11:42,11.9,0.01,1,1190,买盘
1595,13:11:36,11.89,-0.01,26,30914,卖盘
1596,13:11:33,11.9,--,2,2380,买盘
1597,13:11:24,11.9,--,139,166504,卖盘
1598,13:11:21,11.9,-0.01,5,5950,卖盘
1599,13:11:18,11.91,--,2,2382,买盘
1600,13:11:15,11.91,0.01,12,14292,买盘
1601,13:11:09,11.9,--,61,72590,卖盘
1602,13:11:06,11.9,--,5,5950,卖盘
1603,13:11:03,11.9,--,11,13090,卖盘
1604,13:10:51,11.9,--,20,23800,卖盘
1605,13:10:48,11.9,-0.01,2,2380,卖盘
1606,13:10:42,11.91,0.01,1,1191,买盘
1607,13:10:39,11.9,--,2,2380,卖盘
1608,13:10:36,11.9,-0.01,40,47600,卖盘
1609,13:10:33,11.91,--,55,65505,买盘
1610,13:10:30,11.91,0.01,20,23820,买盘
1611,13:10:27,11.9,-0.01,9,10710,卖盘
1612,13:10:24,11.91,--,8,9528,买盘
1613,13:10:21,11.91,0.01,1,1191,买盘
1614,13:10:18,11.9,--,5,5950,卖盘
1615,13:10:15,11.9,--,7,8330,卖盘
1616,13:10:09,11.9,--,300,357000,卖盘
1617,13:10:06,11.9,-0.01,11,13090,卖盘
1618,13:10:03,11.91,--,21,25011,买盘
1619,13:09:57,11.91,--,1,1191,买盘
1620,13:09:54,11.91,0.01,10,11910,买盘
1621,13:09:51,11.9,--,8,9520,卖盘
1622,13:09:39,11.9,-0.01,24,28560,卖盘
1623,13:09:36,11.91,--,126,150066,买盘
1624,13:09:33,11.91,0.01,14,16674,买盘
1625,13:09:30,11.9,--,15,17850,卖盘
1626,13:09:27,11.9,--,55,65450,卖盘
1627,13:09:24,11.9,--,9,10710,卖盘
1628,13:09:15,11.9,-0.01,13,15470,卖盘
1629,13:09:12,11.91,0.01,1,1191,买盘
1630,13:09:09,11.9,-0.01,2,2380,卖盘
1631,13:09:03,11.91,0.01,1,1191,买盘
1632,13:09:00,11.9,--,1,1190,卖盘
1633,13:08:54,11.9,--,13,15470,卖盘
1634,13:08:51,11.9,--,10,11900,卖盘
1635,13:08:45,11.9,--,21,24990,卖盘
1636,13:08:42,11.9,--,3,3570,卖盘
1637,13:08:39,11.9,--,5,5950,卖盘
1638,13:08:36,11.9,--,21,24990,卖盘
1639,13:08:33,11.9,--,8,9520,卖盘
1640,13:08:27,11.9,--,18,21420,卖盘
1641,13:08:24,11.9,--,1,1190,卖盘
1642,13:08:12,11.9,-0.01,200,238000,卖盘
1643,13:08:09,11.91,0.01,4,4764,买盘
1644,13:07:54,11.9,--,5,5950,卖盘
1645,13:07:51,11.9,-0.01,4,4760,卖盘
1646,13:07:48,11.91,0.01,10,11910,买盘
1647,13:07:45,11.9,--,20,23800,卖盘
1648,13:07:39,11.9,--,5,5950,卖盘
1649,13:07:36,11.9,--,26,30940,卖盘
1650,13:07:33,11.9,--,7,8330,卖盘
1651,13:07:30,11.9,--,78,92820,卖盘
1652,13:07:21,11.9,-0.01,1,1190,卖盘
1653,13:07:06,11.91,0.01,1,1191,买盘
1654,13:07:00,11.9,--,5,5950,卖盘
1655,13:06:57,11.9,--,5,5950,卖盘
1656,13:06:51,11.9,-0.01,1,1190,卖盘
1657,13:06:48,11.91,0.01,63,75033,买盘
1658,13:06:42,11.9,--,2,2380,卖盘
1659,13:06:36,11.9,-0.01,21,24990,卖盘
1660,13:06:30,11.91,0.01,50,59550,买盘
1661,13:06:27,11.9,--,11,13090,卖盘
1662,13:06:15,11.9,-0.01,1,1190,卖盘
1663,13:06:12,11.91,0.01,23,27393,买盘
1664,13:06:09,11.9,--,22,26180,卖盘
1665,13:05:54,11.9,--,6,7140,卖盘
1666,13:05:48,11.9,--,330,392700,卖盘
1667,13:05:42,11.9,--,5,5950,卖盘
1668,13:05:39,11.9,--,1,1190,卖盘
1669,13:05:36,11.9,--,31,36890,卖盘
1670,13:05:33,11.9,--,10,11900,卖盘
1671,13:05:21,11.9,--,2,2380,卖盘
1672,13:05:09,11.9,--,1,1190,卖盘
1673,13:05:06,11.9,--,2,2380,卖盘
1674,13:05:00,11.9,-0.01,13,15470,卖盘
1675,13:04:51,11.91,0.01,5,5955,买盘
1676,13:04:36,11.9,-0.01,25,29750,卖盘
1677,13:04:27,11.91,--,9,10719,买盘
1678,13:04:24,11.91,0.01,40,47640,买盘
1679,13:04:12,11.9,--,2,2380,卖盘
1680,13:04:09,11.9,--,70,83300,卖盘
1681,13:04:06,11.9,-0.01,6,7140,卖盘
1682,13:04:00,11.91,0.01,10,11910,买盘
1683,13:03:45,11.9,--,8,9615,买盘
1684,13:03:42,11.9,--,191,227290,买盘
1685,13:03:39,11.9,--,14,16660,买盘
1686,13:03:36,11.9,-0.01,825,982844,卖盘
1687,13:03:33,11.91,--,5,5955,卖盘
1688,13:03:30,11.91,--,1,1191,卖盘
1689,13:03:21,11.91,--,2,2382,卖盘
1690,13:03:03,11.91,--,8,9528,卖盘
1691,13:03:00,11.91,0.01,153,182223,买盘
1692,13:02:54,11.9,--,1,1190,卖盘
1693,13:02:45,11.9,--,2,2380,卖盘
1694,13:02:42,11.9,--,1,1190,卖盘
1695,13:02:36,11.9,-0.01,44,52360,卖盘
1696,13:02:30,11.91,--,5,5955,卖盘
1697,13:02:27,11.91,0.01,18,21438,买盘
1698,13:02:24,11.9,--,21,24990,卖盘
1699,13:02:21,11.9,-0.01,12,14280,卖盘
1700,13:02:15,11.91,--,20,23820,买盘
1701,13:02:12,11.91,0.01,40,47640,买盘
1702,13:02:00,11.9,--,50,59500,卖盘
1703,13:01:57,11.9,--,37,44030,卖盘
1704,13:01:54,11.9,--,32,38080,卖盘
1705,13:01:51,11.9,-0.01,404,480760,卖盘
1706,13:01:48,11.91,--,14,16674,卖盘
1707,13:01:45,11.91,--,54,64314,卖盘
1708,13:01:42,11.91,--,21,25011,卖盘
1709,13:01:39,11.91,--,39,46449,卖盘
1710,13:01:36,11.91,--,72,85752,卖盘
1711,13:01:30,11.91,--,10,11910,卖盘
1712,13:01:27,11.91,--,148,176268,卖盘
1713,13:01:24,11.91,--,10,11910,卖盘
1714,13:01:21,11.91,--,34,40494,卖盘
1715,13:01:18,11.91,--,5,5955,卖盘
1716,13:01:15,11.91,--,20,23820,卖盘
1717,13:01:06,11.91,--,8,9528,卖盘
1718,13:01:03,11.91,--,7,8337,卖盘
1719,13:01:00,11.91,--,50,59550,卖盘
1720,13:00:57,11.91,--,7,8337,卖盘
1721,13:00:54,11.91,--,16,19056,卖盘
1722,13:00:51,11.91,--,33,39303,卖盘
1723,13:00:45,11.91,-0.01,26,30966,卖盘
1724,13:00:42,11.92,0.01,1,1192,买盘
1725,13:00:39,11.91,--,8,9528,卖盘
1726,13:00:36,11.91,--,9,10719,卖盘
1727,13:00:27,11.91,--,6,7146,卖盘
1728,13:00:21,11.91,-0.01,12,14292,卖盘
1729,13:00:12,11.92,0.01,30,35760,买盘
1730,13:00:09,11.91,--,6,7146,卖盘
1731,13:00:06,11.91,--,11,13101,卖盘
1732,13:00:03,11.91,0.01,911,1085096,买盘
1733,13:00:00,11.9,-0.01,1,1190,卖盘
1734,11:30:00,11.91,--,0,0,买盘
1735,11:29:42,11.91,0.01,14,16674,买盘
1736,11:29:36,11.9,--,26,30940,卖盘
1737,11:29:30,11.9,--,15,17850,卖盘
1738,11:29:18,11.9,--,5,5950,卖盘
1739,11:29:06,11.9,--,44,52360,卖盘
1740,11:29:03,11.9,--,69,82110,卖盘
1741,11:29:00,11.9,-0.01,1,1190,卖盘
1742,11:28:48,11.91,0.01,8,9528,买盘
1743,11:28:36,11.9,--,18,21420,卖盘
1744,11:28:24,11.9,--,1,1190,卖盘
1745,11:28:18,11.9,--,19,22610,卖盘
1746,11:28:15,11.9,-0.01,86,102340,卖盘
1747,11:28:09,11.91,--,50,59550,买盘
1748,11:28:03,11.91,0.01,1,1191,买盘
1749,11:27:54,11.9,--,136,161840,买盘
1750,11:27:45,11.9,0.01,5,5950,买盘
1751,11:27:36,11.89,--,20,23780,卖盘
1752,11:27:30,11.89,-0.01,8,9512,卖盘
1753,11:27:24,11.9,0.01,6,7140,买盘
1754,11:27:21,11.89,--,21,24969,卖盘
1755,11:27:12,11.89,--,53,63017,卖盘
1756,11:27:06,11.89,-0.02,7,8323,卖盘
1757,11:27:03,11.91,0.02,260,309660,买盘
1758,11:26:51,11.89,--,1,1189,卖盘
1759,11:26:48,11.89,--,48,57072,卖盘
1760,11:26:45,11.89,-0.01,44,52696,卖盘
1761,11:26:42,11.9,--,34,40460,卖盘
1762,11:26:39,11.9,--,30,35700,卖盘
1763,11:26:36,11.9,--,36,42840,卖盘
1764,11:26:33,11.9,--,1,1190,卖盘
1765,11:26:27,11.9,-0.01,40,47600,卖盘
1766,11:26:21,11.91,0.01,106,126960,买盘
1767,11:26:18,11.9,--,198,235620,卖盘
1768,11:26:15,11.9,--,18,21420,卖盘
1769,11:26:03,11.9,--,5,5950,卖盘
1770,11:25:48,11.9,--,350,416500,卖盘
1771,11:25:39,11.9,--,3,3570,卖盘
1772,11:25:36,11.9,--,24,28560,卖盘
1773,11:25:30,11.9,--,46,54740,卖盘
1774,11:25:24,11.9,--,4,4760,卖盘
1775,11:25:18,11.9,--,35,41650,卖盘
1776,11:25:12,11.9,--,15,17850,卖盘
1777,11:25:09,11.9,--,14,16660,卖盘
1778,11:25:06,11.9,--,47,55930,卖盘
1779,11:25:03,11.9,--,4,4760,卖盘
1780,11:25:00,11.9,--,12,14280,卖盘
1781,11:24:54,11.9,--,15,17850,卖盘
1782,11:24:45,11.9,--,46,54740,卖盘
1783,11:24:42,11.9,--,28,33320,卖盘
1784,11:24:39,11.9,--,10,11900,卖盘
1785,11:24:36,11.9,--,75,89250,卖盘
1786,11:24:33,11.9,--,5,5950,卖盘
1787,11:24:21,11.9,--,50,59500,卖盘
1788,11:24:12,11.9,--,15,17850,卖盘
1789,11:24:09,11.9,--,1,1190,卖盘
1790,11:24:06,11.9,--,69,82110,卖盘
1791,11:24:03,11.9,-0.01,8,9520,卖盘
1792,11:23:48,11.91,0.01,35,41685,买盘
1793,11:23:39,11.9,--,2,2380,卖盘
1794,11:23:36,11.9,--,25,29750,卖盘
1795,11:23:33,11.9,--,3,3570,卖盘
1796,11:23:30,11.9,--,4,4760,卖盘
1797,11:23:12,11.9,--,10,11900,卖盘
1798,11:23:09,11.9,--,16,19040,卖盘
1799,11:22:54,11.9,--,1,1190,卖盘
1800,11:22:51,11.9,--,86,102340,卖盘
1801,11:22:36,11.9,--,25,29750,卖盘
1802,11:22:30,11.9,--,3,3570,卖盘
1803,11:22:24,11.9,--,1,1190,卖盘
1804,11:22:21,11.9,--,9,10710,卖盘
1805,11:22:09,11.9,--,3,3570,卖盘
1806,11:21:48,11.9,--,1,1190,卖盘
1807,11:21:45,11.9,--,2,2380,卖盘
1808,11:21:39,11.9,--,7,8330,卖盘
1809,11:21:36,11.9,--,23,27370,卖盘
1810,11:21:33,11.9,--,3,3570,卖盘
1811,11:21:30,11.9,--,493,586670,卖盘
1812,11:21:21,11.9,--,1,1190,卖盘
1813,11:21:12,11.9,--,5,5950,卖盘
1814,11:21:09,11.9,--,9,10710,卖盘
1815,11:20:57,11.9,--,2,2380,卖盘
1816,11:20:54,11.9,--,65,77350,卖盘
1817,11:20:48,11.9,--,8,9520,卖盘
1818,11:20:45,11.9,-0.01,1,1190,卖盘
1819,11:20:42,11.91,--,3,3573,买盘
1820,11:20:39,11.91,0.01,20,23820,买盘
1821,11:20:36,11.9,-0.01,21,24990,卖盘
1822,11:20:33,11.91,--,104,123864,买盘
1823,11:20:30,11.91,--,49,58359,买盘
1824,11:20:24,11.91,--,25,29775,买盘
1825,11:20:21,11.91,0.01,93,110763,买盘
1826,11:20:12,11.9,--,11,13090,卖盘
1827,11:20:09,11.9,--,1,1190,卖盘
1828,11:20:03,11.9,--,27,32130,卖盘
1829,11:20:00,11.9,--,25,29750,卖盘
1830,11:19:42,11.9,--,11,13090,卖盘
1831,11:19:39,11.9,--,1,1190,卖盘
1832,11:19:36,11.9,--,18,21420,卖盘
1833,11:19:33,11.9,--,5,5950,卖盘
1834,11:19:30,11.9,-0.01,2,2380,卖盘
1835,11:19:24,11.91,0.01,6,7146,买盘
1836,11:19:21,11.9,--,93,110670,卖盘
1837,11:19:12,11.9,--,3,3570,卖盘
1838,11:19:09,11.9,--,5,5950,卖盘
1839,11:19:06,11.9,--,2,2380,卖盘
1840,11:19:03,11.9,--,1,1190,卖盘
1841,11:19:00,11.9,--,10,11900,卖盘
1842,11:18:51,11.9,--,4,4760,卖盘
1843,11:18:48,11.9,--,8,9520,卖盘
1844,11:18:36,11.9,-0.01,21,24990,卖盘
1845,11:18:33,11.91,0.01,5,5955,买盘
1846,11:18:30,11.9,--,25,29750,卖盘
1847,11:18:27,11.9,--,457,543830,卖盘
1848,11:18:09,11.9,--,4,4760,卖盘
1849,11:18:06,11.9,--,4,4760,卖盘
1850,11:18:03,11.9,--,12,14280,卖盘
1851,11:18:00,11.9,-0.01,9,10710,卖盘
1852,11:17:57,11.91,0.01,200,238200,买盘
1853,11:17:54,11.9,--,101,120190,卖盘
1854,11:17:51,11.9,-0.01,390,464100,卖盘
1855,11:17:48,11.91,0.01,4,4764,买盘
1856,11:17:42,11.9,-0.01,4,4760,卖盘
1857,11:17:39,11.91,0.01,22,26202,买盘
1858,11:17:36,11.9,-0.01,24,28560,卖盘
1859,11:17:24,11.91,0.01,21,25011,买盘
1860,11:17:18,11.9,--,2,2380,卖盘
1861,11:17:15,11.9,-0.01,15,17850,卖盘
1862,11:17:03,11.91,0.01,4,4764,买盘
1863,11:16:57,11.9,--,5,5950,卖盘
1864,11:16:54,11.9,--,11,13090,卖盘
1865,11:16:51,11.9,--,3,3570,卖盘
1866,11:16:39,11.9,--,5,5950,卖盘
1867,11:16:36,11.9,--,28,33320,卖盘
1868,11:16:21,11.9,--,1,1190,卖盘
1869,11:16:18,11.9,-0.01,7,8330,卖盘
1870,11:16:15,11.91,0.01,29,34539,买盘
1871,11:16:09,11.9,--,2,2380,卖盘
1872,11:16:00,11.9,--,6,7140,卖盘
1873,11:15:57,11.9,-0.01,20,23800,卖盘
1874,11:15:54,11.91,0.01,10,11910,买盘
1875,11:15:51,11.9,--,5,5950,卖盘
1876,11:15:48,11.9,--,29,34510,卖盘
1877,11:15:45,11.9,-0.01,4,4760,卖盘
1878,11:15:42,11.91,0.01,18,21438,买盘
1879,11:15:39,11.9,--,30,35700,卖盘
1880,11:15:36,11.9,--,18,21420,卖盘
1881,11:15:33,11.9,--,8,9520,卖盘
1882,11:15:27,11.9,--,84,99960,卖盘
1883,11:15:18,11.9,--,40,47600,卖盘
1884,11:15:15,11.9,--,43,51170,卖盘
1885,11:15:12,11.9,--,82,97580,卖盘
1886,11:15:09,11.9,--,34,40460,卖盘
1887,11:15:06,11.9,--,94,111860,卖盘
1888,11:15:03,11.9,--,50,59500,卖盘
1889,11:15:00,11.9,--,82,97580,卖盘
1890,11:14:57,11.9,--,3,3570,卖盘
1891,11:14:54,11.9,--,86,102340,卖盘
1892,11:14:51,11.9,-0.01,43,51170,卖盘
1893,11:14:48,11.91,--,61,72651,卖盘
1894,11:14:45,11.91,--,79,94089,卖盘
1895,11:14:42,11.91,--,37,44067,卖盘
1896,11:14:39,11.91,0.01,49,58359,买盘
1897,11:14:36,11.9,-0.01,46,54740,卖盘
1898,11:14:33,11.91,--,106,126246,卖盘
1899,11:14:30,11.91,--,20,23820,卖盘
1900,11:14:21,11.91,-0.01,16,19056,卖盘
1901,11:14:18,11.92,0.01,2,2384,买盘
1902,11:14:15,11.91,--,75,89325,卖盘
1903,11:14:12,11.91,--,65,77415,卖盘
1904,11:14:09,11.91,-0.01,32,38112,卖盘
1905,11:13:54,11.92,--,114,135888,买盘
1906,11:13:51,11.92,0.01,59,70328,买盘
1907,11:13:48,11.91,-0.01,37,44067,卖盘
1908,11:13:45,11.92,0.01,209,249128,买盘
1909,11:13:42,11.91,-0.02,327,389457,卖盘
1910,11:13:39,11.93,0.01,1,1193,买盘
1911,11:13:36,11.92,--,21,25032,卖盘
1912,11:13:33,11.92,-0.01,22,26224,卖盘
1913,11:13:24,11.93,--,5,5965,买盘
1914,11:13:18,11.93,0.01,2,2386,买盘
1915,11:13:06,11.92,-0.01,1,1192,卖盘
1916,11:12:54,11.93,0.01,2,2386,买盘
1917,11:12:51,11.92,--,4,4768,卖盘
1918,11:12:42,11.92,--,25,29800,卖盘
1919,11:12:39,11.92,--,44,52448,卖盘
1920,11:12:36,11.92,-0.01,223,265816,卖盘
1921,11:12:30,11.93,0.01,21,25053,买盘
1922,11:12:27,11.92,--,53,63176,卖盘
1923,11:12:24,11.92,--,39,46488,卖盘
1924,11:12:21,11.92,0.01,71,84632,买盘
1925,11:12:18,11.91,-0.02,91,108381,卖盘
1926,11:12:15,11.93,0.02,8,9544,买盘
1927,11:12:09,11.91,--,47,55977,卖盘
1928,11:12:06,11.91,-0.01,48,57168,卖盘
1929,11:12:03,11.92,--,18,21456,卖盘
1930,11:12:00,11.92,--,23,27416,卖盘
1931,11:11:54,11.92,-0.01,11,13112,卖盘
1932,11:11:51,11.93,0.02,72,85896,买盘
1933,11:11:45,11.91,-0.01,47,55977,卖盘
1934,11:11:42,11.92,--,10,11920,卖盘
1935,11:11:39,11.92,--,29,34568,卖盘
1936,11:11:36,11.92,0.01,167,199159,买盘
1937,11:11:33,11.91,--,66,78606,卖盘
1938,11:11:30,11.91,-0.01,7,8337,卖盘
1939,11:11:27,11.92,0.01,500,596000,买盘
1940,11:11:24,11.91,-0.01,1,1191,卖盘
1941,11:11:21,11.92,--,16,19072,买盘
1942,11:11:18,11.92,--,11,13112,买盘
1943,11:11:06,11.92,0.01,11,13112,买盘
1944,11:11:03,11.91,--,5,5955,卖盘
1945,11:11:00,11.91,--,150,178650,卖盘
1946,11:10:57,11.91,-0.01,8,9528,卖盘
1947,11:10:51,11.92,--,2,2384,买盘
1948,11:10:48,11.92,--,2,2384,买盘
1949,11:10:45,11.92,0.01,1,1192,买盘
1950,11:10:42,11.91,--,9,10719,卖盘
1951,11:10:39,11.91,--,30,35730,卖盘
1952,11:10:36,11.91,-0.01,27,32157,卖盘
1953,11:10:33,11.92,0.01,44,52448,买盘
1954,11:10:21,11.91,--,13,15483,卖盘
1955,11:10:18,11.91,-0.01,3,3573,卖盘
1956,11:10:15,11.92,0.01,1,1192,买盘
1957,11:10:00,11.91,-0.01,49,58359,卖盘
1958,11:09:57,11.92,--,88,105992,卖盘
1959,11:09:54,11.92,0.02,92,109759,买盘
1960,11:09:51,11.9,-0.02,20,23800,卖盘
1961,11:09:48,11.92,--,221,264528,卖盘
1962,11:09:45,11.92,-0.01,1,1192,卖盘
1963,11:09:42,11.93,--,1,1193,买盘
1964,11:09:39,11.93,0.01,3,3579,买盘
1965,11:09:36,11.92,--,140,166880,卖盘
1966,11:09:30,11.92,0.02,694,827343,买盘
1967,11:09:24,11.9,--,39,46410,卖盘
1968,11:09:21,11.9,--,60,71400,卖盘
1969,11:09:18,11.9,--,13,15470,卖盘
1970,11:09:15,11.9,--,141,167790,卖盘
1971,11:09:12,11.9,--,33,39270,卖盘
1972,11:09:09,11.9,-0.01,51,60690,卖盘
1973,11:09:03,11.91,--,72,85752,买盘
1974,11:09:00,11.91,0.01,79,94089,买盘
1975,11:08:57,11.9,--,1,1190,卖盘
1976,11:08:54,11.9,--,4,4760,卖盘
1977,11:08:39,11.9,--,1,1190,卖盘
1978,11:08:36,11.9,-0.01,22,26180,卖盘
1979,11:08:27,11.91,0.01,1,1191,买盘
1980,11:08:21,11.9,-0.01,29,34510,卖盘
1981,11:08:18,11.91,-0.01,228,272643,卖盘
1982,11:08:15,11.92,--,5,5960,卖盘
1983,11:08:09,11.92,-0.01,0,95,卖盘
1984,11:08:06,11.93,0.01,31,36983,买盘
1985,11:08:03,11.92,--,34,40528,卖盘
1986,11:08:00,11.92,0.02,283,337336,买盘
1987,11:07:57,11.9,-0.02,29,34510,卖盘
1988,11:07:54,11.92,0.01,75,89400,买盘
1989,11:07:45,11.91,--,45,53595,卖盘
1990,11:07:39,11.91,--,8,9528,卖盘
1991,11:07:36,11.91,-0.01,21,25011,卖盘
1992,11:07:33,11.92,--,29,34568,买盘
1993,11:07:30,11.92,0.01,5,5960,买盘
1994,11:07:27,11.91,-0.01,30,35730,中性盘
1995,11:07:21,11.92,0.02,30,35760,买盘
1996,11:07:15,11.9,-0.02,4,4760,卖盘
1997,11:07:12,11.92,0.02,33,39336,买盘
1998,11:07:03,11.9,-0.02,3,3570,卖盘
1999,11:07:00,11.92,0.02,62,73904,买盘
2000,11:06:57,11.9,--,3,3570,卖盘
2001,11:06:51,11.9,-0.02,4,4760,卖盘
2002,11:06:48,11.92,0.02,31,36952,买盘
2003,11:06:42,11.9,-0.02,9,10710,卖盘
2004,11:06:39,11.92,0.02,28,33376,买盘
2005,11:06:36,11.9,--,77,91630,卖盘
2006,11:06:33,11.9,-0.01,355,422450,卖盘
2007,11:06:27,11.91,0.01,32,38112,买盘
2008,11:06:24,11.9,--,34,40460,卖盘
2009,11:06:21,11.9,--,5,5950,卖盘
2010,11:06:18,11.9,-0.01,21,24990,卖盘
2011,11:06:15,11.91,0.01,36,42876,买盘
2012,11:06:12,11.9,--,4,4760,卖盘
2013,11:06:09,11.9,--,2,2380,卖盘
2014,11:06:06,11.9,--,49,58310,卖盘
2015,11:06:00,11.9,-0.01,3,3570,卖盘
2016,11:05:54,11.91,0.01,34,40494,买盘
2017,11:05:51,11.9,--,22,26180,卖盘
2018,11:05:48,11.9,--,13,15470,卖盘
2019,11:05:45,11.9,-0.01,36,42840,卖盘
2020,11:05:39,11.91,0.01,41,48831,买盘
2021,11:05:36,11.9,--,97,115430,卖盘
2022,11:05:33,11.9,-0.01,61,72590,卖盘
2023,11:05:30,11.91,--,23,27393,买盘
2024,11:05:27,11.91,--,19,22629,买盘
2025,11:05:24,11.91,0.01,30,35730,买盘
2026,11:05:18,11.9,-0.01,7,8330,卖盘
2027,11:05:12,11.91,0.01,33,39303,买盘
2028,11:05:09,11.9,--,24,28560,卖盘
2029,11:05:06,11.9,--,5,5950,卖盘
2030,11:05:03,11.9,0.01,41,48790,卖盘
2031,11:05:00,11.89,-0.01,51,60639,卖盘
2032,11:04:54,11.9,0.01,30,35700,买盘
2033,11:04:51,11.89,-0.02,37,43993,卖盘
2034,11:04:48,11.91,0.02,39,46449,买盘
2035,11:04:45,11.89,--,49,58261,卖盘
2036,11:04:42,11.89,--,48,57072,卖盘
2037,11:04:39,11.89,-0.01,45,53505,卖盘
2038,11:04:36,11.9,--,31,36890,卖盘
2039,11:04:33,11.9,0.01,309,367710,买盘
2040,11:04:30,11.89,-0.01,19,22591,卖盘
2041,11:04:27,11.9,0.01,34,40460,买盘
2042,11:04:24,11.89,--,47,55883,卖盘
2043,11:04:21,11.89,--,10,11890,卖盘
2044,11:04:18,11.89,--,102,121278,卖盘
2045,11:04:15,11.89,--,115,136735,卖盘
2046,11:04:09,11.89,-0.01,113,134357,卖盘
2047,11:04:06,11.9,--,8,9520,买盘
2048,11:04:03,11.9,0.01,40,47600,买盘
2049,11:04:00,11.89,--,46,54694,卖盘
2050,11:03:57,11.89,-0.01,3,3567,卖盘
2051,11:03:54,11.9,--,32,38080,买盘
2052,11:03:51,11.9,0.01,30,35700,买盘
2053,11:03:48,11.89,-0.01,34,40426,卖盘
2054,11:03:45,11.9,-0.01,188,223720,卖盘
2055,11:03:42,11.91,0.01,48,57168,买盘
2056,11:03:39,11.9,--,1,1190,卖盘
2057,11:03:36,11.9,--,19,22610,卖盘
2058,11:03:33,11.9,-0.01,4,4760,卖盘
2059,11:03:30,11.91,0.01,42,50022,买盘
2060,11:03:27,11.9,--,62,73780,卖盘
2061,11:03:24,11.9,--,36,42840,卖盘
2062,11:03:21,11.9,-0.01,69,82110,卖盘
2063,11:03:18,11.91,--,3,3573,买盘
2064,11:03:15,11.91,--,5,5955,买盘
2065,11:03:12,11.91,0.01,21,25011,买盘
2066,11:03:09,11.9,-0.01,30,35700,卖盘
2067,11:03:06,11.91,0.01,4,4764,买盘
2068,11:03:03,11.9,-0.01,10,11900,卖盘
2069,11:03:00,11.91,0.01,44,52404,买盘
2070,11:02:57,11.9,--,62,73780,卖盘
2071,11:02:51,11.9,--,7,8330,卖盘
2072,11:02:48,11.9,--,70,83300,卖盘
2073,11:02:42,11.9,--,16,19040,卖盘
2074,11:02:39,11.9,-0.01,3,3570,中性盘
2075,11:02:36,11.91,0.01,53,63123,买盘
2076,11:02:33,11.9,--,32,38318,买盘
2077,11:02:30,11.9,--,1,1190,买盘
2078,11:02:24,11.9,--,41,48790,买盘
2079,11:02:18,11.9,0.01,10,11900,买盘
2080,11:02:12,11.89,--,10,11890,卖盘
2081,11:02:03,11.89,-0.01,1,1189,卖盘
2082,11:02:00,11.9,0.01,77,91630,买盘
2083,11:01:57,11.89,--,4,4756,卖盘
2084,11:01:54,11.89,0.01,2,2378,卖盘
2085,11:01:45,11.88,-0.02,30,35640,卖盘
2086,11:01:42,11.9,--,5,5950,买盘
2087,11:01:39,11.9,--,11,14042,卖盘
2088,11:01:36,11.9,--,29,34510,卖盘
2089,11:01:30,11.9,--,6,7140,卖盘
2090,11:01:27,11.9,0.02,53,63308,买盘
2091,11:01:24,11.88,--,28,33264,卖盘
2092,11:01:21,11.88,--,3,3564,卖盘
2093,11:01:15,11.88,--,2,2376,卖盘
2094,11:01:09,11.88,--,30,35640,卖盘
2095,11:01:00,11.88,-0.02,125,148500,卖盘
2096,11:00:57,11.9,0.02,1000,1190000,买盘
2097,11:00:54,11.88,--,3,3564,卖盘
2098,11:00:51,11.88,-0.01,12,14256,卖盘
2099,11:00:48,11.89,--,61,72529,卖盘
2100,11:00:45,11.89,--,6,7134,卖盘
2101,11:00:42,11.89,--,10,11890,卖盘
2102,11:00:36,11.89,0.01,254,302006,买盘
2103,11:00:12,11.88,--,86,102168,卖盘
2104,11:00:09,11.88,--,41,48708,卖盘
2105,11:00:06,11.88,--,272,323136,卖盘
2106,11:00:03,11.88,--,36,42768,卖盘
2107,11:00:00,11.88,--,28,33264,卖盘
2108,10:59:54,11.88,--,5,5940,卖盘
2109,10:59:51,11.88,--,9,10692,卖盘
2110,10:59:48,11.88,--,5,5940,卖盘
2111,10:59:42,11.88,--,9,10692,卖盘
2112,10:59:39,11.88,--,12,14256,卖盘
2113,10:59:36,11.88,--,22,26136,卖盘
2114,10:59:30,11.88,--,30,35640,卖盘
2115,10:59:27,11.88,--,8,9504,卖盘
2116,10:59:24,11.88,--,65,77220,卖盘
2117,10:59:18,11.88,--,19,22572,卖盘
2118,10:59:15,11.88,--,8,9504,卖盘
2119,10:59:12,11.88,--,21,24948,卖盘
2120,10:59:09,11.88,--,38,45144,卖盘
2121,10:59:06,11.88,--,209,248292,卖盘
2122,10:59:03,11.88,--,108,128304,卖盘
2123,10:59:00,11.88,--,77,91476,卖盘
2124,10:58:54,11.88,--,5,5940,卖盘
2125,10:58:51,11.88,--,52,61776,卖盘
2126,10:58:48,11.88,--,34,40392,卖盘
2127,10:58:45,11.88,--,56,66528,卖盘
2128,10:58:42,11.88,--,17,20196,卖盘
2129,10:58:39,11.88,--,48,57024,卖盘
2130,10:58:36,11.88,--,44,52272,卖盘
2131,10:58:33,11.88,--,11,13068,卖盘
2132,10:58:30,11.88,-0.01,19,22572,卖盘
2133,10:58:27,11.89,0.01,16,19024,买盘
2134,10:58:24,11.88,--,2,2376,卖盘
2135,10:58:21,11.88,--,67,79596,卖盘
2136,10:58:18,11.88,-0.01,48,57024,卖盘
2137,10:58:15,11.89,0.01,16,19024,买盘
2138,10:58:12,11.88,--,11,13068,卖盘
2139,10:58:09,11.88,--,1,1188,卖盘
2140,10:58:06,11.88,--,29,34452,卖盘
2141,10:58:03,11.88,-0.01,42,49896,卖盘
2142,10:58:00,11.89,0.01,45,53505,买盘
2143,10:57:57,11.88,--,28,33264,卖盘
2144,10:57:51,11.88,--,20,23760,卖盘
2145,10:57:45,11.88,-0.01,47,55836,卖盘
2146,10:57:42,11.89,--,75,89175,卖盘
2147,10:57:39,11.89,--,8,9512,卖盘
2148,10:57:36,11.89,0.01,91,108365,买盘
2149,10:57:33,11.88,-0.01,9,10692,卖盘
2150,10:57:30,11.89,--,10,11890,买盘
2151,10:57:27,11.89,--,15,17835,买盘
2152,10:57:18,11.89,0.01,28,33292,买盘
2153,10:57:12,11.88,--,88,104544,卖盘
2154,10:57:09,11.88,--,30,35640,卖盘
2155,10:57:06,11.88,-0.01,20,23760,卖盘
2156,10:57:03,11.89,--,213,253257,买盘
2157,10:57:00,11.89,--,7,8323,买盘
2158,10:56:57,11.89,0.01,3,3567,买盘
2159,10:56:54,11.88,--,7,8316,卖盘
2160,10:56:48,11.88,-0.01,11,13068,卖盘
2161,10:56:45,11.89,--,5,6967,卖盘
2162,10:56:42,11.89,--,5,6111,买盘
2163,10:56:39,11.89,--,7,9345,卖盘
2164,10:56:36,11.89,--,29,34481,卖盘
2165,10:56:33,11.89,-0.01,5,5945,卖盘
2166,10:56:24,11.9,0.01,33,39270,买盘
2167,10:56:21,11.89,--,9,10701,卖盘
2168,10:56:09,11.89,--,34,40426,卖盘
2169,10:56:00,11.89,--,22,26158,卖盘
2170,10:55:57,11.89,--,13,15623,买盘
2171,10:55:54,11.89,--,116,138946,卖盘
2172,10:55:51,11.89,--,47,55883,卖盘
2173,10:55:48,11.89,--,300,356700,卖盘
2174,10:55:45,11.89,--,90,107010,卖盘
2175,10:55:42,11.89,-0.01,9,10701,卖盘
2176,10:55:39,11.9,0.01,3,3570,买盘
2177,10:55:36,11.89,--,17,20213,卖盘
2178,10:55:33,11.89,-0.01,34,40426,卖盘
2179,10:55:27,11.9,0.01,200,238000,买盘
2180,10:55:24,11.89,--,1,1189,卖盘
2181,10:55:15,11.89,-0.01,3,3567,卖盘
2182,10:55:12,11.9,--,28,33320,买盘
2183,10:55:00,11.9,--,20,23800,买盘
2184,10:54:57,11.9,0.01,11,13090,买盘
2185,10:54:54,11.89,--,1,1189,卖盘
2186,10:54:48,11.89,-0.01,3,3567,卖盘
2187,10:54:42,11.9,0.01,50,59500,买盘
2188,10:54:39,11.89,--,31,36859,卖盘
2189,10:54:36,11.89,--,183,217587,卖盘
2190,10:54:30,11.89,--,5,5945,卖盘
2191,10:54:27,11.89,--,4,4756,卖盘
2192,10:54:18,11.89,--,8,9512,卖盘
2193,10:54:15,11.89,--,30,35670,卖盘
2194,10:54:12,11.89,--,25,29725,卖盘
2195,10:54:09,11.89,--,69,82041,卖盘
2196,10:54:03,11.89,--,28,33292,卖盘
2197,10:53:57,11.89,-0.01,49,58261,卖盘
2198,10:53:54,11.9,0.01,210,249900,买盘
2199,10:53:51,11.89,--,4,4756,卖盘
2200,10:53:48,11.89,--,10,11890,卖盘
2201,10:53:45,11.89,--,50,59450,卖盘
2202,10:53:39,11.89,--,1,1189,卖盘
2203,10:53:36,11.89,--,25,29725,卖盘
2204,10:53:33,11.89,--,4,4756,卖盘
2205,10:53:15,11.89,--,89,105821,卖盘
2206,10:53:09,11.89,-0.01,3,3567,卖盘
2207,10:53:06,11.9,0.01,10,11900,买盘
2208,10:53:03,11.89,--,5,5945,卖盘
2209,10:52:57,11.89,--,49,58261,卖盘
2210,10:52:54,11.89,--,10,11890,卖盘
2211,10:52:51,11.89,--,30,35670,卖盘
2212,10:52:48,11.89,--,145,172405,卖盘
2213,10:52:45,11.89,--,3,3567,卖盘
2214,10:52:42,11.89,--,4,4756,卖盘
2215,10:52:39,11.89,-0.01,13,15457,卖盘
2216,10:52:36,11.9,0.01,39,46410,买盘
2217,10:52:33,11.89,--,30,35670,卖盘
2218,10:52:30,11.89,-0.01,2,2378,卖盘
2219,10:52:27,11.9,0.01,106,126140,买盘
2220,10:52:24,11.89,-0.01,20,23780,卖盘
2221,10:52:21,11.9,0.01,15,17850,买盘
2222,10:52:18,11.89,--,2,2378,卖盘
2223,10:52:12,11.89,--,100,118900,卖盘
2224,10:52:09,11.89,--,11,13079,卖盘
2225,10:52:06,11.89,-0.01,2,2378,卖盘
2226,10:51:57,11.9,0.01,5,5950,买盘
2227,10:51:54,11.89,--,3,3567,卖盘
2228,10:51:51,11.89,-0.01,4,4756,卖盘
2229,10:51:45,11.9,0.01,5,5950,买盘
2230,10:51:42,11.89,--,21,25135,卖盘
2231,10:51:39,11.89,--,10,11890,卖盘
2232,10:51:36,11.89,--,25,29725,卖盘
2233,10:51:33,11.89,--,53,63017,卖盘
2234,10:51:30,11.89,--,2,2378,卖盘
2235,10:51:27,11.89,--,304,361456,卖盘
2236,10:51:24,11.89,-0.01,54,64206,卖盘
2237,10:51:21,11.9,--,50,59500,买盘
2238,10:51:18,11.9,0.01,3,3570,买盘
2239,10:51:09,11.89,-0.01,27,32103,卖盘
2240,10:51:06,11.9,0.01,5,5950,买盘
2241,10:51:03,11.89,-0.01,1,1189,卖盘
2242,10:51:00,11.9,0.01,157,186830,买盘
2243,10:50:57,11.89,-0.01,100,118900,卖盘
2244,10:50:54,11.9,0.01,1,1190,买盘
2245,10:50:48,11.89,--,1,1189,卖盘
2246,10:50:45,11.89,--,10,11890,卖盘
2247,10:50:42,11.89,--,30,35670,卖盘
2248,10:50:39,11.89,--,46,54694,卖盘
2249,10:50:36,11.89,--,28,33292,卖盘
2250,10:50:33,11.89,--,213,253257,卖盘
2251,10:50:30,11.89,-0.01,1,1189,卖盘
2252,10:50:27,11.9,0.01,14,16660,买盘
2253,10:50:21,11.89,-0.01,25,29725,卖盘
2254,10:50:18,11.9,0.01,100,119000,买盘
2255,10:50:12,11.89,--,28,33292,卖盘
2256,10:50:09,11.89,--,41,48749,卖盘
2257,10:50:03,11.89,--,16,19024,卖盘
2258,10:50:00,11.89,--,90,107010,卖盘
2259,10:49:57,11.89,--,2,2378,卖盘
2260,10:49:54,11.89,-0.01,77,91553,卖盘
2261,10:49:48,11.9,--,10,11900,买盘
2262,10:49:45,11.9,0.01,55,65450,买盘
2263,10:49:42,11.89,--,21,24969,卖盘
2264,10:49:39,11.89,--,4,4756,卖盘
2265,10:49:36,11.89,--,31,36859,卖盘
2266,10:49:24,11.89,-0.01,2,2378,卖盘
2267,10:49:21,11.9,0.01,13,15470,买盘
2268,10:49:18,11.89,--,21,24969,卖盘
2269,10:49:09,11.89,--,16,19024,卖盘
2270,10:49:03,11.89,--,38,45182,买盘
2271,10:49:00,11.89,0.01,14,16646,买盘
2272,10:48:57,11.88,--,1,1188,卖盘
2273,10:48:51,11.88,--,25,29700,卖盘
2274,10:48:48,11.88,--,68,80784,卖盘
2275,10:48:45,11.88,-0.02,78,92664,卖盘
2276,10:48:42,11.9,0.01,509,605710,买盘
2277,10:48:39,11.89,--,81,96309,卖盘
2278,10:48:36,11.89,--,47,55883,卖盘
2279,10:48:33,11.89,--,43,51127,卖盘
2280,10:48:30,11.89,--,130,154570,卖盘
2281,10:48:24,11.89,--,137,162893,卖盘
2282,10:48:21,11.89,--,101,120089,卖盘
2283,10:48:18,11.89,--,37,43993,卖盘
2284,10:48:15,11.89,--,12,14268,卖盘
2285,10:48:12,11.89,--,1,1189,卖盘
2286,10:48:09,11.89,0.01,21,24969,中性盘
2287,10:48:03,11.88,-0.01,117,138996,卖盘
2288,10:48:00,11.89,--,73,86797,卖盘
2289,10:47:51,11.89,0.01,81,96309,买盘
2290,10:47:48,11.88,--,66,78408,卖盘
2291,10:47:45,11.88,--,120,142560,卖盘
2292,10:47:42,11.88,-0.01,201,238788,卖盘
2293,10:47:39,11.89,0.01,800,951200,买盘
2294,10:47:36,11.88,--,29,34452,卖盘
2295,10:47:30,11.88,--,29,34452,卖盘
2296,10:47:27,11.88,--,42,49896,卖盘
2297,10:47:24,11.88,--,135,160380,卖盘
2298,10:47:21,11.88,--,83,98604,卖盘
2299,10:47:18,11.88,--,165,196483,卖盘
2300,10:47:15,11.88,--,58,68904,卖盘
2301,10:47:12,11.88,--,395,469260,卖盘
2302,10:47:09,11.88,--,1,1188,卖盘
2303,10:47:03,11.88,--,141,167508,卖盘
2304,10:47:00,11.88,-0.01,62,73656,卖盘
2305,10:46:57,11.89,0.01,39,46371,买盘
2306,10:46:54,11.88,--,110,130680,卖盘
2307,10:46:51,11.88,--,22,26136,卖盘
2308,10:46:48,11.88,-0.01,35,41580,卖盘
2309,10:46:45,11.89,0.01,133,158137,买盘
2310,10:46:39,11.88,--,101,119988,卖盘
2311,10:46:36,11.88,--,27,32076,卖盘
2312,10:46:33,11.88,--,34,40392,卖盘
2313,10:46:30,11.88,-0.01,50,59400,卖盘
2314,10:46:27,11.89,--,127,151003,买盘
2315,10:46:24,11.89,--,1,1189,买盘
2316,10:46:21,11.89,--,103,122467,买盘
2317,10:46:15,11.89,--,20,23780,买盘
2318,10:46:12,11.89,0.01,33,39237,买盘
2319,10:46:06,11.88,--,4,4752,卖盘
2320,10:46:03,11.88,--,57,67716,卖盘
2321,10:46:00,11.88,--,29,34452,卖盘
2322,10:45:57,11.88,--,36,42768,卖盘
2323,10:45:54,11.88,--,11,13068,卖盘
2324,10:45:51,11.88,--,20,23760,卖盘
2325,10:45:48,11.88,--,50,59400,卖盘
2326,10:45:39,11.88,--,3,3564,卖盘
2327,10:45:36,11.88,-0.01,208,247104,卖盘
2328,10:45:30,11.89,-0.01,1745,2075827,卖盘
2329,10:45:27,11.9,0.01,6,7140,买盘
2330,10:45:24,11.89,--,26,30914,卖盘
2331,10:45:21,11.89,--,30,35670,卖盘
2332,10:45:18,11.89,--,5,5945,卖盘
2333,10:45:15,11.89,--,210,249690,卖盘
2334,10:45:03,11.89,--,38,45182,卖盘
2335,10:45:00,11.89,-0.01,96,114144,卖盘
2336,10:44:54,11.9,0.01,28,33320,买盘
2337,10:44:48,11.89,--,26,30914,卖盘
2338,10:44:39,11.89,--,20,23780,卖盘
2339,10:44:36,11.89,--,25,29725,卖盘
2340,10:44:30,11.89,-0.01,29,34481,卖盘
2341,10:44:27,11.9,0.01,144,171360,买盘
2342,10:44:24,11.89,-0.02,55,65395,卖盘
2343,10:44:21,11.91,0.01,26,30966,买盘
2344,10:44:18,11.9,0.01,36,42840,买盘
2345,10:44:12,11.89,--,58,68962,卖盘
2346,10:44:09,11.89,-0.01,2,2378,卖盘
2347,10:44:06,11.9,--,130,154700,卖盘
2348,10:44:03,11.9,--,17,20230,卖盘
2349,10:44:00,11.9,-0.01,50,59500,卖盘
2350,10:43:57,11.91,0.01,18,21438,买盘
2351,10:43:54,11.9,--,101,120190,卖盘
2352,10:43:51,11.9,--,4,4760,卖盘
2353,10:43:48,11.9,--,4,4760,卖盘
2354,10:43:42,11.9,0.01,50,59500,卖盘
2355,10:43:36,11.89,--,24,28702,卖盘
2356,10:43:33,11.89,-0.01,14,16646,卖盘
2357,10:43:30,11.9,0.01,16,19040,买盘
2358,10:43:27,11.89,--,215,255635,卖盘
2359,10:43:21,11.89,--,29,34481,卖盘
2360,10:43:18,11.89,--,49,58261,卖盘
2361,10:43:09,11.89,-0.01,6,7134,卖盘
2362,10:43:06,11.9,--,5,5950,买盘
2363,10:43:00,11.9,--,5,5950,买盘
2364,10:42:57,11.9,--,192,228480,卖盘
2365,10:42:54,11.9,--,90,107100,卖盘
2366,10:42:51,11.9,--,5,5950,卖盘
2367,10:42:48,11.9,--,5,5950,卖盘
2368,10:42:45,11.9,--,8,9520,卖盘
2369,10:42:39,11.9,-0.01,12,14280,卖盘
2370,10:42:36,11.91,0.01,22,26202,买盘
2371,10:42:33,11.9,--,20,23800,卖盘
2372,10:42:30,11.9,--,1,1190,卖盘
2373,10:42:27,11.9,--,64,76160,卖盘
2374,10:42:24,11.9,--,306,364140,卖盘
2375,10:42:18,11.9,-0.01,3,3570,卖盘
2376,10:42:15,11.91,0.01,62,73842,买盘
2377,10:42:12,11.9,--,33,39270,卖盘
2378,10:42:09,11.9,-0.01,50,59500,卖盘
2379,10:42:03,11.91,0.01,117,139347,买盘
2380,10:42:00,11.9,--,100,119000,卖盘
2381,10:41:57,11.9,--,5,5950,卖盘
2382,10:41:54,11.9,--,92,109480,卖盘
2383,10:41:51,11.9,--,44,52360,卖盘
2384,10:41:48,11.9,--,77,91630,卖盘
2385,10:41:45,11.9,--,13,15470,卖盘
2386,10:41:39,11.9,--,1,1190,卖盘
2387,10:41:36,11.9,--,21,24990,卖盘
2388,10:41:33,11.9,--,4,4760,卖盘
2389,10:41:30,11.9,--,9,10710,卖盘
2390,10:41:27,11.9,--,22,26180,卖盘
2391,10:41:24,11.9,--,58,69020,卖盘
2392,10:41:21,11.9,--,244,290360,买盘
2393,10:41:18,11.9,0.01,37,44030,买盘
2394,10:41:15,11.89,--,42,49938,卖盘
2395,10:41:12,11.89,--,315,374535,卖盘
2396,10:41:09,11.89,-0.01,3,3567,卖盘
2397,10:41:06,11.9,0.01,70,83300,买盘
2398,10:41:03,11.89,-0.01,1,1189,卖盘
2399,10:40:51,11.9,0.01,10,11900,买盘
2400,10:40:48,11.89,-0.01,51,60639,卖盘
2401,10:40:45,11.9,0.01,7,8330,买盘
2402,10:40:42,11.89,--,15,17835,卖盘
2403,10:40:39,11.89,--,28,33292,卖盘
2404,10:40:36,11.89,--,43,51127,卖盘
2405,10:40:33,11.89,-0.01,12,14268,卖盘
2406,10:40:30,11.9,0.01,10,11900,买盘
2407,10:40:27,11.89,--,81,96309,卖盘
2408,10:40:24,11.89,-0.01,134,159326,卖盘
2409,10:40:21,11.9,--,624,742560,卖盘
2410,10:40:15,11.9,--,366,435540,卖盘
2411,10:40:12,11.9,-0.01,6,7140,卖盘
2412,10:40:06,11.91,0.01,79,94089,买盘
2413,10:40:03,11.9,--,3,3570,卖盘
2414,10:40:00,11.9,--,15,17850,卖盘
2415,10:39:57,11.9,--,107,127330,卖盘
2416,10:39:54,11.9,--,2,2380,卖盘
2417,10:39:51,11.9,--,36,42840,卖盘
2418,10:39:48,11.9,--,76,90440,卖盘
2419,10:39:45,11.9,--,37,44030,卖盘
2420,10:39:36,11.9,-0.01,18,21420,卖盘
2421,10:39:33,11.91,0.01,128,152448,买盘
2422,10:39:30,11.9,--,1,1190,卖盘
2423,10:39:27,11.9,--,59,70210,卖盘
2424,10:39:24,11.9,--,52,61880,卖盘
2425,10:39:21,11.9,--,195,232050,卖盘
2426,10:39:15,11.9,--,34,40460,卖盘
2427,10:39:12,11.9,--,46,54740,卖盘
2428,10:39:06,11.9,--,63,74970,卖盘
2429,10:39:03,11.9,--,31,36890,卖盘
2430,10:39:00,11.9,--,98,116620,卖盘
2431,10:38:54,11.9,-0.01,18,21420,卖盘
2432,10:38:48,11.91,--,10,11910,买盘
2433,10:38:45,11.91,0.01,4,4764,买盘
2434,10:38:39,11.9,--,28,33320,卖盘
2435,10:38:36,11.9,-0.01,19,22610,卖盘
2436,10:38:33,11.91,0.01,121,144111,买盘
2437,10:38:30,11.9,--,69,82110,卖盘
2438,10:38:27,11.9,--,8,9520,卖盘
2439,10:38:24,11.9,-0.01,33,39270,卖盘
2440,10:38:21,11.91,--,45,53595,卖盘
2441,10:38:15,11.91,--,1098,1307718,卖盘
2442,10:38:12,11.91,--,17,20247,卖盘
2443,10:38:03,11.91,-0.01,50,59550,卖盘
2444,10:38:00,11.92,0.01,4,4768,买盘
2445,10:37:57,11.91,--,69,82179,卖盘
2446,10:37:51,11.91,--,30,35730,卖盘
2447,10:37:48,11.91,--,38,45258,卖盘
2448,10:37:45,11.91,--,17,20247,卖盘
2449,10:37:39,11.91,--,9,10719,卖盘
2450,10:37:36,11.91,-0.01,59,70269,卖盘
2451,10:37:33,11.92,0.01,25,29800,买盘
2452,10:37:30,11.91,--,31,36921,卖盘
2453,10:37:27,11.91,--,50,59550,卖盘
2454,10:37:18,11.91,--,1,1191,卖盘
2455,10:37:15,11.91,-0.01,9,10719,卖盘
2456,10:37:12,11.92,0.01,33,39336,买盘
2457,10:37:09,11.91,--,60,71460,卖盘
2458,10:37:03,11.91,--,15,17865,卖盘
2459,10:37:00,11.91,-0.01,30,35730,卖盘
2460,10:36:51,11.92,0.01,115,137080,买盘
2461,10:36:48,11.91,--,11,13101,卖盘
2462,10:36:45,11.91,--,79,94089,卖盘
2463,10:36:42,11.91,-0.01,48,57168,卖盘
2464,10:36:36,11.92,0.01,55,65560,买盘
2465,10:36:33,11.91,-0.01,5,5955,卖盘
2466,10:36:30,11.92,0.01,23,27416,买盘
2467,10:36:27,11.91,-0.01,2,2382,卖盘
2468,10:36:24,11.92,0.01,8,9536,买盘
2469,10:36:21,11.91,--,13,15483,卖盘
2470,10:36:18,11.91,--,18,21438,卖盘
2471,10:36:12,11.91,-0.01,31,36921,卖盘
2472,10:36:09,11.92,0.01,123,146616,买盘
2473,10:36:06,11.91,-0.01,6,7146,卖盘
2474,10:36:03,11.92,--,9,10728,买盘
2475,10:36:00,11.92,--,66,78672,卖盘
2476,10:35:57,11.92,--,11,13112,卖盘
2477,10:35:54,11.92,--,1,1192,卖盘
2478,10:35:51,11.92,0.01,39,46488,买盘
2479,10:35:48,11.91,--,28,33348,卖盘
2480,10:35:39,11.91,--,71,84561,卖盘
2481,10:35:36,11.91,--,100,119100,卖盘
2482,10:35:33,11.91,0.01,2,2382,卖盘
2483,10:35:30,11.9,--,113,134470,卖盘
2484,10:35:27,11.9,--,5,5950,卖盘
2485,10:35:24,11.9,-0.01,30,35700,卖盘
2486,10:35:18,11.91,0.01,35,41685,买盘
2487,10:35:12,11.9,-0.01,30,35700,卖盘
2488,10:35:09,11.91,0.01,44,52404,买盘
2489,10:35:06,11.9,--,5,5950,卖盘
2490,10:35:03,11.9,--,30,35700,卖盘
2491,10:35:00,11.9,--,40,47600,卖盘
2492,10:34:57,11.9,--,148,176120,卖盘
2493,10:34:54,11.9,-0.01,28,33320,卖盘
2494,10:34:51,11.91,0.01,130,154830,买盘
2495,10:34:48,11.9,-0.01,45,53550,卖盘
2496,10:34:45,11.91,--,88,104808,买盘
2497,10:34:42,11.91,--,13,15483,买盘
2498,10:34:36,11.91,--,78,92898,卖盘
2499,10:34:33,11.91,-0.01,1,1191,卖盘
2500,10:34:30,11.92,0.01,6,7152,买盘
2501,10:34:24,11.91,--,50,59550,卖盘
2502,10:34:21,11.91,-0.01,13,15483,卖盘
2503,10:34:18,11.92,0.01,23,27416,买盘
2504,10:34:15,11.91,--,69,82179,卖盘
2505,10:34:12,11.91,--,380,452580,卖盘
2506,10:34:09,11.91,--,33,39303,卖盘
2507,10:34:06,11.91,--,66,78606,卖盘
2508,10:34:03,11.91,--,8,9528,卖盘
2509,10:34:00,11.91,--,14,16674,卖盘
2510,10:33:57,11.91,--,226,269166,卖盘
2511,10:33:54,11.91,--,99,117909,卖盘
2512,10:33:51,11.91,--,142,169122,卖盘
2513,10:33:48,11.91,-0.01,105,125055,卖盘
2514,10:33:45,11.92,--,62,73904,卖盘
2515,10:33:42,11.92,--,28,33376,卖盘
2516,10:33:39,11.92,--,37,44104,卖盘
2517,10:33:36,11.92,--,24,28608,卖盘
2518,10:33:33,11.92,--,74,88208,卖盘
2519,10:33:30,11.92,--,44,52448,卖盘
2520,10:33:27,11.92,--,41,48872,卖盘
2521,10:33:24,11.92,0.01,1,1192,中性盘
2522,10:33:18,11.91,-0.01,8,9528,卖盘
2523,10:33:15,11.92,--,30,35760,卖盘
2524,10:33:06,11.92,--,27,32184,卖盘
2525,10:33:03,11.92,--,30,35760,卖盘
2526,10:33:00,11.92,--,5,5960,卖盘
2527,10:32:57,11.92,--,4,4768,卖盘
2528,10:32:54,11.92,--,1,1192,卖盘
2529,10:32:45,11.92,-0.01,34,40528,卖盘
2530,10:32:42,11.93,0.01,37,44141,买盘
2531,10:32:36,11.92,-0.01,31,36952,卖盘
2532,10:32:33,11.93,0.01,42,50106,买盘
2533,10:32:30,11.92,--,5,5960,卖盘
2534,10:32:27,11.92,--,18,21456,卖盘
2535,10:32:24,11.92,--,17,20264,卖盘
2536,10:32:21,11.92,--,18,21456,买盘
2537,10:32:18,11.92,0.01,30,35760,中性盘
2538,10:32:09,11.91,-0.01,4,4764,卖盘
2539,10:32:06,11.92,0.01,19,22648,买盘
2540,10:32:03,11.91,-0.01,49,58359,卖盘
2541,10:32:00,11.92,--,145,172840,卖盘
2542,10:31:57,11.92,--,7,8344,卖盘
2543,10:31:54,11.92,--,12,14304,中性盘
2544,10:31:48,11.92,--,31,36952,卖盘
2545,10:31:45,11.92,--,127,151384,卖盘
2546,10:31:42,11.92,--,5,5960,卖盘
2547,10:31:39,11.92,--,66,78672,卖盘
2548,10:31:36,11.92,--,62,73904,卖盘
2549,10:31:30,11.92,--,8,9536,卖盘
2550,10:31:24,11.92,-0.01,73,87016,卖盘
2551,10:31:21,11.93,--,48,57264,买盘
2552,10:31:18,11.93,--,305,363865,卖盘
2553,10:31:15,11.93,-0.01,40,47720,卖盘
2554,10:31:12,11.94,0.01,22,26268,买盘
2555,10:31:09,11.93,--,98,116914,卖盘
2556,10:31:06,11.93,--,121,144353,卖盘
2557,10:31:03,11.93,--,43,51299,卖盘
2558,10:31:00,11.93,--,12,14316,卖盘
2559,10:30:57,11.93,--,10,11930,卖盘
2560,10:30:54,11.93,--,17,20281,卖盘
2561,10:30:51,11.93,-0.01,19,22667,卖盘
2562,10:30:48,11.94,0.01,2,2388,买盘
2563,10:30:42,11.93,--,37,44141,卖盘
2564,10:30:39,11.93,--,1,1193,卖盘
2565,10:30:36,11.93,-0.01,66,78738,卖盘
2566,10:30:33,11.94,0.01,296,353424,买盘
2567,10:30:30,11.93,-0.01,18,21474,卖盘
2568,10:30:27,11.94,--,1,1194,买盘
2569,10:30:24,11.94,--,253,302082,卖盘
2570,10:30:21,11.94,--,100,119400,卖盘
2571,10:30:18,11.94,--,5,5970,卖盘
2572,10:30:15,11.94,--,4,4776,卖盘
2573,10:30:12,11.94,0.01,68,81192,买盘
2574,10:30:09,11.93,--,17,20281,卖盘
2575,10:30:06,11.93,-0.01,7,8351,卖盘
2576,10:29:57,11.94,--,1,1194,买盘
2577,10:29:54,11.94,0.01,29,34626,买盘
2578,10:29:51,11.93,--,30,35790,卖盘
2579,10:29:48,11.93,-0.02,51,60843,卖盘
2580,10:29:45,11.95,0.01,200,239000,买盘
2581,10:29:42,11.94,--,112,133728,卖盘
2582,10:29:39,11.94,--,80,95520,卖盘
2583,10:29:36,11.94,--,60,71640,卖盘
2584,10:29:33,11.94,--,7,8358,卖盘
2585,10:29:30,11.94,--,192,229248,卖盘
2586,10:29:27,11.94,--,18,21492,卖盘
2587,10:29:24,11.94,--,12,14328,卖盘
2588,10:29:21,11.94,-0.01,18,21492,卖盘
2589,10:29:12,11.95,0.01,18,21510,买盘
2590,10:29:09,11.94,--,31,37014,卖盘
2591,10:29:03,11.94,-0.01,52,62088,卖盘
2592,10:29:00,11.95,--,82,97990,买盘
2593,10:28:57,11.95,0.01,53,63334,买盘
2594,10:28:54,11.94,--,8,9552,卖盘
2595,10:28:51,11.94,--,1,1194,卖盘
2596,10:28:48,11.94,--,1,1194,卖盘
2597,10:28:45,11.94,--,11,13134,卖盘
2598,10:28:42,11.94,--,20,23880,卖盘
2599,10:28:39,11.94,--,7,8358,卖盘
2600,10:28:36,11.94,--,23,27462,卖盘
2601,10:28:33,11.94,--,22,26268,卖盘
2602,10:28:30,11.94,--,6,7164,卖盘
2603,10:28:24,11.94,--,1,1194,卖盘
2604,10:28:21,11.94,-0.01,3,3582,卖盘
2605,10:28:18,11.95,0.01,44,52580,买盘
2606,10:28:15,11.94,--,2,2388,卖盘
2607,10:28:12,11.94,-0.01,34,40596,卖盘
2608,10:28:06,11.95,0.01,4,4780,买盘
2609,10:28:03,11.94,--,3,3582,卖盘
2610,10:27:57,11.94,--,122,145668,卖盘
2611,10:27:54,11.94,--,1,1194,卖盘
2612,10:27:48,11.94,--,3,3582,卖盘
2613,10:27:45,11.94,--,25,29850,卖盘
2614,10:27:42,11.94,-0.01,25,29850,卖盘
2615,10:27:36,11.95,0.01,24,28680,买盘
2616,10:27:30,11.94,--,300,358200,卖盘
2617,10:27:27,11.94,--,1,1194,卖盘
2618,10:27:24,11.94,--,1,1194,卖盘
2619,10:27:21,11.94,-0.01,17,20298,卖盘
2620,10:27:18,11.95,0.01,84,100380,买盘
2621,10:27:15,11.94,--,110,131340,卖盘
2622,10:27:06,11.94,--,3,3582,卖盘
2623,10:27:03,11.94,--,9,10746,卖盘
2624,10:27:00,11.94,--,9,10746,卖盘
2625,10:26:57,11.94,--,2,2388,卖盘
2626,10:26:54,11.94,--,1,1194,卖盘
2627,10:26:51,11.94,0.01,271,323574,买盘
2628,10:26:48,11.93,-0.01,218,260074,卖盘
2629,10:26:42,11.94,0.01,1,1194,买盘
2630,10:26:39,11.93,--,33,39369,卖盘
2631,10:26:36,11.93,--,24,28632,卖盘
2632,10:26:33,11.93,--,11,13123,卖盘
2633,10:26:30,11.93,-0.01,5,5965,卖盘
2634,10:26:24,11.94,--,12,14328,买盘
2635,10:26:21,11.94,0.01,43,51342,买盘
2636,10:26:18,11.93,--,2,2386,卖盘
2637,10:26:15,11.93,--,5,5965,卖盘
2638,10:26:12,11.93,--,14,16702,卖盘
2639,10:26:09,11.93,-0.01,35,41755,卖盘
2640,10:26:06,11.94,0.01,2,2388,买盘
2641,10:26:03,11.93,--,35,41755,卖盘
2642,10:26:00,11.93,--,12,14316,卖盘
2643,10:25:57,11.93,--,49,58457,卖盘
2644,10:25:54,11.93,--,13,15509,卖盘
2645,10:25:51,11.93,--,20,23860,卖盘
2646,10:25:48,11.93,--,2,2386,卖盘
2647,10:25:45,11.93,--,1,1193,卖盘
2648,10:25:42,11.93,--,100,119300,卖盘
2649,10:25:36,11.93,--,219,261267,卖盘
2650,10:25:33,11.93,-0.01,16,19088,卖盘
2651,10:25:30,11.94,--,100,119400,买盘
2652,10:25:24,11.94,--,79,94326,卖盘
2653,10:25:21,11.94,--,14,16716,卖盘
2654,10:25:18,11.94,--,3,3582,卖盘
2655,10:25:12,11.94,0.01,5,5970,买盘
2656,10:25:09,11.93,-0.01,1,1193,卖盘
2657,10:25:06,11.94,0.01,1,1194,卖盘
2658,10:25:03,11.93,-0.03,6,7158,卖盘
2659,10:24:57,11.96,0.02,18,21528,买盘
2660,10:24:54,11.94,--,208,248352,买盘
2661,10:24:51,11.94,--,30,35820,卖盘
2662,10:24:48,11.94,--,70,83580,卖盘
2663,10:24:42,11.94,--,19,22686,卖盘
2664,10:24:39,11.94,--,1,1194,卖盘
2665,10:24:36,11.94,-0.01,535,638790,卖盘
2666,10:24:33,11.95,--,19,22705,买盘
2667,10:24:30,11.95,--,30,35850,买盘
2668,10:24:27,11.95,-0.01,15,17925,买盘
2669,10:24:24,11.96,0.02,198,236808,买盘
2670,10:24:21,11.94,-0.02,16,19104,卖盘
2671,10:24:18,11.96,--,109,130364,买盘
2672,10:24:12,11.96,0.01,119,142324,买盘
2673,10:24:09,11.95,--,195,233025,卖盘
2674,10:24:06,11.95,--,10,11950,卖盘
2675,10:24:03,11.95,--,1,1195,卖盘
2676,10:23:57,11.95,-0.01,60,71700,卖盘
2677,10:23:54,11.96,0.01,105,125580,买盘
2678,10:23:51,11.95,-0.01,200,239000,卖盘
2679,10:23:42,11.96,0.01,145,173420,买盘
2680,10:23:39,11.95,--,7,8365,卖盘
2681,10:23:36,11.95,--,124,148180,卖盘
2682,10:23:33,11.95,--,1,1195,卖盘
2683,10:23:30,11.95,--,3,3585,卖盘
2684,10:23:24,11.95,-0.01,311,371645,卖盘
2685,10:23:21,11.96,0.01,15,17940,买盘
2686,10:23:15,11.95,--,61,72895,卖盘
2687,10:23:12,11.95,--,67,80065,卖盘
2688,10:23:09,11.95,--,1,1195,卖盘
2689,10:23:06,11.95,--,6,7170,卖盘
2690,10:23:03,11.95,--,7,8365,卖盘
2691,10:23:00,11.95,--,36,43020,卖盘
2692,10:22:57,11.95,--,9,11233,买盘
2693,10:22:54,11.95,0.01,109,130254,买盘
2694,10:22:51,11.94,--,1,1194,卖盘
2695,10:22:42,11.94,-0.01,16,19104,卖盘
2696,10:22:39,11.95,0.01,27,32264,买盘
2697,10:22:36,11.94,--,30,35820,卖盘
2698,10:22:24,11.94,--,51,60894,卖盘
2699,10:22:21,11.94,--,5,5970,卖盘
2700,10:22:18,11.94,-0.01,8,9552,卖盘
2701,10:22:15,11.95,0.02,3,3585,买盘
2702,10:22:12,11.93,-0.02,5,5965,卖盘
2703,10:22:09,11.95,0.02,100,119500,买盘
2704,10:22:06,11.93,--,6,7158,卖盘
2705,10:22:00,11.93,--,7,8351,卖盘
2706,10:21:57,11.93,0.01,326,388918,买盘
2707,10:21:54,11.92,-0.01,51,60792,卖盘
2708,10:21:51,11.93,0.01,100,119300,买盘
2709,10:21:48,11.92,--,13,15496,卖盘
2710,10:21:45,11.92,--,14,16688,卖盘
2711,10:21:42,11.92,--,25,29800,卖盘
2712,10:21:36,11.92,--,23,27416,卖盘
2713,10:21:30,11.92,-0.01,13,15496,卖盘
2714,10:21:24,11.93,--,20,23860,买盘
2715,10:21:21,11.93,0.01,10,11930,买盘
2716,10:21:18,11.92,--,4,4768,卖盘
2717,10:21:15,11.92,-0.01,138,164496,卖盘
2718,10:21:12,11.93,0.01,61,72773,买盘
2719,10:21:09,11.92,--,140,166880,卖盘
2720,10:21:06,11.92,-0.01,61,72712,卖盘
2721,10:21:03,11.93,--,832,992576,买盘
2722,10:20:57,11.93,0.01,11,13123,买盘
2723,10:20:54,11.92,--,86,102512,卖盘
2724,10:20:51,11.92,--,8,9536,卖盘
2725,10:20:48,11.92,-0.01,5,5960,卖盘
2726,10:20:42,11.93,--,18,21474,买盘
2727,10:20:39,11.93,0.01,289,344777,买盘
2728,10:20:36,11.92,--,147,175224,卖盘
2729,10:20:33,11.92,--,7,8344,卖盘
2730,10:20:30,11.92,--,18,21456,卖盘
2731,10:20:27,11.92,--,58,69136,卖盘
2732,10:20:24,11.92,-0.01,400,476800,卖盘
2733,10:20:21,11.93,0.01,3,3579,买盘
2734,10:20:18,11.92,-0.01,17,20264,卖盘
2735,10:20:15,11.93,-0.02,1208,1441144,卖盘
2736,10:20:09,11.95,--,13,15534,卖盘
2737,10:20:06,11.95,--,534,638130,卖盘
2738,10:20:03,11.95,--,24,28680,卖盘
2739,10:20:00,11.95,-0.01,107,127864,卖盘
2740,10:19:54,11.96,0.01,12,14352,买盘
2741,10:19:48,11.95,--,19,22705,卖盘
2742,10:19:45,11.95,--,25,29875,卖盘
2743,10:19:42,11.95,--,100,119500,卖盘
2744,10:19:39,11.95,--,4,4780,卖盘
2745,10:19:36,11.95,--,24,28680,卖盘
2746,10:19:33,11.95,-0.01,6,7170,卖盘
2747,10:19:30,11.96,--,1,1196,买盘
2748,10:19:27,11.96,0.01,18,21528,买盘
2749,10:19:24,11.95,--,128,152960,卖盘
2750,10:19:21,11.95,--,44,52580,卖盘
2751,10:19:18,11.95,--,27,32264,卖盘
2752,10:19:12,11.95,--,6,7170,卖盘
2753,10:19:09,11.95,--,9,10755,卖盘
2754,10:19:06,11.95,--,6,7170,卖盘
2755,10:19:03,11.95,--,15,17925,卖盘
2756,10:19:00,11.95,--,26,31069,卖盘
2757,10:18:57,11.95,--,15,17925,卖盘
2758,10:18:51,11.95,--,7,8365,卖盘
2759,10:18:48,11.95,--,8,9560,卖盘
2760,10:18:42,11.95,--,8,9560,卖盘
2761,10:18:39,11.95,--,149,178055,卖盘
2762,10:18:36,11.95,--,49,58555,卖盘
2763,10:18:33,11.95,--,23,27485,卖盘
2764,10:18:30,11.95,--,5,5975,卖盘
2765,10:18:27,11.95,--,3,3585,卖盘
2766,10:18:24,11.95,--,15,17925,卖盘
2767,10:18:21,11.95,--,16,19120,卖盘
2768,10:18:18,11.95,--,9,10755,卖盘
2769,10:18:12,11.95,-0.01,100,119500,卖盘
2770,10:18:09,11.96,0.01,4,4784,买盘
2771,10:18:06,11.95,--,72,86040,卖盘
2772,10:18:03,11.95,-0.01,21,25095,卖盘
2773,10:18:00,11.96,0.01,40,47840,买盘
2774,10:17:57,11.95,--,6,7170,卖盘
2775,10:17:54,11.95,--,3,3585,卖盘
2776,10:17:51,11.95,--,5,5975,卖盘
2777,10:17:48,11.95,-0.01,20,23900,卖盘
2778,10:17:42,11.96,--,13,15548,买盘
2779,10:17:39,11.96,0.01,65,77740,买盘
2780,10:17:36,11.95,--,177,211515,卖盘
2781,10:17:30,11.95,--,246,293970,卖盘
2782,10:17:27,11.95,--,12,14340,卖盘
2783,10:17:24,11.95,--,21,25095,卖盘
2784,10:17:21,11.95,--,20,23900,卖盘
2785,10:17:18,11.95,--,7,8365,卖盘
2786,10:17:15,11.95,-0.01,100,119500,卖盘
2787,10:17:12,11.96,0.01,2,2392,买盘
2788,10:17:09,11.95,--,3,3585,卖盘
2789,10:17:06,11.95,-0.01,6,7170,卖盘
2790,10:17:03,11.96,--,12,14352,买盘
2791,10:16:57,11.96,0.01,52,62192,中性盘
2792,10:16:54,11.95,-0.01,1005,1200975,卖盘
2793,10:16:51,11.96,0.01,35,41860,买盘
2794,10:16:48,11.95,--,327,390765,卖盘
2795,10:16:42,11.95,-0.01,24,28680,卖盘
2796,10:16:39,11.96,0.01,8,9568,中性盘
2797,10:16:36,11.95,-0.02,39,46605,卖盘
2798,10:16:33,11.97,0.01,48,57456,买盘
2799,10:16:30,11.96,--,14,16744,买盘
2800,10:16:27,11.96,--,202,241592,买盘
2801,10:16:24,11.96,--,8,9568,买盘
2802,10:16:21,11.96,0.01,10,11960,买盘
2803,10:16:18,11.95,-0.01,110,131450,卖盘
2804,10:16:15,11.96,--,172,205712,卖盘
2805,10:16:12,11.96,-0.01,457,546572,卖盘
2806,10:16:09,11.97,0.01,50,59850,买盘
2807,10:16:06,11.96,-0.01,27,32292,卖盘
2808,10:16:00,11.97,0.01,72,86184,买盘
2809,10:15:57,11.96,--,110,131560,买盘
2810,10:15:54,11.96,--,118,141128,买盘
2811,10:15:51,11.96,--,43,51428,卖盘
2812,10:15:48,11.96,--,36,43056,卖盘
2813,10:15:42,11.96,-0.01,12,14352,卖盘
2814,10:15:39,11.97,0.01,611,731367,买盘
2815,10:15:36,11.96,--,51,60996,卖盘
2816,10:15:33,11.96,0.02,1452,1736592,买盘
2817,10:15:30,11.94,--,472,563568,卖盘
2818,10:15:27,11.94,-0.01,4,4776,卖盘
2819,10:15:24,11.95,0.01,200,239000,买盘
2820,10:15:21,11.94,--,7,8358,卖盘
2821,10:15:18,11.94,-0.01,240,286560,卖盘
2822,10:15:12,11.95,--,126,150570,买盘
2823,10:15:09,11.95,0.01,111,132645,买盘
2824,10:15:06,11.94,--,38,45372,卖盘
2825,10:15:03,11.94,-0.01,94,112236,卖盘
2826,10:15:00,11.95,0.01,76,90820,买盘
2827,10:14:54,11.94,-0.01,40,47760,卖盘
2828,10:14:51,11.95,0.01,226,270070,买盘
2829,10:14:48,11.94,--,39,46566,卖盘
