,time,price,change,volume,amount,type
0,15:00:03,11.57,0.01,2224,2573168,买盘
1,14:57:00,11.56,0.01,51,58956,买盘
2,14:56:57,11.55,-0.01,2,2310,卖盘
3,14:56:54,11.56,0.01,20,23120,买盘
4,14:56:51,11.55,--,30,34650,卖盘
5,14:56:48,11.55,-0.01,235,271425,卖盘
6,14:56:45,11.56,0.01,40,46240,买盘
7,14:56:42,11.55,--,21,24255,卖盘
8,14:56:39,11.55,--,30,34650,卖盘
9,14:56:36,11.55,-0.01,5,5775,卖盘
10,14:56:33,11.56,--,64,73984,买盘
11,14:56:30,11.56,0.01,95,109820,买盘
12,14:56:27,11.55,--,1481,1710555,卖盘
13,14:56:24,11.55,-0.01,272,314160,卖盘
14,14:56:18,11.56,--,25,28900,买盘
15,14:56:15,11.56,0.01,10,11560,买盘
16,14:56:12,11.55,-0.01,246,284130,卖盘
17,14:56:09,11.56,0.01,60,69360,买盘
18,14:56:06,11.55,--,30,34650,卖盘
19,14:56:03,11.55,--,20,23100,卖盘
20,14:56:00,11.55,--,26,30030,卖盘
21,14:55:54,11.55,-0.01,107,123585,卖盘
22,14:55:51,11.56,0.01,16,18496,买盘
23,14:55:48,11.55,-0.01,187,215985,卖盘
24,14:55:42,11.56,--,51,58956,买盘
25,14:55:39,11.56,--,1,1156,买盘
26,14:55:36,11.56,--,10,11560,买盘
27,14:55:33,11.56,-0.01,1171,1353676,卖盘
28,14:55:30,11.57,0.01,82,94874,买盘
29,14:55:24,11.56,-0.01,3,3468,卖盘
30,14:55:21,11.57,--,73,84461,卖盘
31,14:55:15,11.57,--,1,1157,卖盘
32,14:55:12,11.57,0.01,190,219830,买盘
33,14:55:09,11.56,--,32,36992,卖盘
34,14:55:06,11.56,--,13,15028,卖盘
35,14:55:03,11.56,0.01,59,68204,买盘
36,14:54:57,11.55,--,296,341880,卖盘
37,14:54:51,11.55,--,13,15015,卖盘
38,14:54:48,11.55,--,5,5775,卖盘
39,14:54:42,11.55,-0.01,409,472395,卖盘
40,14:54:39,11.56,--,16,18496,买盘
41,14:54:33,11.56,0.01,10,11560,买盘
42,14:54:30,11.55,--,7,8085,卖盘
43,14:54:27,11.55,-0.01,265,306075,卖盘
44,14:54:24,11.56,--,1,1156,买盘
45,14:54:21,11.56,--,70,80920,买盘
46,14:54:18,11.56,--,14,16184,买盘
47,14:54:15,11.56,--,21,24276,卖盘
48,14:54:12,11.56,0.01,59,68204,买盘
49,14:54:09,11.55,-0.01,25,29337,卖盘
50,14:54:06,11.56,0.01,117,135252,买盘
51,14:54:03,11.55,--,76,87780,卖盘
52,14:54:00,11.55,--,7,8085,卖盘
53,14:53:48,11.55,--,5,5775,卖盘
54,14:53:45,11.55,-0.01,15,17325,卖盘
55,14:53:42,11.56,0.01,1,1156,买盘
56,14:53:39,11.55,--,21,24255,买盘
57,14:53:33,11.55,--,46,53130,买盘
58,14:53:30,11.55,--,71,82005,买盘
59,14:53:24,11.55,0.01,21,24255,买盘
60,14:53:21,11.54,-0.01,23,26541,卖盘
61,14:53:18,11.55,--,2,2310,买盘
62,14:53:15,11.55,0.01,10,11550,买盘
63,14:53:06,11.54,-0.01,330,380820,卖盘
64,14:53:03,11.55,0.01,15,17325,买盘
65,14:52:57,11.54,-0.01,20,23080,卖盘
66,14:52:51,11.55,0.01,9,10395,买盘
67,14:52:48,11.54,--,319,368945,买盘
68,14:52:45,11.54,--,154,177716,买盘
69,14:52:42,11.54,--,42,48468,买盘
70,14:52:39,11.54,--,49,56545,买盘
71,14:52:36,11.54,--,5,5770,买盘
72,14:52:33,11.54,0.01,13,15001,买盘
73,14:52:30,11.53,-0.01,37,42661,卖盘
74,14:52:27,11.54,0.01,34,39236,买盘
75,14:52:24,11.53,--,75,86475,卖盘
76,14:52:21,11.53,--,23,26519,卖盘
77,14:52:15,11.53,-0.01,11,12683,卖盘
78,14:52:12,11.54,0.01,13,15001,买盘
79,14:52:09,11.53,-0.01,3,4381,卖盘
80,14:52:06,11.54,0.01,18,20772,买盘
81,14:52:03,11.53,-0.01,17,19601,卖盘
82,14:51:57,11.54,0.01,30,34620,买盘
83,14:51:54,11.53,--,230,265190,卖盘
84,14:51:45,11.53,--,69,79557,卖盘
85,14:51:42,11.53,--,14,17064,卖盘
86,14:51:39,11.53,--,86,99538,卖盘
87,14:51:36,11.53,--,2,2306,卖盘
88,14:51:33,11.53,--,222,256104,买盘
89,14:51:30,11.53,--,34,39202,买盘
90,14:51:27,11.53,--,28,32284,买盘
91,14:51:24,11.53,--,202,233413,买盘
92,14:51:21,11.53,0.01,12,13836,买盘
93,14:51:18,11.52,-0.01,227,262218,卖盘
94,14:51:15,11.53,0.01,36,41508,买盘
95,14:51:09,11.52,-0.01,87,100465,卖盘
96,14:51:06,11.53,0.01,10,11530,买盘
97,14:51:00,11.52,-0.01,98,112896,卖盘
98,14:50:57,11.53,0.01,22,25366,买盘
99,14:50:54,11.52,-0.01,52,61021,卖盘
100,14:50:51,11.53,--,217,251215,卖盘
101,14:50:45,11.53,--,6,6918,卖盘
102,14:50:42,11.53,--,20,23982,卖盘
103,14:50:39,11.53,--,97,112382,卖盘
104,14:50:33,11.53,--,36,41508,卖盘
105,14:50:30,11.53,--,11,12683,卖盘
106,14:50:24,11.53,--,61,70344,卖盘
107,14:50:15,11.53,--,11,13605,卖盘
108,14:50:12,11.53,--,10,11530,卖盘
109,14:50:09,11.53,--,49,56543,卖盘
110,14:50:06,11.53,0.01,6,6918,卖盘
111,14:50:03,11.52,--,42,48384,卖盘
112,14:50:00,11.52,-0.02,65,74880,卖盘
113,14:49:57,11.54,0.02,5,5770,买盘
114,14:49:54,11.52,--,65,75951,卖盘
115,14:49:51,11.52,-0.02,7,8064,卖盘
116,14:49:48,11.54,0.01,5,5770,买盘
117,14:49:45,11.53,--,11,12683,买盘
118,14:49:42,11.53,-0.01,1135,1308758,卖盘
119,14:49:39,11.54,--,51,59315,买盘
120,14:49:36,11.54,0.01,5,5770,买盘
121,14:49:33,11.53,--,20,23060,卖盘
122,14:49:27,11.53,--,493,568429,卖盘
123,14:49:24,11.53,-0.01,45,52611,卖盘
124,14:49:21,11.54,--,2,2308,中性盘
125,14:49:15,11.54,--,7,8077,卖盘
126,14:49:12,11.54,--,45,51929,中性盘
127,14:49:09,11.54,0.01,23,27465,买盘
128,14:49:06,11.53,-0.01,61,71093,卖盘
129,14:49:03,11.54,--,26,30003,买盘
130,14:49:00,11.54,0.01,67,77318,买盘
131,14:48:57,11.53,--,71,82785,卖盘
132,14:48:54,11.53,-0.01,51,59068,卖盘
133,14:48:51,11.54,--,20,23080,卖盘
134,14:48:48,11.54,--,2,2308,卖盘
135,14:48:42,11.54,--,50,57699,卖盘
136,14:48:39,11.54,-0.01,49,57307,卖盘
137,14:48:36,11.55,0.01,5,5775,买盘
138,14:48:33,11.54,0.01,35,40390,卖盘
139,14:48:30,11.53,-0.01,102,117606,卖盘
140,14:48:27,11.54,0.01,14,16790,买盘
141,14:48:24,11.53,-0.01,49,57396,卖盘
142,14:48:21,11.54,0.01,166,192025,买盘
143,14:48:18,11.53,--,49,56497,卖盘
144,14:48:15,11.53,--,11,12683,卖盘
145,14:48:12,11.53,--,7,8071,卖盘
146,14:48:09,11.53,--,211,244286,买盘
147,14:48:06,11.53,--,50,57650,买盘
148,14:48:03,11.53,0.01,17,19601,买盘
149,14:48:00,11.52,--,5,5760,卖盘
150,14:47:54,11.52,-0.01,107,123909,卖盘
151,14:47:51,11.53,--,46,53960,买盘
152,14:47:48,11.53,--,40,46120,买盘
153,14:47:45,11.53,--,2,2306,买盘
154,14:47:42,11.53,--,32,36896,买盘
155,14:47:39,11.53,0.01,12,13836,买盘
156,14:47:36,11.52,--,62,71942,卖盘
157,14:47:33,11.52,-0.01,130,149760,卖盘
158,14:47:30,11.53,--,32,36896,卖盘
159,14:47:27,11.53,-0.01,76,87628,卖盘
160,14:47:24,11.54,0.01,52,60227,买盘
161,14:47:21,11.53,0.01,6,6918,中性盘
162,14:47:18,11.52,--,11,12672,卖盘
163,14:47:15,11.52,-0.01,63,72656,卖盘
164,14:47:12,11.53,0.01,113,131165,买盘
165,14:47:09,11.52,-0.01,22,25344,卖盘
166,14:47:06,11.53,--,31,35743,买盘
167,14:47:03,11.53,--,18,20754,买盘
168,14:47:00,11.53,--,14,16142,买盘
169,14:46:57,11.53,--,80,92240,买盘
170,14:46:54,11.53,-0.01,2061,2376333,卖盘
171,14:46:48,11.54,--,213,246402,买盘
172,14:46:45,11.54,--,12,13847,买盘
173,14:46:42,11.54,--,31,35774,买盘
174,14:46:39,11.54,--,71,83018,买盘
175,14:46:36,11.54,--,86,99243,买盘
176,14:46:33,11.54,--,10,11540,买盘
177,14:46:30,11.54,--,4,4616,买盘
178,14:46:27,11.54,0.01,1,1154,买盘
179,14:46:24,11.53,-0.01,56,65432,卖盘
180,14:46:21,11.54,0.01,38,43852,买盘
181,14:46:18,11.53,-0.01,13,14989,卖盘
182,14:46:15,11.54,--,15,17310,买盘
183,14:46:12,11.54,--,34,39236,买盘
184,14:46:09,11.54,--,9,10386,买盘
185,14:46:06,11.54,-0.02,1919,2215218,卖盘
186,14:46:03,11.56,0.01,219,253164,买盘
187,14:46:00,11.55,-0.01,24,27720,卖盘
188,14:45:57,11.56,0.01,8,9248,买盘
189,14:45:54,11.55,--,54,63086,卖盘
190,14:45:48,11.55,-0.01,36,41580,卖盘
191,14:45:45,11.56,0.01,12,13872,买盘
192,14:45:39,11.55,-0.01,51,60048,卖盘
193,14:45:30,11.56,0.01,36,41616,买盘
194,14:45:27,11.55,--,6,6930,卖盘
195,14:45:24,11.55,--,42,48510,卖盘
196,14:45:21,11.55,--,49,57230,卖盘
197,14:45:18,11.55,--,8,9240,卖盘
198,14:45:12,11.55,0.01,114,132547,买盘
199,14:45:09,11.54,--,106,123062,卖盘
200,14:45:03,11.54,--,29,33466,卖盘
201,14:44:54,11.54,-0.01,180,208412,卖盘
202,14:44:51,11.55,--,1,1155,买盘
203,14:44:48,11.55,--,8,9240,买盘
204,14:44:45,11.55,--,33,38115,买盘
205,14:44:42,11.55,--,281,324762,买盘
206,14:44:39,11.55,0.01,2,2310,买盘
207,14:44:36,11.54,-0.01,9,10386,卖盘
208,14:44:33,11.55,--,304,351120,买盘
209,14:44:30,11.55,-0.01,343,396442,卖盘
210,14:44:27,11.56,0.01,8,9248,买盘
211,14:44:24,11.55,--,17,19635,卖盘
212,14:44:21,11.55,--,197,228655,卖盘
213,14:44:18,11.55,--,2,2310,卖盘
214,14:44:15,11.55,-0.01,4,4620,卖盘
215,14:44:12,11.56,0.01,2,2312,买盘
216,14:44:09,11.55,--,45,52737,卖盘
217,14:44:06,11.55,--,145,167625,买盘
218,14:44:03,11.55,--,65,75075,买盘
219,14:44:00,11.55,--,21,24255,买盘
220,14:43:57,11.55,0.01,226,261030,买盘
221,14:43:54,11.54,-0.01,68,78691,卖盘
222,14:43:51,11.55,0.01,60,69300,买盘
223,14:43:48,11.54,-0.01,53,61161,卖盘
224,14:43:45,11.55,--,32,36960,买盘
225,14:43:42,11.55,--,69,79695,买盘
226,14:43:39,11.55,--,203,235088,买盘
227,14:43:36,11.55,--,98,113190,买盘
228,14:43:33,11.55,0.01,110,127050,买盘
229,14:43:30,11.54,-0.01,50,58300,卖盘
230,14:43:27,11.55,--,11,12705,买盘
231,14:43:24,11.55,--,32,36960,买盘
232,14:43:21,11.55,--,111,128205,买盘
233,14:43:18,11.55,0.01,6,6930,买盘
234,14:43:15,11.54,-0.01,6,6923,卖盘
235,14:43:12,11.55,0.01,76,87780,买盘
236,14:43:09,11.54,--,54,63077,卖盘
237,14:43:06,11.54,-0.01,26,30003,卖盘
238,14:43:03,11.55,0.01,1,1155,买盘
239,14:42:54,11.54,-0.01,53,61196,卖盘
240,14:42:51,11.55,0.01,53,61215,买盘
241,14:42:48,11.54,-0.01,213,245801,卖盘
242,14:42:45,11.55,--,101,116655,买盘
243,14:42:42,11.55,--,196,226460,买盘
244,14:42:39,11.55,--,7,8085,买盘
245,14:42:33,11.55,--,16,18480,买盘
246,14:42:30,11.55,--,8,9240,买盘
247,14:42:27,11.55,0.01,2,2310,买盘
248,14:42:24,11.54,--,48,55530,卖盘
249,14:42:21,11.54,--,25,28849,卖盘
250,14:42:18,11.54,--,99,114245,卖盘
251,14:42:15,11.54,--,20,23080,卖盘
252,14:42:09,11.54,-0.01,49,57619,卖盘
253,14:42:06,11.55,--,1,1155,买盘
254,14:42:03,11.55,0.01,1,1155,买盘
255,14:42:00,11.54,0.01,74,85396,中性盘
256,14:41:54,11.53,-0.02,55,64233,卖盘
257,14:41:51,11.55,0.01,7,8235,买盘
258,14:41:48,11.54,-0.01,193,223725,卖盘
259,14:41:45,11.55,0.01,1,1155,买盘
260,14:41:39,11.54,--,64,74086,卖盘
261,14:41:36,11.54,-0.01,14,16155,卖盘
262,14:41:33,11.55,--,8,9240,买盘
263,14:41:30,11.55,0.01,1,1155,买盘
264,14:41:27,11.54,-0.01,144,166176,卖盘
265,14:41:24,11.55,0.01,42,48510,买盘
266,14:41:21,11.54,-0.01,78,90623,卖盘
267,14:41:18,11.55,--,26,30030,买盘
268,14:41:15,11.55,--,1,1155,买盘
269,14:41:12,11.55,0.01,3,3465,买盘
270,14:41:09,11.54,-0.01,74,85926,卖盘
271,14:41:06,11.55,0.01,61,70455,买盘
272,14:41:03,11.54,-0.01,519,598926,卖盘
273,14:41:00,11.55,--,105,121275,买盘
274,14:40:57,11.55,--,95,110579,买盘
275,14:40:54,11.55,--,231,266805,买盘
276,14:40:48,11.55,--,24,27720,买盘
277,14:40:45,11.55,--,2,2310,买盘
278,14:40:42,11.55,0.01,24,27720,买盘
279,14:40:39,11.54,-0.01,55,63562,卖盘
280,14:40:36,11.55,0.01,31,35805,买盘
281,14:40:33,11.54,--,43,49621,卖盘
282,14:40:27,11.54,--,7,8077,卖盘
283,14:40:24,11.54,-0.01,51,59407,卖盘
284,14:40:21,11.55,0.01,70,80850,买盘
285,14:40:18,11.54,--,133,153482,卖盘
286,14:40:15,11.54,--,239,275806,卖盘
287,14:40:09,11.54,--,52,60746,卖盘
288,14:40:06,11.54,-0.01,13,15001,卖盘
289,14:40:03,11.55,0.01,6,6930,买盘
290,14:39:51,11.54,-0.01,7,8077,卖盘
291,14:39:45,11.55,--,1,1155,买盘
292,14:39:42,11.55,0.01,157,181335,买盘
293,14:39:39,11.54,-0.01,7,8077,卖盘
294,14:39:36,11.55,--,6,6930,买盘
295,14:39:33,11.55,0.01,5,5775,买盘
296,14:39:30,11.54,--,178,205411,卖盘
297,14:39:27,11.54,-0.01,6,6923,卖盘
298,14:39:24,11.55,--,2,2310,买盘
299,14:39:12,11.55,--,4,4620,买盘
300,14:39:09,11.55,--,42,48510,买盘
301,14:39:06,11.55,--,11,12705,买盘
302,14:39:03,11.55,--,11,12705,买盘
303,14:39:00,11.55,--,79,91245,买盘
304,14:38:54,11.55,0.01,26,30030,买盘
305,14:38:51,11.54,-0.01,714,823955,卖盘
306,14:38:48,11.55,--,166,192711,卖盘
307,14:38:45,11.55,-0.01,4,4620,卖盘
308,14:38:42,11.56,--,27,31212,买盘
309,14:38:39,11.56,0.01,7,8092,买盘
310,14:38:36,11.55,-0.01,805,929775,卖盘
311,14:38:33,11.56,0.01,5,5780,买盘
312,14:38:30,11.55,-0.01,56,64680,卖盘
313,14:38:24,11.56,--,11,12716,买盘
314,14:38:15,11.56,--,8,9248,买盘
315,14:38:12,11.56,0.01,5,5780,买盘
316,14:38:06,11.55,-0.01,413,477015,卖盘
317,14:38:03,11.56,0.01,11,12716,买盘
318,14:37:57,11.55,--,12,13860,卖盘
319,14:37:54,11.55,--,1,1155,卖盘
320,14:37:51,11.55,-0.01,43,49665,卖盘
321,14:37:45,11.56,--,27,31212,买盘
322,14:37:42,11.56,--,9,10404,买盘
323,14:37:39,11.56,0.01,51,58956,买盘
324,14:37:36,11.55,-0.01,3,3465,卖盘
325,14:37:33,11.56,--,4,4624,买盘
326,14:37:30,11.56,0.01,1,1156,买盘
327,14:37:27,11.55,--,10,11550,卖盘
328,14:37:24,11.55,--,9,10395,卖盘
329,14:37:21,11.55,-0.01,3,3465,卖盘
330,14:37:12,11.56,0.01,2,2312,买盘
331,14:37:09,11.55,-0.01,85,98175,卖盘
332,14:37:06,11.56,--,45,52020,买盘
333,14:37:03,11.56,--,218,252008,买盘
334,14:37:00,11.56,--,16,18496,买盘
335,14:36:57,11.56,0.01,10,11560,买盘
336,14:36:51,11.55,-0.01,40,46200,卖盘
337,14:36:48,11.56,0.01,11,12716,买盘
338,14:36:45,11.55,-0.01,104,120120,卖盘
339,14:36:42,11.56,0.01,6,6936,买盘
340,14:36:39,11.55,-0.01,2,2310,卖盘
341,14:36:36,11.56,0.01,270,312120,买盘
342,14:36:33,11.55,-0.01,1000,1155000,卖盘
343,14:36:30,11.56,--,11,12716,买盘
344,14:36:27,11.56,--,11,12716,买盘
345,14:36:24,11.56,--,16,18496,买盘
346,14:36:21,11.56,0.01,259,299404,买盘
347,14:36:18,11.55,--,25,28875,卖盘
348,14:36:15,11.55,-0.01,8,9240,卖盘
349,14:36:12,11.56,--,29,33524,买盘
350,14:36:09,11.56,--,478,552568,买盘
351,14:36:06,11.56,--,7,8092,买盘
352,14:36:03,11.56,0.01,1,1156,买盘
353,14:36:00,11.55,-0.01,75,86625,卖盘
354,14:35:57,11.56,0.01,3,3468,买盘
355,14:35:54,11.55,--,50,57750,卖盘
356,14:35:51,11.55,--,6,6930,卖盘
357,14:35:48,11.55,-0.01,7,8258,卖盘
358,14:35:45,11.56,0.01,7,8092,买盘
359,14:35:42,11.55,--,12,13860,卖盘
360,14:35:39,11.55,-0.01,120,138600,卖盘
361,14:35:36,11.56,--,19,21964,买盘
362,14:35:33,11.56,0.01,5,5780,买盘
363,14:35:27,11.55,--,24,27720,卖盘
364,14:35:24,11.55,-0.01,6,6930,卖盘
365,14:35:15,11.56,0.01,43,49708,买盘
366,14:35:09,11.55,-0.01,7,8085,卖盘
367,14:35:06,11.56,--,1,1156,买盘
368,14:35:03,11.56,--,21,24276,买盘
369,14:35:00,11.56,0.01,11,12716,买盘
370,14:34:54,11.55,-0.01,117,135135,卖盘
371,14:34:51,11.56,0.01,5,5780,买盘
372,14:34:48,11.55,--,10,11550,卖盘
373,14:34:45,11.55,--,34,39270,卖盘
374,14:34:42,11.55,-0.01,127,146685,卖盘
375,14:34:39,11.56,--,13,15028,买盘
376,14:34:27,11.56,--,24,27744,买盘
377,14:34:24,11.56,-0.01,592,684352,卖盘
378,14:34:18,11.57,0.01,1,1157,买盘
379,14:34:15,11.56,-0.01,10,11560,卖盘
380,14:34:12,11.57,--,451,521807,买盘
381,14:34:06,11.57,--,6,6942,买盘
382,14:34:03,11.57,--,22,25454,买盘
383,14:33:54,11.57,--,502,580814,买盘
384,14:33:51,11.57,0.01,4,4628,买盘
385,14:33:48,11.56,-0.01,13,15028,卖盘
386,14:33:45,11.57,0.01,1,1157,买盘
387,14:33:42,11.56,-0.01,26,30056,卖盘
388,14:33:39,11.57,--,15,17355,买盘
389,14:33:36,11.57,--,10,11570,买盘
390,14:33:30,11.57,--,14,16198,买盘
391,14:33:27,11.57,0.01,360,416520,买盘
392,14:33:24,11.56,-0.01,5,5780,卖盘
393,14:33:21,11.57,--,43,49751,卖盘
394,14:33:12,11.57,--,7,8099,卖盘
395,14:33:09,11.57,--,42,48594,卖盘
396,14:33:06,11.57,-0.01,107,123799,卖盘
397,14:33:03,11.58,--,2,2316,买盘
398,14:33:00,11.58,0.01,1,1158,买盘
399,14:32:57,11.57,-0.01,3,3471,卖盘
400,14:32:51,11.58,0.01,4,4632,买盘
401,14:32:48,11.57,-0.01,7,8099,卖盘
402,14:32:45,11.58,--,6,6948,买盘
403,14:32:36,11.58,0.01,20,23160,买盘
404,14:32:30,11.57,--,20,23140,卖盘
405,14:32:27,11.57,--,1,1157,卖盘
406,14:32:24,11.57,--,8,9256,卖盘
407,14:32:21,11.57,--,54,62478,卖盘
408,14:32:18,11.57,--,88,101816,卖盘
409,14:32:12,11.57,--,148,171236,卖盘
410,14:32:09,11.57,--,100,115700,卖盘
411,14:32:06,11.57,-0.01,11,12727,卖盘
412,14:32:03,11.58,0.01,8,9264,买盘
413,14:32:00,11.57,--,7,8099,卖盘
414,14:31:57,11.57,--,8,9256,卖盘
415,14:31:51,11.57,-0.01,26,30082,卖盘
416,14:31:48,11.58,--,9,10422,买盘
417,14:31:45,11.58,0.01,1,1158,买盘
418,14:31:36,11.57,-0.01,7,8099,卖盘
419,14:31:30,11.58,--,5,5790,买盘
420,14:31:24,11.58,--,1,1158,买盘
421,14:31:21,11.58,0.01,6,6948,买盘
422,14:31:12,11.57,-0.01,72,83304,卖盘
423,14:31:06,11.58,0.01,19,22002,买盘
424,14:31:03,11.57,--,3,3471,卖盘
425,14:31:00,11.57,--,2,2314,卖盘
426,14:30:57,11.57,-0.01,7,8099,卖盘
427,14:30:54,11.58,0.01,165,191070,卖盘
428,14:30:51,11.57,-0.01,58,67106,卖盘
429,14:30:48,11.58,--,24,27792,买盘
430,14:30:45,11.58,--,12,13896,买盘
431,14:30:42,11.58,--,10,11580,买盘
432,14:30:39,11.58,--,14,16212,买盘
433,14:30:36,11.58,--,7,8106,买盘
434,14:30:33,11.58,0.01,4,4632,买盘
435,14:30:30,11.57,--,10,11570,卖盘
436,14:30:27,11.57,-0.01,17,19669,卖盘
437,14:30:24,11.58,--,1,1158,买盘
438,14:30:21,11.58,--,9,10422,买盘
439,14:30:15,11.58,-0.01,33,38214,卖盘
440,14:30:12,11.59,--,6,6954,买盘
441,14:30:09,11.59,--,42,48678,买盘
442,14:30:06,11.59,--,1,1159,买盘
443,14:30:03,11.59,--,1,1159,买盘
444,14:30:00,11.59,--,4,4636,买盘
445,14:29:57,11.59,0.01,29,33611,买盘
446,14:29:54,11.58,--,1,1158,卖盘
447,14:29:51,11.58,--,13,15054,卖盘
448,14:29:48,11.58,--,7,8106,卖盘
449,14:29:42,11.58,--,144,166752,买盘
450,14:29:39,11.58,0.01,1,1158,买盘
451,14:29:30,11.57,-0.01,107,123799,卖盘
452,14:29:27,11.58,--,94,108852,买盘
453,14:29:24,11.58,--,13,15054,买盘
454,14:29:21,11.58,--,19,22002,买盘
455,14:29:18,11.58,--,13,15054,买盘
456,14:29:12,11.58,--,32,37056,买盘
457,14:29:09,11.58,--,30,34740,买盘
458,14:29:03,11.58,--,2,2316,买盘
459,14:28:57,11.58,0.01,37,42846,买盘
460,14:28:54,11.57,-0.01,9,10413,卖盘
461,14:28:48,11.58,--,21,24318,买盘
462,14:28:45,11.58,0.01,1,1158,买盘
463,14:28:27,11.57,--,42,48594,卖盘
464,14:28:24,11.57,--,13,15041,卖盘
465,14:28:21,11.57,-0.01,10,11570,卖盘
466,14:28:18,11.58,0.02,78,90324,买盘
467,14:28:15,11.56,-0.01,96,110976,卖盘
468,14:28:12,11.57,0.01,1,1157,买盘
469,14:28:09,11.56,-0.01,150,173400,卖盘
470,14:28:06,11.57,--,16,18512,买盘
471,14:28:03,11.57,--,24,27768,买盘
472,14:28:00,11.57,--,26,30082,买盘
473,14:27:54,11.57,--,7,8099,买盘
474,14:27:51,11.57,0.01,1028,1189396,买盘
475,14:27:48,11.56,-0.01,3,3468,卖盘
476,14:27:45,11.57,--,1,1157,买盘
477,14:27:42,11.57,--,10,11570,买盘
478,14:27:39,11.57,0.01,80,92560,买盘
479,14:27:36,11.56,-0.01,77,89012,卖盘
480,14:27:33,11.57,--,132,152724,买盘
481,14:27:30,11.57,0.01,5,5785,买盘
482,14:27:27,11.56,-0.01,109,126004,卖盘
483,14:27:24,11.57,--,21,24297,买盘
484,14:27:21,11.57,--,33,38181,买盘
485,14:27:18,11.57,-0.01,530,613210,卖盘
486,14:27:15,11.58,--,7,8106,买盘
487,14:27:12,11.58,--,9,10422,买盘
488,14:27:06,11.58,--,5,5790,买盘
489,14:27:03,11.58,0.01,1,1158,买盘
490,14:27:00,11.57,--,20,23140,卖盘
491,14:26:57,11.57,-0.01,31,35867,卖盘
492,14:26:54,11.58,0.01,5,5790,买盘
493,14:26:51,11.57,-0.01,20,23140,卖盘
494,14:26:39,11.58,0.01,24,27792,买盘
495,14:26:36,11.57,-0.01,17,19669,卖盘
496,14:26:33,11.58,--,71,82218,买盘
497,14:26:30,11.58,0.01,1,1158,买盘
498,14:26:27,11.57,-0.01,8,9256,卖盘
499,14:26:24,11.58,--,1,1158,买盘
500,14:26:21,11.58,--,2,2316,买盘
501,14:26:18,11.58,0.01,11,12738,买盘
502,14:26:15,11.57,-0.01,215,248755,卖盘
503,14:26:12,11.58,--,8,9264,买盘
504,14:26:03,11.58,--,23,26634,买盘
505,14:26:00,11.58,0.01,17,19686,买盘
506,14:25:51,11.57,-0.01,23,26611,卖盘
507,14:25:48,11.58,--,21,24318,买盘
508,14:25:45,11.58,0.01,1,1158,买盘
509,14:25:42,11.57,-0.01,5,5785,卖盘
510,14:25:39,11.58,0.01,20,23160,买盘
511,14:25:36,11.57,--,70,80990,卖盘
512,14:25:33,11.57,--,159,183963,卖盘
513,14:25:30,11.57,--,87,100659,卖盘
514,14:25:27,11.57,-0.01,20,23140,卖盘
515,14:25:24,11.58,0.01,7,8106,买盘
516,14:25:21,11.57,-0.01,54,62478,卖盘
517,14:25:18,11.58,0.01,6,6948,买盘
518,14:25:15,11.57,-0.01,5,5785,卖盘
519,14:25:12,11.58,--,5,5790,买盘
520,14:25:09,11.58,--,2,2316,买盘
521,14:25:06,11.58,--,6,6948,买盘
522,14:25:03,11.58,--,22,25476,买盘
523,14:25:00,11.58,--,194,224652,卖盘
524,14:24:45,11.58,--,6,6948,卖盘
525,14:24:42,11.58,-0.01,7,8106,卖盘
526,14:24:39,11.59,--,1,1159,买盘
527,14:24:33,11.59,--,27,31293,买盘
528,14:24:30,11.59,0.01,8,9272,买盘
529,14:24:27,11.58,-0.01,3,3474,卖盘
530,14:24:24,11.59,0.01,17,19703,买盘
531,14:24:18,11.58,0.01,10,11580,买盘
532,14:24:15,11.57,--,6,6942,卖盘
533,14:24:12,11.57,-0.02,214,247598,卖盘
534,14:24:09,11.59,0.01,107,124013,买盘
535,14:24:06,11.58,-0.01,17,19686,卖盘
536,14:24:03,11.59,0.01,21,24339,买盘
537,14:23:57,11.58,--,62,71796,买盘
538,14:23:51,11.58,--,4,4632,买盘
539,14:23:48,11.58,--,5,5790,买盘
540,14:23:45,11.58,--,17,19686,买盘
541,14:23:39,11.58,--,35,40530,卖盘
542,14:23:36,11.58,--,18,20844,卖盘
543,14:23:33,11.58,-0.01,75,86850,卖盘
544,14:23:30,11.59,0.01,7,8113,买盘
545,14:23:27,11.58,--,3,3474,卖盘
546,14:23:15,11.58,--,685,793230,卖盘
547,14:23:12,11.58,-0.01,83,96114,卖盘
548,14:23:03,11.59,0.01,23,26657,买盘
549,14:22:57,11.58,--,39,45162,卖盘
550,14:22:54,11.58,-0.01,24,27792,卖盘
551,14:22:51,11.59,0.01,5,5795,买盘
552,14:22:48,11.58,--,45,52110,卖盘
553,14:22:45,11.58,-0.01,22,25476,卖盘
554,14:22:39,11.59,--,6,6954,买盘
555,14:22:36,11.59,0.01,15,17385,买盘
556,14:22:33,11.58,-0.01,18,20844,卖盘
557,14:22:30,11.59,0.01,2,2318,买盘
558,14:22:27,11.58,--,29,33582,卖盘
559,14:22:24,11.58,--,221,255918,卖盘
560,14:22:21,11.58,--,7,8106,卖盘
561,14:22:18,11.58,-0.01,10,11580,卖盘
562,14:22:15,11.59,0.01,1,1159,买盘
563,14:22:12,11.58,-0.01,4,4632,卖盘
564,14:22:06,11.59,--,59,68381,买盘
565,14:22:03,11.59,0.01,1,1159,买盘
566,14:22:00,11.58,--,16,18528,卖盘
567,14:21:57,11.58,-0.01,1,1158,卖盘
568,14:21:51,11.59,0.01,18,20862,买盘
569,14:21:48,11.58,-0.01,68,78744,卖盘
570,14:21:45,11.59,--,9,10431,买盘
571,14:21:42,11.59,--,5,5795,买盘
572,14:21:39,11.59,--,15,17385,买盘
573,14:21:36,11.59,0.01,123,142557,买盘
574,14:21:27,11.58,-0.01,3,3474,卖盘
575,14:21:24,11.59,--,1,1159,买盘
576,14:21:15,11.59,0.01,4,4636,买盘
577,14:21:09,11.58,-0.01,5,5790,卖盘
578,14:21:06,11.59,--,108,125172,买盘
579,14:21:03,11.59,0.01,1,1159,买盘
580,14:20:57,11.58,-0.02,15,17370,卖盘
581,14:20:45,11.6,0.02,7,8120,买盘
582,14:20:42,11.58,-0.02,20,23160,卖盘
583,14:20:36,11.6,0.03,151,175160,买盘
584,14:20:33,11.57,--,7,8099,卖盘
585,14:20:30,11.57,-0.03,147,170079,卖盘
586,14:20:24,11.6,0.03,1,1160,买盘
587,14:20:18,11.57,-0.03,6,6942,卖盘
588,14:20:15,11.6,0.03,12,13920,买盘
589,14:20:03,11.57,--,3,3471,卖盘
590,14:20:00,11.57,--,171,197847,卖盘
591,14:19:54,11.57,-0.03,8,9256,卖盘
592,14:19:51,11.6,0.04,87,100920,买盘
593,14:19:48,11.56,-0.04,12,13872,卖盘
594,14:19:45,11.6,--,1,1160,买盘
595,14:19:30,11.6,--,47,54520,买盘
596,14:19:27,11.6,--,29,33640,买盘
597,14:19:24,11.6,0.04,1,1160,买盘
598,14:19:21,11.56,--,166,191896,卖盘
599,14:19:18,11.56,-0.04,5,5780,卖盘
600,14:19:12,11.6,0.04,2,2320,买盘
601,14:19:09,11.56,-0.04,2,2312,卖盘
602,14:19:03,11.6,--,3,3480,买盘
603,14:19:00,11.6,0.04,10,11600,买盘
604,14:18:48,11.56,-0.04,1000,1156000,卖盘
605,14:18:45,11.6,0.02,1,1160,买盘
606,14:18:42,11.58,-0.02,175,202650,卖盘
607,14:18:33,11.6,--,7,8120,买盘
608,14:18:30,11.6,--,5,5800,买盘
609,14:18:24,11.6,0.04,1,1160,买盘
610,14:18:12,11.56,-0.04,6,6936,卖盘
611,14:18:06,11.6,--,12,13920,买盘
612,14:18:03,11.6,0.04,160,185600,买盘
613,14:17:54,11.56,-0.04,2000,2312000,卖盘
614,14:17:45,11.6,0.02,12,13920,买盘
615,14:17:42,11.58,-0.02,5,5790,卖盘
616,14:17:39,11.6,0.03,4,4640,买盘
617,14:17:30,11.57,-0.03,10,11570,卖盘
618,14:17:27,11.6,0.03,157,182120,买盘
619,14:17:24,11.57,--,7,8099,卖盘
620,14:17:21,11.57,--,5,5785,卖盘
621,14:17:12,11.57,-0.03,7,8099,卖盘
622,14:17:09,11.6,0.04,5,5800,买盘
623,14:17:06,11.56,-0.01,5,5780,卖盘
624,14:17:03,11.57,0.01,31,35867,中性盘
625,14:16:51,11.56,-0.04,201,233038,卖盘
626,14:16:48,11.6,0.02,166,192560,买盘
627,14:16:45,11.58,--,7,8106,买盘
628,14:16:36,11.58,--,10,11580,买盘
629,14:16:30,11.58,--,48,55584,买盘
630,14:16:24,11.58,--,1,1158,买盘
631,14:16:21,11.58,--,822,951876,卖盘
632,14:16:15,11.58,-0.02,10,11580,卖盘
633,14:16:09,11.6,0.01,159,184440,买盘
634,14:16:03,11.59,0.01,1,1159,买盘
635,14:16:00,11.58,--,7,8106,卖盘
636,14:15:54,11.58,--,351,406458,买盘
637,14:15:51,11.58,--,30,34740,买盘
638,14:15:48,11.58,--,6,6948,买盘
639,14:15:45,11.58,--,2,2316,买盘
640,14:15:36,11.58,--,1,1158,买盘
641,14:15:30,11.58,--,184,213072,买盘
642,14:15:27,11.58,-0.01,94,108852,卖盘
643,14:15:24,11.59,--,7,8113,买盘
644,14:15:12,11.59,--,59,68728,卖盘
645,14:15:09,11.59,--,25,28975,卖盘
646,14:15:06,11.59,-0.01,10,11590,卖盘
647,14:15:03,11.6,0.01,1,1160,买盘
648,14:14:57,11.59,--,7,8113,卖盘
649,14:14:54,11.59,-0.01,157,182774,中性盘
650,14:14:48,11.6,--,7,8120,买盘
651,14:14:45,11.6,--,1,1160,买盘
652,14:14:33,11.6,--,7,8120,买盘
653,14:14:30,11.6,--,5,5800,买盘
654,14:14:24,11.6,--,2,2320,买盘
655,14:14:21,11.6,0.03,16,18560,买盘
656,14:14:18,11.57,-0.03,24,27768,卖盘
657,14:14:15,11.6,0.02,154,178640,买盘
658,14:14:12,11.58,--,14,16212,中性盘
659,14:14:06,11.58,0.01,4,4632,卖盘
660,14:14:03,11.57,-0.01,72,83304,卖盘
661,14:13:57,11.58,0.01,17,19686,买盘
662,14:13:54,11.57,-0.01,5,5785,卖盘
663,14:13:51,11.58,--,6,6948,买盘
664,14:13:48,11.58,--,10,11580,买盘
665,14:13:45,11.58,0.01,1,1158,买盘
666,14:13:39,11.57,-0.01,18,20826,中性盘
667,14:13:36,11.58,0.02,161,186438,买盘
668,14:13:33,11.56,--,4,4624,卖盘
669,14:13:30,11.56,--,291,336396,卖盘
670,14:13:24,11.56,--,50,57800,卖盘
671,14:13:18,11.56,-0.01,2,2312,卖盘
672,14:13:15,11.57,0.01,8,9256,卖盘
673,14:13:12,11.56,-0.01,347,401132,卖盘
674,14:13:09,11.57,--,6,6942,卖盘
675,14:13:06,11.57,--,35,40495,买盘
676,14:13:03,11.57,-0.01,46,53222,中性盘
677,14:13:00,11.58,--,169,195702,买盘
678,14:12:57,11.58,0.01,506,585948,买盘
679,14:12:54,11.57,--,64,74048,卖盘
680,14:12:48,11.57,--,49,56693,买盘
681,14:12:45,11.57,-0.01,2,2314,中性盘
682,14:12:36,11.58,0.02,155,179490,买盘
683,14:12:33,11.56,-0.02,4,4624,卖盘
684,14:12:30,11.58,0.02,7,8106,买盘
685,14:12:27,11.56,0.01,1,1156,卖盘
686,14:12:24,11.55,-0.01,156,180180,卖盘
687,14:12:21,11.56,-0.02,166,191896,卖盘
688,14:12:18,11.58,0.03,50,57900,买盘
689,14:12:15,11.55,-0.01,119,137445,卖盘
690,14:12:12,11.56,--,7,8092,卖盘
691,14:12:09,11.56,--,218,252008,买盘
692,14:12:06,11.56,--,40,46240,买盘
693,14:12:03,11.56,0.01,8,9248,买盘
694,14:12:00,11.55,-0.01,47,54285,卖盘
695,14:11:57,11.56,--,89,102884,卖盘
696,14:11:48,11.56,--,52,60112,卖盘
697,14:11:45,11.56,-0.02,10,11560,卖盘
698,14:11:42,11.58,0.01,158,182964,买盘
699,14:11:39,11.57,0.01,2,2314,卖盘
700,14:11:36,11.56,-0.02,1011,1168716,卖盘
701,14:11:33,11.58,--,40,46320,买盘
702,14:11:30,11.58,--,23,26634,买盘
703,14:11:27,11.58,-0.01,2032,2353056,卖盘
704,14:11:24,11.59,--,21,24339,卖盘
705,14:11:18,11.59,--,2,2318,卖盘
706,14:11:15,11.59,-0.01,200,231800,卖盘
707,14:11:12,11.6,-0.01,527,611320,卖盘
708,14:11:09,11.61,--,306,355266,买盘
709,14:11:06,11.61,-0.01,3,3483,卖盘
710,14:11:03,11.62,0.01,212,246343,买盘
711,14:11:00,11.61,0.01,77,89397,买盘
712,14:10:54,11.6,--,89,103240,卖盘
713,14:10:51,11.6,-0.01,7,8120,卖盘
714,14:10:45,11.61,--,1,1161,买盘
715,14:10:39,11.61,--,5,5805,买盘
716,14:10:36,11.61,-0.01,209,243113,卖盘
717,14:10:33,11.62,0.01,7,8133,买盘
718,14:10:30,11.61,-0.01,109,126549,卖盘
719,14:10:24,11.62,0.01,208,241695,买盘
720,14:10:21,11.61,--,34,39474,卖盘
721,14:10:18,11.61,--,7,8127,卖盘
722,14:10:15,11.61,--,13,15093,卖盘
723,14:10:12,11.61,--,66,77322,买盘
724,14:10:03,11.61,--,27,31347,买盘
725,14:10:00,11.61,--,162,188082,买盘
726,14:09:57,11.61,--,7,8127,买盘
727,14:09:51,11.61,-0.01,44,51548,卖盘
728,14:09:48,11.62,0.01,164,190568,买盘
729,14:09:45,11.61,-0.01,153,177633,卖盘
730,14:09:42,11.62,--,163,189406,买盘
731,14:09:33,11.62,--,24,27887,买盘
732,14:09:30,11.62,-0.01,83,96446,卖盘
733,14:09:24,11.63,--,1,1163,买盘
734,14:09:21,11.63,0.01,6,6978,买盘
735,14:09:18,11.62,--,2,2324,卖盘
736,14:09:15,11.62,-0.01,107,124333,卖盘
737,14:09:09,11.63,0.01,55,63965,买盘
738,14:09:06,11.62,-0.01,25,29049,卖盘
739,14:09:03,11.63,0.01,1,1163,买盘
740,14:09:00,11.62,--,52,60423,买盘
741,14:08:57,11.62,--,23,26726,卖盘
742,14:08:48,11.62,--,10,11620,卖盘
743,14:08:45,11.62,-0.01,11,12782,卖盘
744,14:08:42,11.63,0.01,57,66291,买盘
745,14:08:39,11.62,--,6,6971,卖盘
746,14:08:36,11.62,--,7,8133,卖盘
747,14:08:30,11.62,--,116,134792,买盘
748,14:08:27,11.62,--,6,6971,买盘
749,14:08:24,11.62,0.01,1,1162,买盘
750,14:08:18,11.61,-0.01,19,22059,卖盘
751,14:08:12,11.62,0.01,18,20916,买盘
752,14:08:09,11.61,-0.01,6,6966,卖盘
753,14:08:03,11.62,--,3,3485,买盘
754,14:08:00,11.62,--,47,54613,买盘
755,14:07:54,11.62,0.01,161,187082,买盘
756,14:07:51,11.61,-0.01,2,2322,卖盘
757,14:07:45,11.62,0.01,1,1162,买盘
758,14:07:42,11.61,--,57,66177,卖盘
759,14:07:36,11.61,--,0,928,卖盘
760,14:07:30,11.61,-0.01,9,10449,卖盘
761,14:07:27,11.62,0.01,7,8133,买盘
762,14:07:24,11.61,--,51,59211,卖盘
763,14:07:18,11.61,--,12,13932,卖盘
764,14:07:15,11.61,--,245,284445,卖盘
765,14:07:12,11.61,--,5,5805,卖盘
766,14:07:09,11.61,-0.01,5,5805,卖盘
767,14:07:03,11.62,0.01,21,24402,买盘
768,14:07:00,11.61,-0.01,12,13932,卖盘
769,14:06:54,11.62,--,19,22078,买盘
770,14:06:45,11.62,--,2395,2782990,卖盘
771,14:06:42,11.62,--,44,51128,卖盘
772,14:06:39,11.62,--,17,19754,卖盘
773,14:06:36,11.62,-0.01,100,116199,卖盘
774,14:06:33,11.63,--,7,8141,买盘
775,14:06:30,11.63,0.01,6,6978,买盘
776,14:06:27,11.62,-0.01,12,13943,卖盘
777,14:06:24,11.63,0.01,1,1163,买盘
778,14:06:18,11.62,--,20,23240,卖盘
779,14:06:15,11.62,--,79,91798,卖盘
780,14:06:03,11.62,--,129,149898,卖盘
781,14:06:00,11.62,-0.01,21,24402,卖盘
782,14:05:57,11.63,0.01,1,1163,买盘
783,14:05:54,11.62,--,26,30211,卖盘
784,14:05:48,11.62,-0.01,6,6971,卖盘
785,14:05:45,11.63,--,1,1163,买盘
786,14:05:39,11.63,--,63,73269,买盘
787,14:05:36,11.63,0.01,112,130256,买盘
788,14:05:33,11.62,--,6,6971,卖盘
789,14:05:30,11.62,-0.01,252,292824,卖盘
790,14:05:24,11.63,--,2,2326,买盘
791,14:05:15,11.63,0.01,10,11630,买盘
792,14:05:12,11.62,-0.01,9,10458,卖盘
793,14:05:09,11.63,--,2,2326,买盘
794,14:05:03,11.63,--,2,2326,买盘
795,14:05:00,11.63,--,86,100018,买盘
796,14:04:57,11.63,0.01,105,122115,买盘
797,14:04:48,11.62,--,7,8133,卖盘
798,14:04:42,11.62,0.01,63,73206,买盘
799,14:04:39,11.61,--,20,23220,卖盘
800,14:04:36,11.61,-0.01,14,16254,卖盘
801,14:04:33,11.62,0.01,8,9296,买盘
802,14:04:27,11.61,--,5,5805,卖盘
803,14:04:24,11.61,-0.01,6,6966,卖盘
804,14:04:21,11.62,0.01,154,178948,买盘
805,14:04:18,11.61,--,1,1161,卖盘
806,14:04:15,11.61,--,517,600237,卖盘
807,14:04:06,11.61,--,33,38313,卖盘
808,14:04:03,11.61,--,196,227556,卖盘
809,14:03:54,11.61,-0.01,3,3483,卖盘
810,14:03:45,11.62,--,1,1162,买盘
811,14:03:42,11.62,0.01,165,191730,买盘
812,14:03:39,11.61,-0.01,13,15093,卖盘
813,14:03:33,11.62,0.01,7,8133,买盘
814,14:03:30,11.61,-0.01,8,9288,卖盘
815,14:03:24,11.62,0.01,185,214970,买盘
816,14:03:21,11.61,--,100,116100,卖盘
817,14:03:18,11.61,--,21,24381,卖盘
818,14:03:15,11.61,--,11,12771,卖盘
819,14:03:09,11.61,-0.01,1,1161,卖盘
820,14:03:06,11.62,--,2,2324,买盘
821,14:03:03,11.62,0.01,160,185920,买盘
822,14:03:00,11.61,--,13,15093,卖盘
823,14:02:51,11.61,--,18,20898,卖盘
824,14:02:48,11.61,-0.01,638,740718,卖盘
825,14:02:45,11.62,--,1,1162,买盘
826,14:02:36,11.62,0.01,6,6971,买盘
827,14:02:33,11.61,-0.01,2,2322,卖盘
828,14:02:30,11.62,--,7,8133,买盘
829,14:02:27,11.62,--,40,46480,买盘
830,14:02:24,11.62,--,131,152222,买盘
831,14:02:09,11.62,--,157,182434,买盘
832,14:02:03,11.62,0.01,4,4648,买盘
833,14:01:54,11.61,-0.01,30,34830,卖盘
834,14:01:48,11.62,--,185,214970,买盘
835,14:01:45,11.62,--,1,1162,买盘
836,14:01:42,11.62,--,177,205674,卖盘
837,14:01:36,11.62,--,45,52290,卖盘
838,14:01:33,11.62,--,30,34860,卖盘
839,14:01:27,11.62,--,1,1162,卖盘
840,14:01:24,11.62,--,2,2324,卖盘
841,14:01:15,11.62,--,86,100164,卖盘
842,14:01:12,11.62,-0.01,43,49966,卖盘
843,14:01:09,11.63,0.01,169,196547,买盘
844,14:01:06,11.62,-0.01,16,18592,卖盘
845,14:01:03,11.63,0.01,1,1163,买盘
846,14:01:00,11.62,--,10,11620,卖盘
847,14:00:51,11.62,--,160,185920,卖盘
848,14:00:48,11.62,--,14,16267,买盘
849,14:00:45,11.62,-0.01,46,53452,中性盘
850,14:00:39,11.63,0.02,6,6978,买盘
851,14:00:36,11.61,-0.01,76,89164,卖盘
852,14:00:33,11.62,--,17,19754,买盘
853,14:00:30,11.62,0.01,149,173138,买盘
854,14:00:27,11.61,-0.01,60,69660,卖盘
855,14:00:24,11.62,--,6,6971,买盘
856,14:00:21,11.62,0.01,38,44156,买盘
857,14:00:18,11.61,-0.01,8,9288,卖盘
858,14:00:15,11.62,0.01,156,181272,买盘
859,14:00:03,11.61,-0.02,16,18576,卖盘
860,13:59:57,11.63,--,39,45357,买盘
861,13:59:54,11.63,--,51,59313,买盘
862,13:59:51,11.63,0.02,110,127930,买盘
863,13:59:48,11.61,-0.01,1,1161,卖盘
864,13:59:45,11.62,--,9,10458,买盘
865,13:59:42,11.62,--,26,30211,买盘
866,13:59:39,11.62,--,5,5810,买盘
867,13:59:36,11.62,--,131,152222,买盘
868,13:59:33,11.62,--,20,23240,买盘
869,13:59:30,11.62,--,38,44156,买盘
870,13:59:24,11.62,--,1,1162,买盘
871,13:59:21,11.62,--,20,23240,买盘
872,13:59:15,11.62,0.01,129,149898,买盘
873,13:59:12,11.61,-0.01,28,32508,中性盘
874,13:59:09,11.62,0.01,30,34860,买盘
875,13:59:06,11.61,-0.01,47,54567,卖盘
876,13:59:03,11.62,--,1,1162,买盘
877,13:59:00,11.62,0.01,162,188244,买盘
878,13:58:57,11.61,--,47,54567,卖盘
879,13:58:54,11.61,--,30,34830,卖盘
880,13:58:51,11.61,--,10,11610,卖盘
881,13:58:48,11.61,-0.01,47,54567,卖盘
882,13:58:45,11.62,--,1,1162,买盘
883,13:58:42,11.62,0.01,37,42994,买盘
884,13:58:36,11.61,-0.01,173,200853,卖盘
885,13:58:30,11.62,-0.01,62,72044,卖盘
886,13:58:24,11.63,0.01,7,8141,买盘
887,13:58:21,11.62,--,104,120847,买盘
888,13:58:18,11.62,--,53,61585,买盘
889,13:58:15,11.62,0.01,36,41832,中性盘
890,13:58:09,11.61,-0.01,30,34830,卖盘
891,13:58:06,11.62,-0.01,4,4648,卖盘
892,13:58:03,11.63,--,13,15119,买盘
893,13:58:00,11.63,0.01,47,54661,买盘
894,13:57:57,11.62,-0.01,168,195216,卖盘
895,13:57:54,11.63,0.01,33,38379,买盘
896,13:57:51,11.62,-0.01,242,281204,卖盘
897,13:57:45,11.63,--,17,19771,买盘
898,13:57:42,11.63,0.01,200,232600,买盘
899,13:57:39,11.62,--,45,52290,卖盘
900,13:57:36,11.62,-0.01,9,10458,卖盘
901,13:57:33,11.63,0.01,25,29075,买盘
902,13:57:30,11.62,--,2,2324,卖盘
903,13:57:27,11.62,-0.01,39,45318,卖盘
904,13:57:24,11.63,0.01,1,1163,买盘
905,13:57:21,11.62,--,6,6971,卖盘
906,13:57:18,11.62,0.01,123,142926,买盘
907,13:57:12,11.61,0.01,18,20898,买盘
908,13:57:09,11.6,-0.01,7,8120,卖盘
909,13:57:06,11.61,-0.01,15,17415,卖盘
910,13:57:03,11.62,--,159,184758,买盘
911,13:57:00,11.62,-0.01,46,53452,买盘
912,13:56:48,11.63,--,170,197710,卖盘
913,13:56:45,11.63,--,366,425658,买盘
914,13:56:42,11.63,--,80,93040,买盘
915,13:56:39,11.63,--,82,95366,买盘
916,13:56:36,11.63,0.01,73,84899,买盘
917,13:56:33,11.62,--,7,8133,卖盘
918,13:56:27,11.62,--,35,40670,卖盘
919,13:56:24,11.62,0.02,86,99932,买盘
920,13:56:18,11.6,--,44,51040,买盘
921,13:56:15,11.6,-0.03,2957,3430120,卖盘
922,13:56:12,11.63,0.01,36,41868,买盘
923,13:56:09,11.62,--,5,5810,卖盘
924,13:56:06,11.62,-0.01,29,33698,卖盘
925,13:56:03,11.63,0.01,160,186080,买盘
926,13:56:00,11.62,-0.01,20,23240,卖盘
927,13:55:45,11.63,--,38,44194,买盘
928,13:55:42,11.63,0.01,12,13956,买盘
929,13:55:36,11.62,-0.01,20,23240,卖盘
930,13:55:27,11.63,--,2,2326,买盘
931,13:55:24,11.63,0.01,158,183754,买盘
932,13:55:21,11.62,-0.01,45,52290,卖盘
933,13:55:03,11.63,0.01,16,18608,买盘
934,13:55:00,11.62,-0.01,305,354410,卖盘
935,13:54:57,11.63,0.01,37,43031,买盘
936,13:54:54,11.62,-0.01,41,47642,卖盘
937,13:54:51,11.63,--,77,89551,买盘
938,13:54:48,11.63,--,28,32564,买盘
939,13:54:45,11.63,--,134,155842,买盘
940,13:54:36,11.63,--,10,11630,买盘
941,13:54:33,11.63,--,27,31401,买盘
942,13:54:30,11.63,--,82,95366,买盘
943,13:54:27,11.63,--,2,2326,买盘
944,13:54:24,11.63,-0.01,7,8141,卖盘
945,13:54:21,11.64,--,5,5820,买盘
946,13:54:09,11.64,--,182,211848,买盘
947,13:54:06,11.64,0.02,97,112908,买盘
948,13:54:03,11.62,--,7,8133,卖盘
949,13:54:00,11.62,-0.02,16,18592,卖盘
950,13:53:57,11.64,--,198,230472,买盘
951,13:53:51,11.64,0.01,55,64020,买盘
952,13:53:48,11.63,-0.01,24,27912,卖盘
953,13:53:45,11.64,--,2,2328,买盘
954,13:53:42,11.64,0.01,53,61692,买盘
955,13:53:36,11.63,-0.01,19,22097,卖盘
956,13:53:30,11.64,0.01,157,182748,买盘
957,13:53:27,11.63,-0.01,3,3489,卖盘
958,13:53:15,11.64,0.01,208,242112,买盘
959,13:53:06,11.63,-0.01,1,1163,中性盘
960,13:53:03,11.64,--,2,2328,买盘
961,13:53:00,11.64,--,2,2328,买盘
962,13:52:54,11.64,--,50,58200,买盘
963,13:52:51,11.64,0.01,200,232800,买盘
964,13:52:45,11.63,--,9,10467,买盘
965,13:52:42,11.63,--,1,1163,买盘
966,13:52:33,11.63,--,1,1163,卖盘
967,13:52:30,11.63,--,19,22097,卖盘
968,13:52:27,11.63,--,81,94203,卖盘
969,13:52:24,11.63,--,20,23260,卖盘
970,13:52:21,11.63,--,19,22097,卖盘
971,13:52:18,11.63,--,20,23260,卖盘
972,13:52:15,11.63,-0.01,110,127930,中性盘
973,13:52:12,11.64,0.01,89,103596,买盘
974,13:52:09,11.63,--,19,22097,卖盘
975,13:52:06,11.63,-0.01,39,45357,卖盘
976,13:52:03,11.64,0.01,1,1164,买盘
977,13:52:00,11.63,--,11,12793,买盘
978,13:51:57,11.63,-0.01,9,10467,中性盘
979,13:51:48,11.64,0.01,47,54708,买盘
980,13:51:45,11.63,0.01,1,1163,买盘
981,13:51:42,11.62,-0.02,8,9296,卖盘
982,13:51:36,11.64,--,222,258408,买盘
983,13:51:33,11.64,--,15,17460,买盘
984,13:51:24,11.64,--,1,1164,买盘
985,13:51:18,11.64,0.02,19,22116,买盘
986,13:51:15,11.62,-0.02,19,22078,卖盘
987,13:51:12,11.64,--,70,81480,买盘
988,13:51:09,11.64,--,4,4656,买盘
989,13:51:03,11.64,--,66,76824,买盘
990,13:51:00,11.64,0.01,190,221160,买盘
991,13:50:57,11.63,0.01,102,118626,买盘
992,13:50:48,11.62,-0.01,32,37184,卖盘
993,13:50:45,11.63,--,31,36053,买盘
994,13:50:42,11.63,--,51,59313,买盘
995,13:50:39,11.63,--,30,34890,买盘
996,13:50:36,11.63,--,10,11630,买盘
997,13:50:30,11.63,-0.01,26,30238,卖盘
998,13:50:27,11.64,--,7,8148,买盘
999,13:50:24,11.64,0.01,199,231636,买盘
1000,13:50:21,11.63,--,68,79084,买盘
1001,13:50:18,11.63,--,190,220970,买盘
1002,13:50:09,11.63,-0.01,5,5815,卖盘
1003,13:50:03,11.64,--,1,1164,买盘
1004,13:50:00,11.64,--,39,45396,买盘
1005,13:49:57,11.64,0.01,68,79152,买盘
1006,13:49:54,11.63,--,22,25586,卖盘
1007,13:49:51,11.63,--,20,23260,卖盘
1008,13:49:48,11.63,--,29,33727,卖盘
1009,13:49:45,11.63,-0.01,35,40705,卖盘
1010,13:49:42,11.64,--,80,93120,买盘
1011,13:49:39,11.64,--,125,145500,买盘
1012,13:49:36,11.64,0.01,31,36084,买盘
1013,13:49:33,11.63,--,24,27912,卖盘
1014,13:49:30,11.63,--,96,111648,卖盘
1015,13:49:27,11.63,--,19,22097,卖盘
1016,13:49:24,11.63,--,26,30238,卖盘
1017,13:49:21,11.63,--,29,33727,卖盘
1018,13:49:18,11.63,--,43,50009,卖盘
1019,13:49:15,11.63,--,19,22097,卖盘
1020,13:49:12,11.63,-0.01,19,22097,卖盘
1021,13:49:09,11.64,--,44,51239,卖盘
1022,13:49:06,11.64,--,52,61668,买盘
1023,13:49:03,11.64,0.01,186,216527,买盘
1024,13:49:00,11.63,--,20,23260,卖盘
1025,13:48:57,11.63,--,19,22097,卖盘
1026,13:48:54,11.63,--,38,44194,卖盘
1027,13:48:51,11.63,--,50,58150,卖盘
1028,13:48:48,11.63,--,42,48846,卖盘
1029,13:48:45,11.63,--,28,33703,卖盘
1030,13:48:42,11.63,--,85,98855,卖盘
1031,13:48:39,11.63,--,28,32564,卖盘
1032,13:48:36,11.63,--,20,23260,卖盘
1033,13:48:33,11.63,--,29,33727,卖盘
1034,13:48:30,11.63,--,64,74432,卖盘
1035,13:48:27,11.63,--,19,22097,卖盘
1036,13:48:24,11.63,--,195,226785,卖盘
1037,13:48:21,11.63,--,19,22097,卖盘
1038,13:48:18,11.63,--,77,89551,卖盘
1039,13:48:15,11.63,--,74,86062,卖盘
1040,13:48:12,11.63,--,45,52335,卖盘
1041,13:48:09,11.63,--,20,23260,卖盘
1042,13:48:06,11.63,--,19,22097,卖盘
1043,13:48:03,11.63,-0.01,25,29075,卖盘
1044,13:48:00,11.64,--,8,9312,买盘
1045,13:47:54,11.64,-0.01,20,23280,卖盘
1046,13:47:51,11.65,0.02,47,54755,买盘
1047,13:47:48,11.63,-0.02,86,100018,卖盘
1048,13:47:45,11.65,0.01,92,107180,买盘
1049,13:47:39,11.64,0.01,57,66348,买盘
1050,13:47:36,11.63,-0.01,30,34890,卖盘
1051,13:47:33,11.64,--,57,66348,卖盘
1052,13:47:30,11.64,--,29,33756,卖盘
1053,13:47:27,11.64,--,92,107088,卖盘
1054,13:47:24,11.64,--,73,84972,卖盘
1055,13:47:21,11.64,--,29,33756,卖盘
1056,13:47:18,11.64,--,35,40740,卖盘
1057,13:47:15,11.64,0.01,33,38412,卖盘
1058,13:47:12,11.63,-0.02,76,88388,卖盘
1059,13:47:09,11.65,0.01,117,136305,买盘
1060,13:47:06,11.64,--,48,55872,买盘
1061,13:47:03,11.64,--,56,66103,卖盘
1062,13:47:00,11.64,--,9,10720,买盘
1063,13:46:57,11.64,--,6,6984,买盘
1064,13:46:51,11.64,--,1,1164,买盘
1065,13:46:48,11.64,--,16,18624,买盘
1066,13:46:42,11.64,0.01,10,11640,买盘
1067,13:46:39,11.63,-0.01,53,62557,卖盘
1068,13:46:36,11.64,0.01,13,15376,买盘
1069,13:46:33,11.63,-0.01,25,29075,卖盘
1070,13:46:30,11.64,--,163,189732,买盘
1071,13:46:27,11.64,--,7,8148,买盘
1072,13:46:24,11.64,0.02,1,1164,买盘
1073,13:46:18,11.62,-0.02,6,6971,卖盘
1074,13:46:15,11.64,--,11,13723,买盘
1075,13:46:12,11.64,0.01,46,53544,买盘
1076,13:46:09,11.63,--,20,23260,卖盘
1077,13:46:06,11.63,--,40,46520,卖盘
1078,13:46:03,11.63,--,101,117463,卖盘
1079,13:46:00,11.63,--,10,11630,卖盘
1080,13:45:57,11.63,0.01,68,79328,买盘
1081,13:45:54,11.62,-0.01,15,17430,卖盘
1082,13:45:51,11.63,0.01,163,189569,买盘
1083,13:45:48,11.62,-0.01,169,196378,卖盘
1084,13:45:45,11.63,--,60,69780,买盘
1085,13:45:42,11.63,--,1,1163,买盘
1086,13:45:33,11.63,0.01,1,1163,买盘
1087,13:45:30,11.62,-0.01,31,36719,卖盘
1088,13:45:24,11.63,--,2,2326,买盘
1089,13:45:21,11.63,--,63,73269,买盘
1090,13:45:12,11.63,--,158,183754,买盘
1091,13:45:03,11.63,--,3,3489,买盘
1092,13:45:00,11.63,--,172,200036,买盘
1093,13:44:57,11.63,-0.01,1530,1779424,卖盘
1094,13:44:54,11.64,--,51,59387,买盘
1095,13:44:51,11.64,--,346,402744,买盘
1096,13:44:48,11.64,0.01,64,74496,买盘
1097,13:44:45,11.63,-0.01,310,360530,卖盘
1098,13:44:42,11.64,--,7,8148,买盘
1099,13:44:39,11.64,--,11,12804,买盘
1100,13:44:36,11.64,--,102,118728,买盘
1101,13:44:33,11.64,--,60,69840,买盘
1102,13:44:30,11.64,--,58,67512,买盘
1103,13:44:27,11.64,--,2,2328,买盘
1104,13:44:24,11.64,--,2,2328,买盘
1105,13:44:21,11.64,--,16,18624,买盘
1106,13:44:18,11.64,0.01,29,33756,买盘
1107,13:44:12,11.63,--,11,12793,卖盘
1108,13:44:09,11.63,-0.01,40,46520,卖盘
1109,13:44:06,11.64,--,47,54708,买盘
1110,13:44:03,11.64,--,25,29100,买盘
1111,13:44:00,11.64,--,1,1164,买盘
1112,13:43:57,11.64,0.01,166,193224,买盘
1113,13:43:54,11.63,--,5,5815,卖盘
1114,13:43:48,11.63,-0.01,7,8141,卖盘
1115,13:43:42,11.64,0.01,26,30264,买盘
1116,13:43:39,11.63,--,56,66232,买盘
1117,13:43:30,11.63,0.01,111,129093,买盘
1118,13:43:24,11.62,-0.01,17,19754,卖盘
1119,13:43:21,11.63,--,11,12793,买盘
1120,13:43:18,11.63,--,177,205851,买盘
1121,13:43:15,11.63,0.01,48,55824,买盘
1122,13:43:12,11.62,-0.01,4,4648,卖盘
1123,13:43:06,11.63,--,16,18608,买盘
1124,13:43:03,11.63,0.01,21,24423,买盘
1125,13:43:00,11.62,-0.01,5,5810,中性盘
1126,13:42:57,11.63,--,9,10467,买盘
1127,13:42:54,11.63,--,4,4652,买盘
1128,13:42:51,11.63,0.01,58,67454,买盘
1129,13:42:48,11.62,-0.01,217,252153,卖盘
1130,13:42:42,11.63,--,41,47683,买盘
1131,13:42:39,11.63,--,125,145375,买盘
1132,13:42:27,11.63,0.01,7,8141,买盘
1133,13:42:24,11.62,--,49,56937,买盘
1134,13:42:21,11.62,0.02,1,1162,买盘
1135,13:42:18,11.6,-0.02,19,22040,卖盘
1136,13:42:12,11.62,--,9,10458,卖盘
1137,13:42:09,11.62,--,29,33698,卖盘
1138,13:42:06,11.62,--,19,22078,卖盘
1139,13:42:03,11.62,-0.01,151,175462,卖盘
1140,13:42:00,11.63,0.01,51,59313,买盘
1141,13:41:54,11.62,--,102,118523,卖盘
1142,13:41:51,11.62,--,10,11620,卖盘
1143,13:41:48,11.62,-0.01,49,56937,买盘
1144,13:41:45,11.63,0.03,1,1163,买盘
1145,13:41:42,11.6,-0.03,21,24360,卖盘
1146,13:41:36,11.63,--,73,84899,买盘
1147,13:41:24,11.63,0.04,164,190732,买盘
1148,13:41:18,11.59,-0.03,213,246867,卖盘
1149,13:41:15,11.62,--,30,34860,卖盘
1150,13:41:12,11.62,--,27,31373,卖盘
1151,13:41:09,11.62,--,163,189406,买盘
1152,13:41:06,11.62,--,1,1162,买盘
1153,13:41:03,11.62,--,2,2324,买盘
1154,13:40:57,11.62,--,3,3485,买盘
1155,13:40:54,11.62,0.03,35,40670,买盘
1156,13:40:51,11.59,--,1,1159,卖盘
1157,13:40:48,11.59,-0.04,264,305976,卖盘
1158,13:40:45,11.63,--,296,344248,买盘
1159,13:40:42,11.63,0.01,23,26749,买盘
1160,13:40:39,11.62,--,19,22078,卖盘
1161,13:40:36,11.62,--,29,33698,卖盘
1162,13:40:33,11.62,--,115,133630,卖盘
1163,13:40:30,11.62,--,12,13943,买盘
1164,13:40:24,11.62,--,9,10458,卖盘
1165,13:40:21,11.62,--,3207,3726592,卖盘
1166,13:40:18,11.62,--,29,33698,卖盘
1167,13:40:15,11.62,--,24,27887,卖盘
1168,13:40:12,11.62,--,10,11620,卖盘
1169,13:40:09,11.62,--,1919,2229878,买盘
1170,13:40:06,11.62,--,49,56937,买盘
1171,13:40:03,11.62,0.01,5,5810,买盘
1172,13:40:00,11.61,--,129,149769,卖盘
1173,13:39:57,11.61,-0.01,54,62694,卖盘
1174,13:39:54,11.62,--,164,190568,买盘
1175,13:39:51,11.62,0.01,53,61585,买盘
1176,13:39:48,11.61,-0.01,475,551475,卖盘
1177,13:39:45,11.62,--,5,5810,买盘
1178,13:39:42,11.62,0.01,185,214970,买盘
1179,13:39:39,11.61,--,9,10449,卖盘
1180,13:39:36,11.61,-0.01,41,47601,卖盘
1181,13:39:33,11.62,--,7,8133,买盘
1182,13:39:30,11.62,0.01,321,373002,买盘
1183,13:39:27,11.61,--,11,12771,卖盘
1184,13:39:24,11.61,--,136,158998,卖盘
1185,13:39:21,11.61,-0.01,31,35991,卖盘
1186,13:39:18,11.62,--,13,15105,买盘
1187,13:39:15,11.62,--,168,195216,买盘
1188,13:39:12,11.62,--,393,456665,卖盘
1189,13:39:09,11.62,--,24,27887,卖盘
1190,13:39:06,11.62,-0.01,73,84826,卖盘
1191,13:39:03,11.63,--,2,2326,买盘
1192,13:39:00,11.63,--,3,3489,买盘
1193,13:38:51,11.63,0.01,169,196547,买盘
1194,13:38:48,11.62,--,56,65071,卖盘
1195,13:38:45,11.62,-0.01,11,12782,卖盘
1196,13:38:39,11.63,0.01,70,81410,买盘
1197,13:38:33,11.62,-0.01,23,26726,卖盘
1198,13:38:24,11.63,0.01,8,9304,买盘
1199,13:38:21,11.62,--,1,1162,卖盘
1200,13:38:18,11.62,-0.01,29,33698,卖盘
1201,13:38:15,11.63,--,75,87225,买盘
1202,13:38:12,11.63,0.01,162,188406,买盘
1203,13:38:06,11.62,-0.01,64,74368,卖盘
1204,13:38:03,11.63,0.01,2,2326,买盘
1205,13:38:00,11.62,-0.01,315,366030,卖盘
1206,13:37:57,11.63,0.01,21,24423,买盘
1207,13:37:54,11.62,-0.01,5,5810,卖盘
1208,13:37:51,11.63,0.01,76,88388,买盘
1209,13:37:48,11.62,-0.01,17,19754,卖盘
1210,13:37:42,11.63,0.01,5,5815,卖盘
1211,13:37:39,11.62,-0.02,23,26726,卖盘
1212,13:37:36,11.64,--,73,84972,买盘
1213,13:37:33,11.64,0.01,148,172272,买盘
1214,13:37:24,11.63,--,75,87225,买盘
1215,13:37:21,11.63,--,21,24423,卖盘
1216,13:37:18,11.63,--,19,22097,卖盘
1217,13:37:15,11.63,0.01,20,23260,买盘
1218,13:37:09,11.62,-0.01,126,146412,卖盘
1219,13:37:03,11.63,--,82,95366,卖盘
1220,13:37:00,11.63,--,27,31401,买盘
1221,13:36:57,11.63,--,128,148864,买盘
1222,13:36:54,11.63,--,28,32564,买盘
1223,13:36:51,11.63,0.01,50,58150,买盘
1224,13:36:48,11.62,--,2,2324,卖盘
1225,13:36:45,11.62,--,10,11620,卖盘
1226,13:36:42,11.62,-0.01,20,23240,卖盘
1227,13:36:39,11.63,0.01,20,23260,买盘
1228,13:36:36,11.62,--,83,96446,卖盘
1229,13:36:33,11.62,-0.01,6,6971,卖盘
1230,13:36:24,11.63,0.01,12,13956,买盘
1231,13:36:21,11.62,-0.01,5,5810,卖盘
1232,13:36:18,11.63,0.01,218,253534,买盘
1233,13:36:15,11.62,-0.01,30,34860,卖盘
1234,13:36:12,11.63,--,5,5815,买盘
1235,13:36:09,11.63,--,70,81410,买盘
1236,13:36:06,11.63,--,15,17445,买盘
1237,13:36:03,11.63,--,1,1163,买盘
1238,13:35:54,11.63,-0.01,6,6978,买盘
1239,13:35:51,11.64,--,1,1164,买盘
1240,13:35:45,11.64,0.02,89,103596,买盘
1241,13:35:42,11.62,--,20,23240,卖盘
1242,13:35:39,11.62,--,935,1086470,卖盘
1243,13:35:36,11.62,--,30,34860,卖盘
1244,13:35:33,11.62,--,19,22078,卖盘
1245,13:35:30,11.62,--,20,23240,卖盘
1246,13:35:27,11.62,--,41,47642,卖盘
1247,13:35:24,11.62,--,21,24402,卖盘
1248,13:35:21,11.62,--,376,436911,卖盘
1249,13:35:18,11.62,--,30,34860,卖盘
1250,13:35:15,11.62,-0.01,29,33698,卖盘
1251,13:35:12,11.63,0.01,70,81410,买盘
1252,13:35:09,11.62,-0.01,29,33698,卖盘
1253,13:35:06,11.63,0.01,90,104670,买盘
1254,13:35:03,11.62,-0.01,186,216132,卖盘
1255,13:35:00,11.63,0.01,133,154679,买盘
1256,13:34:57,11.62,-0.01,69,80178,卖盘
1257,13:34:54,11.63,0.01,158,183754,买盘
1258,13:34:51,11.62,--,32,37184,卖盘
1259,13:34:48,11.62,--,43,49966,卖盘
1260,13:34:45,11.62,-0.01,20,23240,卖盘
1261,13:34:42,11.63,0.01,180,209340,买盘
1262,13:34:39,11.62,--,29,33698,卖盘
1263,13:34:36,11.62,--,19,22078,卖盘
1264,13:34:33,11.62,--,19,22078,卖盘
1265,13:34:30,11.62,--,160,185920,卖盘
1266,13:34:27,11.62,--,29,33698,卖盘
1267,13:34:24,11.62,--,27,31373,卖盘
1268,13:34:21,11.62,--,20,23240,卖盘
1269,13:34:18,11.62,--,212,246343,卖盘
1270,13:34:15,11.62,--,43,49966,卖盘
1271,13:34:12,11.62,--,28,32535,卖盘
1272,13:34:09,11.62,--,25,29049,卖盘
1273,13:34:06,11.62,--,127,147574,卖盘
1274,13:34:03,11.62,--,30,34860,卖盘
1275,13:34:00,11.62,--,28,32535,卖盘
1276,13:33:57,11.62,--,19,22078,卖盘
1277,13:33:54,11.62,--,29,33698,卖盘
1278,13:33:51,11.62,--,45,52290,卖盘
1279,13:33:48,11.62,--,40,46480,卖盘
1280,13:33:45,11.62,--,334,388108,卖盘
1281,13:33:42,11.62,-0.01,22,25564,卖盘
1282,13:33:39,11.63,0.01,220,255860,买盘
1283,13:33:36,11.62,--,561,651882,卖盘
1284,13:33:33,11.62,--,35,40670,卖盘
1285,13:33:30,11.62,--,19,22078,卖盘
1286,13:33:27,11.62,-0.01,184,213808,卖盘
1287,13:33:24,11.63,0.01,59,68617,买盘
1288,13:33:18,11.62,--,6,6971,卖盘
1289,13:33:15,11.62,--,96,111551,卖盘
1290,13:33:12,11.62,--,19,22078,卖盘
1291,13:33:09,11.62,-0.01,38,44156,卖盘
1292,13:33:06,11.63,--,1,1163,买盘
1293,13:33:03,11.63,--,14,16282,买盘
1294,13:33:00,11.63,0.01,20,23260,买盘
1295,13:32:57,11.62,--,87,101094,卖盘
1296,13:32:51,11.62,--,53,61585,买盘
1297,13:32:48,11.62,--,92,106904,买盘
1298,13:32:45,11.62,0.01,1,1162,买盘
1299,13:32:42,11.61,-0.01,7,8127,卖盘
1300,13:32:39,11.62,--,18,20916,卖盘
1301,13:32:36,11.62,--,21,24402,卖盘
1302,13:32:33,11.62,-0.01,24,27887,中性盘
1303,13:32:24,11.63,0.01,72,83736,买盘
1304,13:32:21,11.62,--,19,22078,卖盘
1305,13:32:18,11.62,--,32,37184,卖盘
1306,13:32:15,11.62,--,23,26726,卖盘
1307,13:32:12,11.62,-0.01,87,101094,中性盘
1308,13:32:06,11.63,0.01,138,160494,买盘
1309,13:32:03,11.62,--,4,4648,买盘
1310,13:32:00,11.62,--,50,58099,买盘
1311,13:31:54,11.62,--,5,5810,买盘
1312,13:31:51,11.62,-0.01,69,80178,卖盘
1313,13:31:48,11.63,0.02,39,45357,买盘
1314,13:31:45,11.61,-0.02,30,34830,卖盘
1315,13:31:42,11.63,0.01,30,34890,买盘
1316,13:31:39,11.62,--,10,11620,卖盘
1317,13:31:36,11.62,--,186,216132,买盘
1318,13:31:24,11.62,--,6,6971,买盘
1319,13:31:21,11.62,--,30,34860,买盘
1320,13:31:18,11.62,--,91,105742,买盘
1321,13:31:12,11.62,--,57,66234,买盘
1322,13:31:03,11.62,0.01,1,1162,买盘
1323,13:31:00,11.61,-0.01,50,58050,卖盘
1324,13:30:57,11.62,0.01,161,187082,买盘
1325,13:30:48,11.61,-0.01,12,13932,卖盘
1326,13:30:45,11.62,0.01,25,29049,买盘
1327,13:30:42,11.61,-0.01,20,23220,卖盘
1328,13:30:39,11.62,-0.01,20,23240,买盘
1329,13:30:36,11.63,--,5,5815,买盘
1330,13:30:30,11.63,--,1,1163,买盘
1331,13:30:27,11.63,--,2,2326,买盘
1332,13:30:24,11.63,--,8,9304,买盘
1333,13:30:21,11.63,0.02,337,391931,买盘
1334,13:30:18,11.61,0.01,205,238005,买盘
1335,13:30:09,11.6,--,5,5800,卖盘
1336,13:30:06,11.6,-0.01,25,29000,卖盘
1337,13:30:03,11.61,-0.01,7,8127,中性盘
1338,13:29:57,11.62,0.01,73,84826,买盘
1339,13:29:54,11.61,--,220,256557,卖盘
1340,13:29:48,11.61,-0.01,76,88236,卖盘
1341,13:29:42,11.62,0.01,158,183596,买盘
1342,13:29:36,11.61,--,43,49923,卖盘
1343,13:29:33,11.61,-0.01,50,58050,卖盘
1344,13:29:30,11.62,0.01,74,85988,买盘
1345,13:29:27,11.61,-0.01,159,184599,卖盘
1346,13:29:24,11.62,0.01,1,1162,买盘
1347,13:29:18,11.61,--,45,52245,卖盘
1348,13:29:12,11.61,--,41,47601,卖盘
1349,13:29:09,11.61,-0.01,1,1161,卖盘
1350,13:29:06,11.62,0.01,81,94145,买盘
1351,13:29:03,11.61,-0.01,37,44094,卖盘
1352,13:29:00,11.62,0.01,50,58099,买盘
1353,13:28:57,11.61,--,26,30186,卖盘
1354,13:28:51,11.61,--,69,80109,卖盘
1355,13:28:48,11.61,-0.01,31,35991,卖盘
1356,13:28:45,11.62,--,1,1162,买盘
1357,13:28:42,11.62,0.01,73,84826,买盘
1358,13:28:39,11.61,--,10,11610,卖盘
1359,13:28:33,11.61,--,5,5805,卖盘
1360,13:28:27,11.61,-0.01,114,132354,卖盘
1361,13:28:24,11.62,0.01,1,1162,买盘
1362,13:28:21,11.61,--,11,12771,卖盘
1363,13:28:18,11.61,-0.01,13,15093,卖盘
1364,13:28:15,11.62,0.01,72,83664,买盘
1365,13:28:12,11.61,--,5,5805,卖盘
1366,13:28:03,11.61,--,21,24381,卖盘
1367,13:28:00,11.61,--,168,195048,卖盘
1368,13:27:57,11.61,-0.01,55,63855,卖盘
1369,13:27:51,11.62,--,52,60423,买盘
1370,13:27:48,11.62,--,20,23240,买盘
1371,13:27:45,11.62,0.01,1,1162,买盘
1372,13:27:39,11.61,-0.01,5,5805,卖盘
1373,13:27:36,11.62,--,10,11620,卖盘
1374,13:27:33,11.62,--,56,65071,卖盘
1375,13:27:30,11.62,--,17,19754,卖盘
1376,13:27:27,11.62,--,69,80178,卖盘
1377,13:27:24,11.62,--,12,13943,卖盘
1378,13:27:18,11.62,--,16,18592,卖盘
1379,13:27:15,11.62,-0.01,10,11620,卖盘
1380,13:27:09,11.63,--,10,11630,买盘
1381,13:27:03,11.63,0.01,18,20934,买盘
1382,13:27:00,11.62,-0.01,56,65071,卖盘
1383,13:26:54,11.63,--,55,63965,买盘
1384,13:26:51,11.63,0.01,2,2326,买盘
1385,13:26:48,11.62,--,50,58099,卖盘
1386,13:26:45,11.62,--,20,23240,卖盘
1387,13:26:39,11.62,-0.01,2,2324,卖盘
1388,13:26:36,11.63,0.01,51,59313,买盘
1389,13:26:27,11.62,-0.01,20,23240,卖盘
1390,13:26:24,11.63,--,1,1163,买盘
1391,13:26:21,11.63,0.02,123,143049,买盘
1392,13:26:18,11.61,-0.01,12,13932,卖盘
1393,13:26:12,11.62,--,58,67396,买盘
1394,13:26:06,11.62,--,100,116199,买盘
1395,13:26:03,11.62,0.01,1,1162,买盘
1396,13:26:00,11.61,-0.01,25,29025,卖盘
1397,13:25:51,11.62,--,7,8133,买盘
1398,13:25:45,11.62,--,49,56937,买盘
1399,13:25:42,11.62,--,31,36022,买盘
1400,13:25:39,11.62,--,200,232399,买盘
1401,13:25:27,11.62,--,11,12782,买盘
1402,13:25:24,11.62,--,1,1162,买盘
1403,13:25:21,11.62,0.01,68,79016,买盘
1404,13:25:18,11.61,--,7,8127,卖盘
1405,13:25:15,11.61,-0.01,5,5805,卖盘
1406,13:25:03,11.62,0.01,1,1162,买盘
1407,13:25:00,11.61,--,20,23220,卖盘
1408,13:24:57,11.61,--,92,106812,卖盘
1409,13:24:54,11.61,--,40,46440,卖盘
1410,13:24:51,11.61,-0.01,19,22059,卖盘
1411,13:24:48,11.62,0.01,239,277718,买盘
1412,13:24:45,11.61,--,30,34830,卖盘
1413,13:24:42,11.61,--,19,22059,卖盘
1414,13:24:39,11.61,--,25,29025,卖盘
1415,13:24:36,11.61,--,20,23220,卖盘
1416,13:24:33,11.61,-0.01,28,32508,卖盘
1417,13:24:30,11.62,0.01,66,76692,买盘
1418,13:24:24,11.61,--,6,6966,卖盘
1419,13:24:18,11.61,-0.01,36,41796,卖盘
1420,13:24:15,11.62,--,2,2324,买盘
1421,13:24:12,11.62,--,43,49966,卖盘
1422,13:24:09,11.62,--,21,24402,卖盘
1423,13:24:06,11.62,--,118,137116,卖盘
1424,13:24:03,11.62,--,23,26726,买盘
1425,13:24:00,11.62,--,187,217293,卖盘
1426,13:23:57,11.62,--,40,46480,卖盘
1427,13:23:54,11.62,0.01,308,357896,买盘
1428,13:23:51,11.61,--,29,33669,卖盘
1429,13:23:48,11.61,--,21,24381,卖盘
1430,13:23:45,11.61,--,29,33669,卖盘
1431,13:23:42,11.61,--,98,113778,卖盘
1432,13:23:39,11.61,--,40,46440,卖盘
1433,13:23:36,11.61,--,69,80109,卖盘
1434,13:23:33,11.61,--,20,23220,卖盘
1435,13:23:30,11.61,--,29,33669,卖盘
1436,13:23:27,11.61,--,19,22059,卖盘
1437,13:23:24,11.61,--,36,41796,卖盘
1438,13:23:21,11.61,--,34,39474,卖盘
1439,13:23:18,11.61,-0.01,25,29025,卖盘
1440,13:23:15,11.62,--,65,75530,买盘
1441,13:23:03,11.62,0.01,9,10458,买盘
1442,13:22:57,11.61,-0.01,9,10449,卖盘
1443,13:22:51,11.62,--,45,52290,买盘
1444,13:22:48,11.62,--,24,27887,买盘
1445,13:22:45,11.62,--,4,4648,买盘
1446,13:22:42,11.62,--,22,25564,卖盘
1447,13:22:39,11.62,--,19,22078,卖盘
1448,13:22:36,11.62,-0.01,20,23240,卖盘
1449,13:22:33,11.63,--,1,1163,买盘
1450,13:22:27,11.63,0.01,55,63965,买盘
1451,13:22:24,11.62,--,35,40670,卖盘
1452,13:22:21,11.62,--,20,23240,卖盘
1453,13:22:18,11.62,--,21,24402,买盘
1454,13:22:15,11.62,--,4,4648,买盘
1455,13:22:12,11.62,--,13,15105,买盘
1456,13:22:03,11.62,--,25,29049,卖盘
1457,13:22:00,11.62,0.01,50,58123,买盘
1458,13:21:57,11.61,--,6,6966,卖盘
1459,13:21:54,11.61,-0.01,10,11610,卖盘
1460,13:21:51,11.62,0.01,5,5810,买盘
1461,13:21:48,11.61,-0.01,23,26703,卖盘
1462,13:21:42,11.62,--,1,1162,买盘
1463,13:21:39,11.62,--,12,13943,卖盘
1464,13:21:36,11.62,--,64,74368,买盘
1465,13:21:33,11.62,0.01,38,44156,买盘
1466,13:21:30,11.61,--,19,22059,卖盘
1467,13:21:27,11.61,-0.01,34,39474,卖盘
1468,13:21:24,11.62,0.01,520,604240,买盘
1469,13:21:21,11.61,--,25,29025,卖盘
1470,13:21:18,11.61,--,52,60372,卖盘
1471,13:21:15,11.61,--,24,27864,卖盘
1472,13:21:12,11.61,0.01,5,5805,买盘
1473,13:21:09,11.6,-0.01,37,42920,卖盘
1474,13:21:06,11.61,-0.01,2,2322,卖盘
1475,13:21:03,11.62,0.01,1,1162,买盘
1476,13:20:57,11.61,--,8,9288,买盘
1477,13:20:54,11.61,--,1,1161,买盘
1478,13:20:51,11.61,--,30,34830,卖盘
1479,13:20:48,11.61,-0.01,67,77787,卖盘
1480,13:20:45,11.62,0.02,273,317226,买盘
1481,13:20:36,11.6,--,5,5800,卖盘
1482,13:20:33,11.6,-0.01,41,47560,卖盘
1483,13:20:30,11.61,--,69,80109,买盘
1484,13:20:27,11.61,--,2,2322,买盘
1485,13:20:24,11.61,--,11,12771,买盘
1486,13:20:21,11.61,0.01,43,49923,买盘
1487,13:20:18,11.6,-0.01,6,6960,卖盘
1488,13:20:15,11.61,--,50,58050,买盘
1489,13:20:06,11.61,0.01,100,116100,买盘
1490,13:20:03,11.6,-0.01,10,11600,卖盘
1491,13:20:00,11.61,--,1,1161,买盘
1492,13:19:57,11.61,0.01,58,67338,买盘
1493,13:19:54,11.6,--,2,2320,卖盘
1494,13:19:51,11.6,0.01,10,11600,买盘
1495,13:19:48,11.59,-0.01,17,19703,卖盘
1496,13:19:45,11.6,--,1,1160,买盘
1497,13:19:42,11.6,--,17,19720,买盘
1498,13:19:39,11.6,--,1,1160,买盘
1499,13:19:36,11.6,--,6,6960,买盘
1500,13:19:33,11.6,--,16,18560,买盘
1501,13:19:30,11.6,0.01,69,80040,买盘
1502,13:19:27,11.59,--,9,10431,卖盘
1503,13:19:24,11.59,-0.01,20,23180,卖盘
1504,13:19:21,11.6,0.01,1,1160,买盘
1505,13:19:18,11.59,-0.01,5,5795,卖盘
1506,13:19:12,11.6,0.01,1,1160,买盘
1507,13:19:09,11.59,--,10,11590,卖盘
1508,13:19:06,11.59,--,35,40565,买盘
1509,13:19:03,11.59,--,78,90402,买盘
1510,13:19:00,11.59,--,70,81130,卖盘
1511,13:18:57,11.59,--,223,258457,卖盘
1512,13:18:54,11.59,--,62,71858,卖盘
1513,13:18:51,11.59,-0.02,72,83448,卖盘
1514,13:18:48,11.61,--,11,12771,买盘
1515,13:18:45,11.61,0.01,21,24381,买盘
1516,13:18:42,11.6,--,58,67280,买盘
1517,13:18:36,11.6,--,3,3480,买盘
1518,13:18:33,11.6,--,5,5800,买盘
1519,13:18:27,11.6,0.01,1,1160,买盘
1520,13:18:24,11.59,--,131,151829,卖盘
1521,13:18:21,11.59,-0.01,16,18544,卖盘
1522,13:18:18,11.6,-0.01,36,41760,卖盘
1523,13:18:15,11.61,0.01,37,42957,买盘
1524,13:18:09,11.6,--,21,24360,卖盘
1525,13:18:06,11.6,--,34,39440,买盘
1526,13:18:03,11.6,0.01,1,1160,买盘
1527,13:17:57,11.59,-0.01,5,5795,卖盘
1528,13:17:51,11.6,0.01,55,63800,买盘
1529,13:17:48,11.59,-0.01,9,10431,卖盘
1530,13:17:45,11.6,--,50,58000,买盘
1531,13:17:42,11.6,--,1,1160,买盘
1532,13:17:39,11.6,0.01,7,8120,买盘
1533,13:17:36,11.59,--,117,135603,买盘
1534,13:17:33,11.59,--,1,1159,买盘
1535,13:17:30,11.59,--,1,1159,买盘
1536,13:17:27,11.59,--,36,41724,买盘
1537,13:17:24,11.59,--,51,59109,买盘
1538,13:17:18,11.59,-0.01,10,11590,卖盘
1539,13:17:15,11.6,--,50,58000,买盘
1540,13:17:06,11.6,--,1,1160,买盘
1541,13:17:03,11.6,--,4,4640,买盘
1542,13:17:00,11.6,0.01,73,84680,买盘
1543,13:16:57,11.59,-0.01,5,5795,卖盘
1544,13:16:54,11.6,0.01,20,23200,买盘
1545,13:16:48,11.59,-0.01,21,24339,卖盘
1546,13:16:42,11.6,--,7,8120,买盘
1547,13:16:39,11.6,--,26,30160,买盘
1548,13:16:36,11.6,--,80,92800,买盘
1549,13:16:24,11.6,0.02,1,1160,买盘
1550,13:16:18,11.58,-0.02,15,17370,卖盘
1551,13:16:12,11.6,--,73,84680,买盘
1552,13:16:03,11.6,--,1,1160,买盘
1553,13:16:00,11.6,--,9,10440,买盘
1554,13:15:57,11.6,--,4,4640,买盘
1555,13:15:54,11.6,0.02,138,160080,买盘
1556,13:15:48,11.58,-0.02,10,11580,卖盘
1557,13:15:45,11.6,0.02,73,84680,买盘
1558,13:15:42,11.58,-0.02,6,6948,卖盘
1559,13:15:39,11.6,0.02,30,34800,买盘
1560,13:15:30,11.58,-0.02,27,31266,卖盘
1561,13:15:24,11.6,--,1,1160,买盘
1562,13:15:21,11.6,0.02,73,84680,买盘
1563,13:15:18,11.58,-0.02,2,2316,卖盘
1564,13:15:15,11.6,0.02,10,11600,买盘
1565,13:15:06,11.58,-0.02,5,5790,卖盘
1566,13:15:03,11.6,--,4,4640,买盘
1567,13:14:57,11.6,0.01,51,59160,买盘
1568,13:14:54,11.59,-0.01,33,38247,卖盘
1569,13:14:51,11.6,0.01,1,1160,买盘
1570,13:14:48,11.59,--,9,10431,卖盘
1571,13:14:45,11.59,-0.01,3,3477,卖盘
1572,13:14:42,11.6,0.01,21,24360,买盘
1573,13:14:30,11.59,--,7,8113,买盘
1574,13:14:24,11.59,--,1,1159,买盘
1575,13:14:21,11.59,0.01,6,6954,买盘
1576,13:14:18,11.58,--,9,10422,卖盘
1577,13:14:12,11.58,-0.01,23,26634,卖盘
1578,13:14:06,11.59,--,37,42883,买盘
1579,13:14:03,11.59,0.01,5,5795,买盘
1580,13:14:00,11.58,-0.01,5,5790,卖盘
1581,13:13:57,11.59,-0.01,125,144875,卖盘
1582,13:13:54,11.6,--,1,1160,买盘
1583,13:13:51,11.6,--,1,1160,买盘
1584,13:13:48,11.6,--,76,88160,买盘
1585,13:13:45,11.6,0.01,21,24360,买盘
1586,13:13:42,11.59,-0.01,54,62586,卖盘
1587,13:13:36,11.6,0.01,10,11600,买盘
1588,13:13:33,11.59,-0.01,5,5795,卖盘
1589,13:13:30,11.6,--,4,4640,买盘
1590,13:13:24,11.6,--,4,4640,买盘
1591,13:13:21,11.6,0.01,49,56840,买盘
1592,13:13:18,11.59,-0.01,19,22021,卖盘
1593,13:13:15,11.6,0.01,212,245920,买盘
1594,13:13:09,11.59,--,33,38247,卖盘
1595,13:13:06,11.59,--,32,37088,买盘
1596,13:13:03,11.59,--,2,2318,买盘
1597,13:13:00,11.59,0.01,20,23180,中性盘
1598,13:12:51,11.58,-0.01,82,94956,卖盘
1599,13:12:48,11.59,-0.01,85,98515,卖盘
1600,13:12:45,11.6,0.01,1,1160,买盘
1601,13:12:42,11.59,-0.01,1,1159,卖盘
1602,13:12:39,11.6,--,28,32480,买盘
1603,13:12:33,11.6,--,2,2320,买盘
1604,13:12:27,11.6,--,88,102080,买盘
1605,13:12:24,11.6,0.01,1,1160,买盘
1606,13:12:18,11.59,-0.01,4,4636,卖盘
1607,13:12:15,11.6,0.01,1,1160,买盘
1608,13:12:12,11.59,--,20,23180,卖盘
1609,13:12:09,11.59,-0.01,181,209779,卖盘
1610,13:12:03,11.6,--,4,4640,买盘
1611,13:12:00,11.6,0.01,85,98600,买盘
1612,13:11:54,11.59,--,20,23180,卖盘
1613,13:11:48,11.59,-0.01,5,5795,卖盘
1614,13:11:45,11.6,0.01,2,2320,买盘
1615,13:11:42,11.59,--,22,25498,卖盘
1616,13:11:36,11.59,0.01,14,16226,买盘
1617,13:11:33,11.58,-0.01,10,11580,卖盘
1618,13:11:24,11.59,0.01,1,1159,买盘
1619,13:11:18,11.58,-0.02,4,4632,卖盘
1620,13:11:15,11.6,--,1,1160,买盘
1621,13:11:12,11.6,--,29,33640,买盘
1622,13:11:09,11.6,0.01,16,18560,买盘
1623,13:11:03,11.59,--,81,93879,买盘
1624,13:11:00,11.59,0.01,2,2318,买盘
1625,13:10:48,11.58,--,2,2316,卖盘
1626,13:10:45,11.58,--,14,16212,买盘
1627,13:10:42,11.58,0.01,2,2316,买盘
1628,13:10:27,11.57,-0.02,5,5785,卖盘
1629,13:10:24,11.59,--,1,1159,买盘
1630,13:10:21,11.59,--,42,48678,买盘
1631,13:10:18,11.59,--,33,38247,买盘
1632,13:10:15,11.59,0.01,2,2318,买盘
1633,13:10:12,11.58,--,29,33582,卖盘
1634,13:10:09,11.58,--,5,5790,卖盘
1635,13:09:57,11.58,--,20,23160,卖盘
1636,13:09:54,11.58,0.01,14,16212,中性盘
1637,13:09:48,11.57,-0.02,40,46280,卖盘
1638,13:09:45,11.59,0.01,1,1159,买盘
1639,13:09:42,11.58,--,15,17370,卖盘
1640,13:09:39,11.58,--,20,23160,卖盘
1641,13:09:36,11.58,--,20,23160,卖盘
1642,13:09:33,11.58,--,20,23160,卖盘
1643,13:09:30,11.58,--,100,115800,卖盘
1644,13:09:27,11.58,--,20,23160,卖盘
1645,13:09:24,11.58,--,87,100746,卖盘
1646,13:09:21,11.58,--,29,33582,卖盘
1647,13:09:18,11.58,--,28,32424,卖盘
1648,13:09:15,11.58,--,22,25476,卖盘
1649,13:09:12,11.58,--,30,34740,卖盘
1650,13:09:09,11.58,--,50,57900,卖盘
1651,13:09:06,11.58,--,60,69480,卖盘
1652,13:09:03,11.58,--,30,34740,卖盘
1653,13:09:00,11.58,--,20,23160,卖盘
1654,13:08:57,11.58,--,19,22002,卖盘
1655,13:08:54,11.58,--,20,23160,卖盘
1656,13:08:51,11.58,--,28,32424,卖盘
1657,13:08:48,11.58,-0.01,5,5790,卖盘
1658,13:08:45,11.59,--,2,2318,买盘
1659,13:08:42,11.59,--,3,3477,买盘
1660,13:08:39,11.59,0.01,99,114741,买盘
1661,13:08:36,11.58,-0.01,20,23160,卖盘
1662,13:08:24,11.59,--,1,1159,买盘
1663,13:08:21,11.59,0.01,1,1159,买盘
1664,13:08:15,11.58,-0.01,69,79902,卖盘
1665,13:08:06,11.59,--,1,1159,买盘
1666,13:08:03,11.59,0.01,1,1159,买盘
1667,13:08:00,11.58,-0.01,5,5790,卖盘
1668,13:07:54,11.59,--,1,1159,买盘
1669,13:07:51,11.59,0.01,54,62586,买盘
1670,13:07:48,11.58,--,9,10422,卖盘
1671,13:07:45,11.58,-0.01,35,40530,卖盘
1672,13:07:42,11.59,0.01,3,3477,买盘
1673,13:07:30,11.58,--,19,22002,卖盘
1674,13:07:27,11.58,-0.01,10,11580,卖盘
1675,13:07:24,11.59,--,60,69540,买盘
1676,13:07:21,11.59,0.01,5,5795,买盘
1677,13:07:18,11.58,-0.01,6,6948,卖盘
1678,13:07:15,11.59,0.01,1,1159,买盘
1679,13:07:09,11.58,-0.01,13,15054,卖盘
1680,13:07:06,11.59,--,1,1159,买盘
1681,13:07:03,11.59,0.01,22,25498,买盘
1682,13:07:00,11.58,--,54,62532,买盘
1683,13:06:57,11.58,0.01,36,41688,买盘
1684,13:06:51,11.57,--,10,11570,卖盘
1685,13:06:48,11.57,-0.01,5,5785,卖盘
1686,13:06:45,11.58,0.01,1,1158,买盘
1687,13:06:42,11.57,--,2,2314,卖盘
1688,13:06:39,11.57,0.01,22,25454,卖盘
1689,13:06:36,11.56,--,94,108664,卖盘
1690,13:06:33,11.56,--,68,78608,卖盘
1691,13:06:30,11.56,-0.01,78,90168,卖盘
1692,13:06:27,11.57,--,23,26611,买盘
1693,13:06:24,11.57,0.01,2,2314,买盘
1694,13:06:21,11.56,-0.01,4,4624,卖盘
1695,13:06:15,11.57,0.01,1,1157,买盘
1696,13:06:12,11.56,--,41,47396,买盘
1697,13:06:09,11.56,--,73,84388,买盘
1698,13:06:06,11.56,--,1,1156,买盘
1699,13:06:03,11.56,0.01,1,1156,买盘
1700,13:06:00,11.55,-0.01,16,18480,卖盘
1701,13:05:57,11.56,--,15,17340,买盘
1702,13:05:54,11.56,--,8,9248,买盘
1703,13:05:51,11.56,--,24,27744,买盘
1704,13:05:48,11.56,--,47,54332,卖盘
1705,13:05:45,11.56,-0.01,72,83232,卖盘
1706,13:05:42,11.57,--,102,118014,买盘
1707,13:05:39,11.57,--,2,2314,买盘
1708,13:05:36,11.57,0.01,2,2314,买盘
1709,13:05:33,11.56,--,104,120224,卖盘
1710,13:05:30,11.56,-0.01,120,138720,卖盘
1711,13:05:27,11.57,0.01,100,115700,买盘
1712,13:05:24,11.56,-0.01,18,20808,卖盘
1713,13:05:21,11.57,--,71,82147,买盘
1714,13:05:18,11.57,0.01,125,144625,买盘
1715,13:05:12,11.56,-0.01,19,21964,卖盘
1716,13:05:06,11.57,--,123,142311,买盘
1717,13:05:03,11.57,--,24,27768,买盘
1718,13:05:00,11.57,--,2,2314,买盘
1719,13:04:57,11.57,--,106,122642,买盘
1720,13:04:54,11.57,--,72,83304,买盘
1721,13:04:51,11.57,0.02,186,215202,买盘
1722,13:04:45,11.55,-0.01,1,1155,卖盘
1723,13:04:42,11.56,--,73,84388,买盘
1724,13:04:39,11.56,0.01,5,5780,买盘
1725,13:04:36,11.55,-0.01,2,2310,卖盘
1726,13:04:33,11.56,-0.01,104,120224,卖盘
1727,13:04:30,11.57,--,68,78676,买盘
1728,13:04:27,11.57,--,15,17355,买盘
1729,13:04:24,11.57,0.01,9,10413,买盘
1730,13:04:21,11.56,--,1,1156,卖盘
1731,13:04:18,11.56,--,12,13872,买盘
1732,13:04:15,11.56,0.01,2,2312,买盘
1733,13:04:12,11.55,-0.02,1,1155,卖盘
1734,13:04:09,11.57,0.02,201,232557,买盘
1735,13:04:06,11.55,-0.02,2052,2370060,卖盘
1736,13:04:03,11.57,--,3,3471,买盘
1737,13:04:00,11.57,--,496,573872,买盘
1738,13:03:57,11.57,0.01,12,13884,买盘
1739,13:03:54,11.56,--,84,97104,卖盘
1740,13:03:51,11.56,-0.01,434,501704,卖盘
1741,13:03:48,11.57,--,20,23140,买盘
1742,13:03:45,11.57,--,1,1157,买盘
1743,13:03:42,11.57,--,1,1157,买盘
1744,13:03:39,11.57,--,74,85618,买盘
1745,13:03:36,11.57,0.01,1,1157,买盘
1746,13:03:30,11.56,--,21,24276,卖盘
1747,13:03:27,11.56,--,20,23120,买盘
1748,13:03:24,11.56,--,37,42772,买盘
1749,13:03:21,11.56,--,11,12716,买盘
1750,13:03:15,11.56,--,65,75140,买盘
1751,13:03:03,11.56,0.01,1,1156,买盘
1752,13:03:00,11.55,-0.01,1,1155,卖盘
1753,13:02:54,11.56,--,1,1156,买盘
1754,13:02:51,11.56,-0.01,40,46240,中性盘
1755,13:02:48,11.57,0.01,186,215202,买盘
1756,13:02:45,11.56,--,20,23120,买盘
1757,13:02:42,11.56,0.01,1,1156,买盘
1758,13:02:33,11.55,--,160,184800,买盘
1759,13:02:30,11.55,--,63,72765,买盘
1760,13:02:27,11.55,--,2,2310,买盘
1761,13:02:24,11.55,--,67,77385,买盘
1762,13:02:21,11.55,--,52,60060,买盘
1763,13:02:18,11.55,--,23,26565,买盘
1764,13:02:15,11.55,0.01,1,1155,买盘
1765,13:02:12,11.54,-0.01,5,5770,卖盘
1766,13:02:09,11.55,-0.02,1646,1901130,卖盘
1767,13:02:06,11.57,--,1,1157,买盘
1768,13:02:03,11.57,--,24,27768,买盘
1769,13:02:00,11.57,--,54,62478,买盘
1770,13:01:57,11.57,0.01,2,2314,买盘
1771,13:01:54,11.56,--,29,33524,买盘
1772,13:01:51,11.56,0.01,1,1156,买盘
1773,13:01:48,11.55,--,5,5775,卖盘
1774,13:01:45,11.55,-0.01,273,315315,卖盘
1775,13:01:42,11.56,0.01,201,232356,买盘
1776,13:01:39,11.55,-0.01,100,115500,卖盘
1777,13:01:36,11.56,0.01,83,95948,买盘
1778,13:01:33,11.55,-0.01,12,13860,卖盘
1779,13:01:30,11.56,--,59,68204,买盘
1780,13:01:27,11.56,--,226,261256,买盘
1781,13:01:24,11.56,--,2,2312,买盘
1782,13:01:18,11.56,--,10,11560,买盘
1783,13:01:15,11.56,--,42,48552,卖盘
1784,13:01:12,11.56,--,163,188428,买盘
1785,13:01:09,11.56,0.01,71,82076,买盘
1786,13:01:06,11.55,-0.01,5,5775,卖盘
1787,13:01:03,11.56,--,2,2312,买盘
1788,13:01:00,11.56,--,7,8092,买盘
1789,13:00:57,11.56,0.01,38,43928,买盘
1790,13:00:54,11.55,-0.01,1,1155,卖盘
1791,13:00:51,11.56,--,237,273972,买盘
1792,13:00:48,11.56,--,53,61268,买盘
1793,13:00:45,11.56,--,48,55488,买盘
1794,13:00:42,11.56,--,1,1156,买盘
1795,13:00:24,11.56,--,1,1156,买盘
1796,13:00:21,11.56,--,10,11560,买盘
1797,13:00:18,11.56,-0.01,556,642736,卖盘
1798,13:00:15,11.57,--,9,10413,买盘
1799,13:00:12,11.57,--,19,21983,买盘
1800,13:00:09,11.57,--,234,270738,买盘
1801,13:00:06,11.57,--,129,149253,买盘
1802,13:00:03,11.57,-0.02,4745,5490045,卖盘
1803,13:00:00,11.59,--,0,0,买盘
1804,11:30:00,11.59,--,1,1159,买盘
1805,11:29:54,11.59,--,74,85766,买盘
1806,11:29:51,11.59,0.01,3,3477,买盘
1807,11:29:45,11.58,-0.01,8,9264,卖盘
1808,11:29:42,11.59,--,1,1159,买盘
1809,11:29:30,11.59,--,76,88084,买盘
1810,11:29:24,11.59,--,10,11590,买盘
1811,11:29:15,11.59,--,3,3477,买盘
1812,11:29:09,11.59,-0.01,15,17385,卖盘
1813,11:29:06,11.6,--,79,91640,买盘
1814,11:29:03,11.6,--,78,90480,买盘
1815,11:28:57,11.6,0.02,38,44080,买盘
1816,11:28:54,11.58,-0.02,97,112326,卖盘
1817,11:28:51,11.6,--,13,15080,买盘
1818,11:28:48,11.6,0.01,20,23200,买盘
1819,11:28:45,11.59,-0.01,20,23180,卖盘
1820,11:28:42,11.6,--,1,1160,买盘
1821,11:28:39,11.6,--,54,62640,买盘
1822,11:28:24,11.6,--,1,1160,买盘
1823,11:28:21,11.6,--,43,49880,买盘
1824,11:28:15,11.6,--,52,60320,买盘
1825,11:28:12,11.6,--,30,34800,买盘
1826,11:28:06,11.6,--,100,116000,买盘
1827,11:28:03,11.6,--,13,15080,买盘
1828,11:28:00,11.6,0.01,8,9280,买盘
1829,11:27:57,11.59,-0.01,19,22021,卖盘
1830,11:27:54,11.6,--,20,23200,买盘
1831,11:27:51,11.6,0.01,65,75400,买盘
1832,11:27:45,11.59,-0.01,3,3477,卖盘
1833,11:27:42,11.6,--,101,117160,买盘
1834,11:27:36,11.6,--,38,44080,买盘
1835,11:27:30,11.6,--,30,34800,买盘
1836,11:27:24,11.6,0.01,52,60320,买盘
1837,11:27:21,11.59,-0.01,5,5795,卖盘
1838,11:27:18,11.6,--,18,20880,买盘
1839,11:27:15,11.6,--,102,118320,买盘
1840,11:27:09,11.6,--,10,11600,买盘
1841,11:27:03,11.6,--,1,1160,买盘
1842,11:27:00,11.6,--,90,104400,买盘
1843,11:26:57,11.6,--,10,11600,买盘
1844,11:26:54,11.6,--,49,56840,买盘
1845,11:26:51,11.6,0.01,17,19720,买盘
1846,11:26:48,11.59,-0.01,52,60268,卖盘
1847,11:26:42,11.6,--,18,20880,买盘
1848,11:26:36,11.6,--,69,80040,买盘
1849,11:26:27,11.6,--,9,10440,买盘
1850,11:26:24,11.6,--,1,1160,买盘
1851,11:26:15,11.6,--,40,46400,买盘
1852,11:26:12,11.6,--,10,11600,买盘
1853,11:26:09,11.6,--,71,82360,买盘
1854,11:26:06,11.6,--,5,5800,买盘
1855,11:26:03,11.6,--,2,2320,买盘
1856,11:25:51,11.6,-0.01,7,8120,卖盘
1857,11:25:48,11.61,0.01,24,27864,买盘
1858,11:25:45,11.6,-0.01,73,84680,卖盘
1859,11:25:42,11.61,0.01,1,1161,买盘
1860,11:25:39,11.6,0.01,54,62640,卖盘
1861,11:25:33,11.59,-0.02,19,22021,卖盘
1862,11:25:30,11.61,--,25,29025,买盘
1863,11:25:24,11.61,--,1,1161,买盘
1864,11:25:21,11.61,--,68,78948,买盘
1865,11:25:03,11.61,0.03,22,25542,买盘
1866,11:25:00,11.58,-0.03,27,31266,卖盘
1867,11:24:57,11.61,--,38,44118,买盘
1868,11:24:54,11.61,--,68,78948,买盘
1869,11:24:51,11.61,--,150,174150,买盘
1870,11:24:45,11.61,--,44,51084,买盘
1871,11:24:42,11.61,0.03,1,1161,买盘
1872,11:24:39,11.58,-0.02,3512,4066896,卖盘
1873,11:24:36,11.6,-0.01,57,66120,卖盘
1874,11:24:33,11.61,0.01,24,27864,买盘
1875,11:24:30,11.6,-0.01,192,222720,卖盘
1876,11:24:24,11.61,--,1,1161,买盘
1877,11:24:21,11.61,--,50,58050,买盘
1878,11:24:15,11.61,--,1,1161,买盘
1879,11:24:06,11.61,--,65,75465,买盘
1880,11:24:03,11.61,0.01,366,424926,买盘
1881,11:23:57,11.6,--,2,2784,卖盘
1882,11:23:51,11.6,--,19,22040,卖盘
1883,11:23:48,11.6,--,34,39440,卖盘
1884,11:23:45,11.6,-0.01,25,29000,卖盘
1885,11:23:42,11.61,0.01,20,23220,买盘
1886,11:23:39,11.6,--,96,111360,卖盘
1887,11:23:36,11.6,--,67,77720,卖盘
1888,11:23:30,11.6,--,19,22040,卖盘
1889,11:23:27,11.6,--,29,33640,卖盘
1890,11:23:18,11.6,-0.01,20,23200,卖盘
1891,11:23:15,11.61,0.01,66,76626,买盘
1892,11:23:09,11.6,-0.01,20,23200,卖盘
1893,11:23:03,11.61,--,13,15093,买盘
1894,11:23:00,11.61,--,4,4644,买盘
1895,11:22:54,11.61,--,68,78948,买盘
1896,11:22:51,11.61,--,65,75465,买盘
1897,11:22:45,11.61,--,56,65016,买盘
1898,11:22:42,11.61,--,1,1161,买盘
1899,11:22:36,11.61,--,6,6966,买盘
1900,11:22:30,11.61,--,200,232200,买盘
1901,11:22:24,11.61,--,106,123066,买盘
1902,11:22:21,11.61,0.01,77,89397,买盘
1903,11:22:18,11.6,-0.01,1,1160,卖盘
1904,11:22:15,11.61,--,38,44118,买盘
1905,11:22:09,11.61,--,3,3483,买盘
1906,11:22:03,11.61,--,2,2322,买盘
1907,11:22:00,11.61,--,72,83592,买盘
1908,11:21:51,11.61,--,2,2322,买盘
1909,11:21:48,11.61,0.01,4,4644,买盘
1910,11:21:45,11.6,-0.01,10,11600,卖盘
1911,11:21:42,11.61,--,135,156735,买盘
1912,11:21:39,11.61,--,61,70821,买盘
1913,11:21:36,11.61,--,63,73143,买盘
1914,11:21:24,11.61,--,2,2322,买盘
1915,11:21:12,11.61,--,114,132354,买盘
1916,11:21:09,11.61,--,59,68499,买盘
1917,11:21:03,11.61,--,2,2322,买盘
1918,11:20:57,11.61,0.01,38,44118,买盘
1919,11:20:51,11.6,-0.01,13,15080,卖盘
1920,11:20:45,11.61,--,42,48762,买盘
1921,11:20:42,11.61,--,106,123066,买盘
1922,11:20:39,11.61,0.01,78,90558,买盘
1923,11:20:36,11.6,--,19,22040,卖盘
1924,11:20:30,11.6,-0.01,20,23200,卖盘
1925,11:20:24,11.61,--,9,10449,买盘
1926,11:20:21,11.61,0.01,42,48762,买盘
1927,11:20:15,11.6,--,96,111360,卖盘
1928,11:20:09,11.6,--,4,4640,卖盘
1929,11:20:06,11.6,--,5,5800,卖盘
1930,11:20:03,11.6,--,11,12760,卖盘
1931,11:20:00,11.6,-0.01,34,39440,卖盘
1932,11:19:54,11.61,0.01,76,88236,买盘
1933,11:19:51,11.6,-0.01,104,120640,卖盘
1934,11:19:48,11.61,--,24,27864,买盘
1935,11:19:42,11.61,--,1,1161,买盘
1936,11:19:36,11.61,--,38,44118,买盘
1937,11:19:30,11.61,0.01,60,69660,买盘
1938,11:19:24,11.6,--,76,88160,卖盘
1939,11:19:21,11.6,--,5,5800,卖盘
1940,11:19:09,11.6,-0.01,1,1160,卖盘
1941,11:19:06,11.61,--,60,69660,买盘
1942,11:19:03,11.61,--,71,82431,买盘
1943,11:19:00,11.61,--,3,3483,买盘
1944,11:18:48,11.61,0.01,76,88236,买盘
1945,11:18:45,11.6,-0.01,15,17400,卖盘
1946,11:18:42,11.61,0.01,61,70821,买盘
1947,11:18:39,11.6,-0.01,58,67280,卖盘
1948,11:18:36,11.61,0.01,20,23220,买盘
1949,11:18:33,11.6,-0.01,20,23200,卖盘
1950,11:18:24,11.61,--,12,13932,买盘
1951,11:18:21,11.61,0.01,20,23220,买盘
1952,11:18:18,11.6,--,48,55680,卖盘
1953,11:18:15,11.6,--,101,117160,卖盘
1954,11:18:09,11.6,--,15,17400,卖盘
1955,11:18:06,11.6,-0.01,10,11600,卖盘
1956,11:18:03,11.61,--,2,2322,买盘
1957,11:18:00,11.61,--,20,23220,买盘
1958,11:17:57,11.61,--,2,2322,买盘
1959,11:17:54,11.61,--,44,51084,买盘
1960,11:17:51,11.61,--,90,104490,买盘
1961,11:17:42,11.61,0.01,1,1161,买盘
1962,11:17:39,11.6,--,98,113680,卖盘
1963,11:17:33,11.6,-0.01,10,11600,卖盘
1964,11:17:30,11.61,--,1,1161,买盘
1965,11:17:27,11.61,--,1,1161,买盘
1966,11:17:24,11.61,--,60,69660,买盘
1967,11:17:18,11.61,0.01,77,89397,买盘
1968,11:17:15,11.6,-0.01,96,111360,卖盘
1969,11:17:12,11.61,--,1,1161,买盘
1970,11:17:09,11.61,--,100,116100,买盘
1971,11:17:03,11.61,0.01,33,38313,买盘
1972,11:17:00,11.6,-0.01,58,67280,卖盘
1973,11:16:57,11.61,0.01,25,29025,买盘
1974,11:16:54,11.6,-0.01,97,112520,卖盘
1975,11:16:42,11.61,--,5,5805,买盘
1976,11:16:39,11.61,--,13,15093,买盘
1977,11:16:36,11.61,--,47,54567,买盘
1978,11:16:33,11.61,--,30,34830,买盘
1979,11:16:27,11.61,0.01,1,1161,买盘
1980,11:16:24,11.6,-0.01,97,112520,卖盘
1981,11:16:18,11.61,0.01,1,1161,买盘
1982,11:16:15,11.6,-0.01,8,9280,卖盘
1983,11:16:12,11.61,--,23,26703,买盘
1984,11:16:09,11.61,--,70,81270,买盘
1985,11:16:03,11.61,0.01,1,1161,买盘
1986,11:15:57,11.6,--,6,6960,卖盘
1987,11:15:54,11.6,--,95,110200,卖盘
1988,11:15:51,11.6,-0.01,21,24360,卖盘
1989,11:15:48,11.61,--,121,140481,买盘
1990,11:15:45,11.61,--,55,63855,买盘
1991,11:15:42,11.61,0.01,1,1161,买盘
1992,11:15:39,11.6,--,10,11600,卖盘
1993,11:15:36,11.6,-0.01,453,525480,卖盘
1994,11:15:27,11.61,--,1,1161,买盘
1995,11:15:24,11.61,--,1,1161,买盘
1996,11:15:21,11.61,--,35,40635,买盘
1997,11:15:18,11.61,0.01,20,23220,买盘
1998,11:15:15,11.6,-0.01,100,116000,卖盘
1999,11:15:09,11.61,--,4,4644,买盘
2000,11:15:06,11.61,--,1,1161,买盘
2001,11:15:03,11.61,0.01,178,206658,买盘
2002,11:15:00,11.6,--,105,121800,卖盘
2003,11:14:57,11.6,-0.01,6,6960,卖盘
2004,11:14:54,11.61,0.01,54,62694,买盘
2005,11:14:48,11.6,-0.01,50,58000,卖盘
2006,11:14:45,11.61,--,87,101007,买盘
2007,11:14:42,11.61,0.01,121,140481,买盘
2008,11:14:39,11.6,--,5,5800,卖盘
2009,11:14:30,11.6,-0.01,120,139200,卖盘
2010,11:14:24,11.61,--,1,1161,买盘
2011,11:14:06,11.61,--,34,39474,买盘
2012,11:14:03,11.61,--,24,27864,买盘
2013,11:13:54,11.61,--,6,6966,买盘
2014,11:13:51,11.61,-0.01,851,988011,卖盘
2015,11:13:48,11.62,--,5,5810,买盘
2016,11:13:42,11.62,--,11,12782,买盘
2017,11:13:39,11.62,--,52,60423,买盘
2018,11:13:33,11.62,0.01,89,103418,买盘
2019,11:13:27,11.61,-0.01,25,29025,卖盘
2020,11:13:18,11.62,--,3,3485,买盘
2021,11:13:15,11.62,0.01,70,81340,买盘
2022,11:13:12,11.61,--,5,5805,卖盘
2023,11:13:06,11.61,-0.01,8,9288,卖盘
2024,11:13:03,11.62,--,1,1162,买盘
2025,11:12:57,11.62,--,33,38346,买盘
2026,11:12:54,11.62,--,127,147574,买盘
2027,11:12:48,11.62,--,60,69720,买盘
2028,11:12:45,11.62,--,12,13943,买盘
2029,11:12:42,11.62,0.01,1,1162,买盘
2030,11:12:33,11.61,--,21,24381,卖盘
2031,11:12:30,11.61,-0.01,26,30186,卖盘
2032,11:12:27,11.62,--,9,10458,买盘
2033,11:12:24,11.62,-0.01,88,102256,卖盘
2034,11:12:18,11.63,0.01,157,182591,买盘
2035,11:12:12,11.62,-0.01,5,5810,卖盘
2036,11:12:03,11.63,--,23,26749,买盘
2037,11:12:00,11.63,0.01,77,89551,买盘
2038,11:11:57,11.62,--,91,105742,卖盘
2039,11:11:48,11.62,-0.01,5,5810,卖盘
2040,11:11:45,11.63,--,17,19771,买盘
2041,11:11:42,11.63,--,7,8141,买盘
2042,11:11:39,11.63,--,164,190732,买盘
2043,11:11:33,11.63,--,74,86062,买盘
2044,11:11:30,11.63,0.01,78,90714,买盘
2045,11:11:27,11.62,--,28,32535,卖盘
2046,11:11:24,11.62,--,21,24402,卖盘
2047,11:11:21,11.62,--,19,22078,卖盘
2048,11:11:18,11.62,-0.02,34,39508,卖盘
2049,11:11:12,11.64,--,5,5820,买盘
2050,11:11:09,11.64,0.02,68,79152,买盘
2051,11:11:06,11.62,-0.02,22,25564,卖盘
2052,11:11:03,11.64,--,66,76824,买盘
2053,11:11:00,11.64,0.01,175,203700,买盘
2054,11:10:57,11.63,--,80,93040,卖盘
2055,11:10:54,11.63,--,224,260512,卖盘
2056,11:10:51,11.63,--,269,312847,卖盘
2057,11:10:48,11.63,--,52,60476,卖盘
2058,11:10:45,11.63,-0.01,87,101181,卖盘
2059,11:10:42,11.64,0.01,63,73332,买盘
2060,11:10:39,11.63,--,38,44194,卖盘
2061,11:10:36,11.63,--,19,22097,卖盘
2062,11:10:33,11.63,--,25,29075,卖盘
2063,11:10:30,11.63,--,118,137234,卖盘
2064,11:10:27,11.63,-0.01,35,40705,卖盘
2065,11:10:24,11.64,0.01,198,230472,买盘
2066,11:10:21,11.63,-0.01,70,81410,卖盘
2067,11:10:18,11.64,0.01,386,449304,买盘
2068,11:10:15,11.63,--,19,22097,卖盘
2069,11:10:12,11.63,--,29,33727,卖盘
2070,11:10:09,11.63,--,19,22097,卖盘
2071,11:10:06,11.63,--,20,23260,卖盘
2072,11:10:03,11.63,--,38,44194,卖盘
2073,11:10:00,11.63,--,20,23260,卖盘
2074,11:09:57,11.63,--,19,22097,卖盘
2075,11:09:54,11.63,--,318,369834,卖盘
2076,11:09:51,11.63,-0.01,29,33727,卖盘
2077,11:09:48,11.64,--,204,237456,买盘
2078,11:09:45,11.64,--,201,233964,买盘
2079,11:09:42,11.64,0.01,39,45396,买盘
2080,11:09:39,11.63,-0.01,129,150027,卖盘
2081,11:09:36,11.64,0.01,30,34920,买盘
2082,11:09:33,11.63,--,79,91877,卖盘
2083,11:09:30,11.63,--,149,173287,卖盘
2084,11:09:27,11.63,--,48,55824,卖盘
2085,11:09:24,11.63,--,20,23260,卖盘
2086,11:09:21,11.63,--,29,33727,卖盘
2087,11:09:18,11.63,--,34,39542,卖盘
2088,11:09:15,11.63,0.01,358,416354,买盘
2089,11:09:12,11.62,-0.01,9,10458,中性盘
2090,11:09:09,11.63,--,34,39542,买盘
2091,11:09:06,11.63,--,116,134908,买盘
2092,11:09:03,11.63,0.03,70,81410,买盘
2093,11:09:00,11.6,-0.03,13,15080,卖盘
2094,11:08:57,11.63,0.02,119,138397,买盘
2095,11:08:51,11.61,-0.02,11,12771,卖盘
2096,11:08:48,11.63,0.02,15,17445,买盘
2097,11:08:45,11.61,-0.02,19,22059,卖盘
2098,11:08:42,11.63,0.01,50,58150,买盘
2099,11:08:39,11.62,--,97,112713,卖盘
2100,11:08:36,11.62,0.01,406,471771,买盘
2101,11:08:30,11.61,--,102,118422,买盘
2102,11:08:27,11.61,--,64,74304,买盘
2103,11:08:24,11.61,0.01,129,149769,买盘
2104,11:08:21,11.6,-0.01,200,232000,卖盘
2105,11:08:09,11.61,--,21,24381,买盘
2106,11:08:03,11.61,--,3,3483,买盘
2107,11:07:54,11.61,0.01,65,75465,买盘
2108,11:07:51,11.6,--,361,418760,买盘
2109,11:07:42,11.6,--,51,59160,买盘
2110,11:07:39,11.6,0.01,5,5800,买盘
2111,11:07:30,11.59,-0.01,9,10431,卖盘
2112,11:07:27,11.6,--,17,19720,买盘
2113,11:07:24,11.6,--,74,85840,买盘
2114,11:07:12,11.6,--,164,190240,买盘
2115,11:07:03,11.6,--,212,245920,买盘
2116,11:07:00,11.6,--,49,56840,买盘
2117,11:06:48,11.6,--,40,46400,买盘
2118,11:06:42,11.6,-0.01,65,75400,卖盘
2119,11:06:36,11.61,--,6,6966,买盘
2120,11:06:33,11.61,0.01,161,186921,买盘
2121,11:06:30,11.6,-0.01,20,23200,卖盘
2122,11:06:27,11.61,0.01,8,9288,买盘
2123,11:06:24,11.6,-0.01,20,23200,卖盘
2124,11:06:15,11.61,--,8,9288,买盘
2125,11:06:12,11.61,--,25,29025,买盘
2126,11:06:06,11.61,0.01,20,23220,买盘
2127,11:06:03,11.6,--,21,24360,卖盘
2128,11:06:00,11.6,--,87,100920,卖盘
2129,11:05:57,11.6,-0.01,142,164720,卖盘
2130,11:05:54,11.61,0.01,75,87075,买盘
2131,11:05:51,11.6,--,19,22040,卖盘
2132,11:05:48,11.6,--,20,23200,卖盘
2133,11:05:45,11.6,-0.01,37,42920,卖盘
2134,11:05:42,11.61,--,21,24381,买盘
2135,11:05:39,11.61,--,75,87075,买盘
2136,11:05:36,11.61,0.01,22,25542,买盘
2137,11:05:33,11.6,--,19,22040,卖盘
2138,11:05:30,11.6,--,40,46400,卖盘
2139,11:05:27,11.6,0.01,35,40600,卖盘
2140,11:05:24,11.59,--,37,42883,卖盘
2141,11:05:21,11.59,--,19,22021,卖盘
2142,11:05:18,11.59,--,186,215574,卖盘
2143,11:05:15,11.59,--,36,41724,卖盘
2144,11:05:12,11.59,--,19,22021,卖盘
2145,11:05:09,11.59,--,29,33611,卖盘
2146,11:05:06,11.59,--,19,22021,卖盘
2147,11:05:03,11.59,-0.02,21,24339,卖盘
2148,11:05:00,11.61,0.01,105,121905,买盘
2149,11:04:57,11.6,--,29,33640,卖盘
2150,11:04:54,11.6,--,34,39440,卖盘
2151,11:04:51,11.6,0.01,19,22040,中性盘
2152,11:04:48,11.59,--,29,33611,卖盘
2153,11:04:45,11.59,-0.02,19,22021,卖盘
2154,11:04:42,11.61,0.02,21,24381,买盘
2155,11:04:39,11.59,-0.01,193,223687,卖盘
2156,11:04:33,11.6,--,2,2320,买盘
2157,11:04:30,11.6,--,25,29000,卖盘
2158,11:04:27,11.6,-0.01,19,22040,卖盘
2159,11:04:24,11.61,--,47,54567,买盘
2160,11:04:21,11.61,--,1731,2009691,买盘
2161,11:04:18,11.61,0.01,105,121905,买盘
2162,11:04:15,11.6,-0.02,29,33640,卖盘
2163,11:04:12,11.62,0.02,49,56937,买盘
2164,11:04:09,11.6,--,35,40600,卖盘
2165,11:04:06,11.6,--,27,31320,卖盘
2166,11:04:03,11.6,-0.02,75,87000,卖盘
2167,11:04:00,11.62,0.01,159,184758,买盘
2168,11:03:57,11.61,0.01,22,25542,中性盘
2169,11:03:54,11.6,--,28,32480,卖盘
2170,11:03:51,11.6,--,148,171680,买盘
2171,11:03:45,11.6,--,8,9280,买盘
2172,11:03:42,11.6,0.01,9,10440,买盘
2173,11:03:39,11.59,-0.01,104,120536,卖盘
2174,11:03:36,11.6,--,17,19720,买盘
2175,11:03:33,11.6,--,10,11600,买盘
2176,11:03:30,11.6,--,64,74240,买盘
2177,11:03:27,11.6,--,322,373520,买盘
2178,11:03:24,11.6,--,187,216920,买盘
2179,11:03:21,11.6,--,7,8120,买盘
2180,11:03:18,11.6,--,71,82360,买盘
2181,11:03:15,11.6,--,361,418760,买盘
2182,11:03:12,11.6,--,55,63800,买盘
2183,11:03:09,11.6,--,18,20880,买盘
2184,11:03:06,11.6,--,16,18560,买盘
2185,11:03:03,11.6,--,30,34800,卖盘
2186,11:03:00,11.6,--,70,81200,卖盘
2187,11:02:57,11.6,-0.02,19,22040,卖盘
2188,11:02:54,11.62,0.02,24,27887,买盘
2189,11:02:51,11.6,--,1,1160,买盘
2190,11:02:48,11.6,--,1,1160,卖盘
2191,11:02:45,11.6,-0.02,163,189080,卖盘
2192,11:02:42,11.62,-0.01,35,40670,卖盘
2193,11:02:39,11.63,0.01,42,48846,买盘
2194,11:02:36,11.62,--,42,48804,卖盘
2195,11:02:33,11.62,-0.01,20,23240,中性盘
2196,11:02:24,11.63,0.02,1162,1351406,买盘
2197,11:02:12,11.61,--,4,4644,买盘
2198,11:02:09,11.61,--,27,31347,买盘
2199,11:02:06,11.61,0.01,169,196209,买盘
2200,11:02:03,11.6,--,11,12760,卖盘
2201,11:02:00,11.6,0.01,16,18560,买盘
2202,11:01:57,11.59,--,6,6954,买盘
2203,11:01:54,11.59,--,3,3477,买盘
2204,11:01:51,11.59,0.01,70,81130,买盘
2205,11:01:48,11.58,-0.01,8,9264,卖盘
2206,11:01:45,11.59,--,28,32452,买盘
2207,11:01:42,11.59,--,23,26657,买盘
2208,11:01:39,11.59,--,47,54473,买盘
2209,11:01:33,11.59,--,137,158783,卖盘
2210,11:01:30,11.59,-0.02,72,83448,卖盘
2211,11:01:27,11.61,0.02,169,196209,买盘
2212,11:01:24,11.59,--,20,23180,卖盘
2213,11:01:21,11.59,--,48,55632,卖盘
2214,11:01:18,11.59,-0.01,20,23180,卖盘
2215,11:01:15,11.6,0.01,19,22040,买盘
2216,11:01:12,11.59,--,12,13908,卖盘
2217,11:01:09,11.59,--,94,108946,买盘
2218,11:01:06,11.59,--,59,68381,买盘
2219,11:01:03,11.59,-0.01,9,10431,卖盘
2220,11:01:00,11.6,0.01,49,56840,买盘
2221,11:00:57,11.59,-0.01,29,33611,卖盘
2222,11:00:54,11.6,--,29,33640,买盘
2223,11:00:51,11.6,0.01,181,209960,买盘
2224,11:00:48,11.59,--,36,41724,买盘
2225,11:00:45,11.59,--,17,19703,卖盘
2226,11:00:42,11.59,0.01,80,92720,买盘
2227,11:00:39,11.58,--,20,23160,卖盘
2228,11:00:36,11.58,--,212,245496,卖盘
2229,11:00:33,11.58,-0.01,39,45162,卖盘
2230,11:00:27,11.59,--,121,140239,卖盘
2231,11:00:24,11.59,--,34,39406,卖盘
2232,11:00:21,11.59,0.01,63,73017,买盘
2233,11:00:18,11.58,-0.01,19,22002,卖盘
2234,11:00:15,11.59,--,31,35929,卖盘
2235,11:00:12,11.59,--,253,293227,买盘
2236,11:00:09,11.59,0.01,86,99674,买盘
2237,11:00:06,11.58,-0.01,63,72954,卖盘
2238,11:00:03,11.59,0.01,110,127490,买盘
2239,11:00:00,11.58,--,51,59058,卖盘
2240,10:59:57,11.58,-0.01,30,34740,卖盘
2241,10:59:54,11.59,--,7,8113,买盘
2242,10:59:45,11.59,-0.01,6,6954,卖盘
2243,10:59:42,11.6,0.01,20,23200,买盘
2244,10:59:39,11.59,--,29,33611,卖盘
2245,10:59:36,11.59,--,19,22021,卖盘
2246,10:59:33,11.59,--,185,214415,卖盘
2247,10:59:30,11.59,--,25,28975,卖盘
2248,10:59:27,11.59,0.01,28,32452,买盘
2249,10:59:24,11.58,--,31,35898,卖盘
2250,10:59:21,11.58,--,47,54426,卖盘
2251,10:59:18,11.58,--,49,56742,卖盘
2252,10:59:15,11.58,--,103,119274,买盘
2253,10:59:09,11.58,--,25,28950,卖盘
2254,10:59:06,11.58,--,33,38214,卖盘
2255,10:59:03,11.58,--,21,24318,卖盘
2256,10:59:00,11.58,--,33,38214,卖盘
2257,10:58:57,11.58,-0.01,50,57900,中性盘
2258,10:58:54,11.59,0.01,174,201666,买盘
2259,10:58:51,11.58,--,19,22002,卖盘
2260,10:58:48,11.58,0.01,70,81060,买盘
2261,10:58:45,11.57,-0.01,45,52065,卖盘
2262,10:58:42,11.58,0.01,1,1158,买盘
2263,10:58:39,11.57,--,10,11570,卖盘
2264,10:58:33,11.57,--,1,1157,卖盘
2265,10:58:30,11.57,-0.01,17,19669,卖盘
2266,10:58:27,11.58,--,11,12738,卖盘
2267,10:58:24,11.58,0.01,28,32424,卖盘
2268,10:58:21,11.57,--,21,24297,卖盘
2269,10:58:18,11.57,-0.02,143,165451,卖盘
2270,10:58:15,11.59,0.02,59,68381,买盘
2271,10:58:12,11.57,--,10,11570,卖盘
2272,10:58:09,11.57,--,20,23140,卖盘
2273,10:58:06,11.57,--,19,21983,卖盘
2274,10:58:03,11.57,--,46,53222,卖盘
2275,10:58:00,11.57,--,80,92560,卖盘
2276,10:57:57,11.57,--,19,21983,卖盘
2277,10:57:54,11.57,-0.01,31,35867,卖盘
2278,10:57:51,11.58,--,6,6948,卖盘
2279,10:57:48,11.58,--,25,28950,卖盘
2280,10:57:45,11.58,0.01,19,22002,中性盘
2281,10:57:42,11.57,--,26,30082,卖盘
2282,10:57:39,11.57,--,186,215202,卖盘
2283,10:57:36,11.57,--,19,21983,卖盘
2284,10:57:33,11.57,--,71,82147,卖盘
2285,10:57:30,11.57,--,52,60164,卖盘
2286,10:57:27,11.57,--,132,152724,卖盘
2287,10:57:24,11.57,--,20,23140,卖盘
2288,10:57:21,11.57,--,25,28925,卖盘
2289,10:57:18,11.57,--,29,33553,卖盘
2290,10:57:15,11.57,--,187,216972,卖盘
2291,10:57:12,11.57,--,46,53222,卖盘
2292,10:57:09,11.57,--,29,33553,卖盘
2293,10:57:06,11.57,--,19,21983,卖盘
2294,10:57:03,11.57,-0.01,49,56693,卖盘
2295,10:57:00,11.58,0.01,184,213072,买盘
2296,10:56:57,11.57,--,29,33553,卖盘
2297,10:56:54,11.57,--,29,33553,卖盘
2298,10:56:51,11.57,--,38,43966,卖盘
2299,10:56:48,11.57,-0.01,42,48594,卖盘
2300,10:56:45,11.58,0.01,47,54426,买盘
2301,10:56:42,11.57,--,56,64792,卖盘
2302,10:56:39,11.57,--,39,45123,卖盘
2303,10:56:36,11.57,--,28,32396,卖盘
2304,10:56:33,11.57,--,49,56693,卖盘
2305,10:56:30,11.57,--,29,33553,卖盘
2306,10:56:27,11.57,--,29,33553,卖盘
2307,10:56:24,11.57,--,20,23140,卖盘
2308,10:56:21,11.57,--,43,49751,卖盘
2309,10:56:18,11.57,--,55,63635,卖盘
2310,10:56:15,11.57,--,56,64792,卖盘
2311,10:56:12,11.57,--,202,233714,卖盘
2312,10:56:09,11.57,--,19,21983,卖盘
2313,10:56:06,11.57,--,61,70577,买盘
2314,10:56:03,11.57,--,1,1157,买盘
2315,10:56:00,11.57,--,18,20826,买盘
2316,10:55:57,11.57,--,1,1157,卖盘
2317,10:55:54,11.57,--,32,37024,卖盘
2318,10:55:51,11.57,--,29,33553,卖盘
2319,10:55:48,11.57,--,109,126113,卖盘
2320,10:55:45,11.57,-0.01,37,42809,卖盘
2321,10:55:42,11.58,0.01,20,23160,买盘
2322,10:55:39,11.57,--,50,57850,卖盘
2323,10:55:36,11.57,-0.01,19,21983,卖盘
2324,10:55:33,11.58,0.01,82,94956,买盘
2325,10:55:30,11.57,0.01,266,307762,买盘
2326,10:55:27,11.56,--,20,23120,卖盘
2327,10:55:24,11.56,--,50,57800,卖盘
2328,10:55:21,11.56,--,41,47396,卖盘
2329,10:55:18,11.56,--,19,21964,卖盘
2330,10:55:15,11.56,--,32,36992,卖盘
2331,10:55:12,11.56,--,19,21964,卖盘
2332,10:55:09,11.56,-0.01,31,35836,卖盘
2333,10:55:06,11.57,--,11,12727,买盘
2334,10:55:03,11.57,--,96,111072,卖盘
2335,10:55:00,11.57,--,30,34710,卖盘
2336,10:54:57,11.57,--,126,145782,卖盘
2337,10:54:54,11.57,--,19,21983,卖盘
2338,10:54:51,11.57,--,223,258011,买盘
2339,10:54:45,11.57,--,2,2314,买盘
2340,10:54:42,11.57,--,27,31239,买盘
2341,10:54:33,11.57,--,71,82147,买盘
2342,10:54:30,11.57,--,142,164294,卖盘
2343,10:54:27,11.57,--,38,43966,卖盘
2344,10:54:24,11.57,-0.01,20,23140,卖盘
2345,10:54:21,11.58,0.01,34,39372,买盘
2346,10:54:18,11.57,--,29,33553,卖盘
2347,10:54:15,11.57,--,19,21983,卖盘
2348,10:54:12,11.57,--,20,23140,卖盘
2349,10:54:09,11.57,--,191,220987,卖盘
2350,10:54:06,11.57,--,20,23140,卖盘
2351,10:54:03,11.57,--,28,32396,卖盘
2352,10:54:00,11.57,--,40,46280,卖盘
2353,10:53:57,11.57,--,69,79833,卖盘
2354,10:53:54,11.57,--,19,21983,卖盘
2355,10:53:48,11.57,-0.01,10,11570,卖盘
2356,10:53:42,11.58,--,1,1158,买盘
2357,10:53:39,11.58,--,43,49794,买盘
2358,10:53:30,11.58,0.01,2,2316,买盘
2359,10:53:24,11.57,--,25,28925,卖盘
2360,10:53:21,11.57,-0.01,11,12727,卖盘
2361,10:53:18,11.58,0.01,21,24318,买盘
2362,10:53:09,11.57,--,5,5785,卖盘
2363,10:53:06,11.57,--,42,48594,卖盘
2364,10:53:03,11.57,--,10,11570,卖盘
2365,10:52:57,11.57,--,1,1157,卖盘
2366,10:52:54,11.57,-0.01,26,30082,卖盘
2367,10:52:51,11.58,--,9,10422,买盘
2368,10:52:42,11.58,0.01,46,53268,买盘
2369,10:52:36,11.57,--,13,15041,卖盘
2370,10:52:27,11.57,--,458,530600,买盘
2371,10:52:24,11.57,--,1,1157,买盘
2372,10:52:21,11.57,--,31,35867,买盘
2373,10:52:18,11.57,--,103,119171,买盘
2374,10:52:15,11.57,0.01,2,2314,买盘
2375,10:52:09,11.56,-0.01,19,21964,卖盘
2376,10:52:06,11.57,0.01,29,33553,买盘
2377,10:52:03,11.56,-0.01,72,83232,卖盘
2378,10:52:00,11.57,0.01,126,145782,买盘
2379,10:51:57,11.56,-0.01,261,301716,卖盘
2380,10:51:54,11.57,--,13,15041,买盘
2381,10:51:51,11.57,--,2,2314,买盘
2382,10:51:48,11.57,--,127,147401,卖盘
2383,10:51:45,11.57,-0.01,50,57850,卖盘
2384,10:51:42,11.58,0.01,9,10422,买盘
2385,10:51:39,11.57,--,63,72891,卖盘
2386,10:51:36,11.57,--,100,115700,卖盘
2387,10:51:27,11.57,--,3,3471,卖盘
2388,10:51:24,11.57,--,55,63635,卖盘
2389,10:51:18,11.57,-0.01,87,100659,卖盘
2390,10:51:12,11.58,0.01,10,11580,买盘
2391,10:51:09,11.57,-0.01,34,39338,卖盘
2392,10:51:06,11.58,0.01,47,54426,买盘
2393,10:51:03,11.57,--,7,8793,卖盘
2394,10:51:00,11.57,--,179,207103,卖盘
2395,10:50:57,11.57,--,7,8099,卖盘
2396,10:50:51,11.57,-0.01,20,23140,卖盘
2397,10:50:48,11.58,--,10,11580,买盘
2398,10:50:45,11.58,--,2,2316,买盘
2399,10:50:42,11.58,0.01,19,22002,买盘
2400,10:50:39,11.57,-0.01,7,8099,卖盘
2401,10:50:36,11.58,--,10,11580,买盘
2402,10:50:33,11.58,--,10,11580,买盘
2403,10:50:30,11.58,0.01,4,4632,买盘
2404,10:50:27,11.57,--,14,16198,卖盘
2405,10:50:24,11.57,-0.01,11,12727,卖盘
2406,10:50:21,11.58,--,4,4632,买盘
2407,10:50:18,11.58,--,31,35898,买盘
2408,10:50:15,11.58,--,4,4632,买盘
2409,10:50:12,11.58,--,35,40530,买盘
2410,10:50:06,11.58,--,45,52110,买盘
2411,10:50:03,11.58,--,1,1158,买盘
2412,10:50:00,11.58,0.01,2,2316,买盘
2413,10:49:57,11.57,--,3,3471,卖盘
2414,10:49:54,11.57,-0.01,107,123799,卖盘
2415,10:49:51,11.58,0.01,20,23160,买盘
2416,10:49:48,11.57,-0.01,19,21983,卖盘
2417,10:49:42,11.58,0.01,2,2316,买盘
2418,10:49:39,11.57,-0.01,5,5785,卖盘
2419,10:49:36,11.58,0.01,11,12738,买盘
2420,10:49:33,11.57,-0.01,21,24297,卖盘
2421,10:49:30,11.58,0.01,2,2316,买盘
2422,10:49:27,11.57,-0.01,5,5785,卖盘
2423,10:49:24,11.58,--,1,1158,买盘
2424,10:49:18,11.58,0.01,2,2316,买盘
2425,10:49:09,11.57,--,5,5785,卖盘
2426,10:49:03,11.57,--,5,5785,买盘
2427,10:49:00,11.57,0.01,19,21983,买盘
2428,10:48:57,11.56,-0.01,18,20808,卖盘
2429,10:48:54,11.57,--,7,8099,买盘
2430,10:48:51,11.57,--,7,8099,卖盘
2431,10:48:48,11.57,0.01,3,3471,买盘
2432,10:48:42,11.56,-0.01,75,86700,卖盘
2433,10:48:36,11.57,--,5,5785,买盘
2434,10:48:33,11.57,--,12,13884,买盘
2435,10:48:30,11.57,0.01,24,27768,买盘
2436,10:48:27,11.56,-0.01,11,12716,卖盘
2437,10:48:24,11.57,--,26,30082,买盘
2438,10:48:18,11.57,--,1,1157,买盘
2439,10:48:09,11.57,--,9,10413,买盘
2440,10:48:03,11.57,--,3,3471,买盘
2441,10:48:00,11.57,0.01,5,5785,买盘
2442,10:47:57,11.56,-0.01,11,12716,卖盘
2443,10:47:54,11.57,--,12,13884,买盘
2444,10:47:48,11.57,--,20,23140,买盘
2445,10:47:42,11.57,--,134,155038,买盘
2446,10:47:33,11.57,0.01,2,2314,买盘
2447,10:47:30,11.56,--,50,57800,卖盘
2448,10:47:27,11.56,--,23,26588,卖盘
2449,10:47:24,11.56,-0.01,21,24276,卖盘
2450,10:47:21,11.57,--,10,11570,买盘
2451,10:47:18,11.57,--,81,93717,卖盘
2452,10:47:09,11.57,--,38,43966,买盘
2453,10:47:06,11.57,--,2,2314,买盘
2454,10:47:03,11.57,--,47,54379,买盘
2455,10:47:00,11.57,0.01,70,80990,买盘
2456,10:46:57,11.56,-0.01,2,2312,卖盘
2457,10:46:54,11.57,--,13,15041,买盘
2458,10:46:51,11.57,--,7,8099,买盘
2459,10:46:48,11.57,-0.01,1,1157,中性盘
2460,10:46:36,11.58,--,6,6948,买盘
2461,10:46:33,11.58,--,2,2316,买盘
2462,10:46:30,11.58,0.02,26,30108,买盘
2463,10:46:27,11.56,-0.01,39,45084,卖盘
2464,10:46:24,11.57,--,32,37024,买盘
2465,10:46:18,11.57,--,16,18512,买盘
2466,10:46:15,11.57,--,9,10413,买盘
2467,10:46:12,11.57,--,3,3471,买盘
2468,10:46:09,11.57,--,4,4628,买盘
2469,10:46:06,11.57,0.01,22,25454,买盘
2470,10:46:03,11.56,-0.01,9,10404,卖盘
2471,10:46:00,11.57,--,2,2314,买盘
2472,10:45:57,11.57,--,16,18512,买盘
2473,10:45:54,11.57,--,7,8099,买盘
2474,10:45:51,11.57,--,6,6942,买盘
2475,10:45:48,11.57,--,46,53222,买盘
2476,10:45:45,11.57,--,1,1157,买盘
2477,10:45:42,11.57,--,13,15041,买盘
2478,10:45:39,11.57,--,45,52065,买盘
2479,10:45:36,11.57,--,29,33553,买盘
2480,10:45:33,11.57,--,3,3471,买盘
2481,10:45:30,11.57,0.01,3,3471,买盘
2482,10:45:27,11.56,-0.01,23,26588,卖盘
2483,10:45:24,11.57,--,3,3471,买盘
2484,10:45:21,11.57,0.01,9,10413,买盘
2485,10:45:15,11.56,-0.01,20,23120,卖盘
2486,10:45:09,11.57,0.01,22,25454,买盘
2487,10:45:06,11.56,--,10,11560,卖盘
2488,10:45:03,11.56,-0.01,210,242760,卖盘
2489,10:45:00,11.57,0.01,42,48594,买盘
2490,10:44:57,11.56,--,91,105196,卖盘
2491,10:44:54,11.56,-0.01,3,3468,卖盘
2492,10:44:48,11.57,--,4,4628,买盘
2493,10:44:42,11.57,0.01,126,145782,买盘
2494,10:44:39,11.56,--,91,105196,卖盘
2495,10:44:27,11.56,-0.01,20,23120,卖盘
2496,10:44:24,11.57,--,1,1157,买盘
2497,10:44:21,11.57,--,1,1157,买盘
2498,10:44:18,11.57,0.01,235,271895,买盘
2499,10:44:15,11.56,-0.01,23,26588,卖盘
2500,10:44:06,11.57,--,2,2314,买盘
2501,10:44:03,11.57,--,6,6942,买盘
2502,10:44:00,11.57,0.01,2,2314,买盘
2503,10:43:57,11.56,-0.01,1,1156,卖盘
2504,10:43:54,11.57,0.01,60,69420,买盘
2505,10:43:51,11.56,-0.01,100,115600,卖盘
2506,10:43:42,11.57,0.01,1,1157,买盘
2507,10:43:36,11.56,-0.01,5,5780,卖盘
2508,10:43:33,11.57,--,2,2314,买盘
2509,10:43:30,11.57,0.01,1,1157,买盘
2510,10:43:27,11.56,--,22,25432,卖盘
2511,10:43:21,11.56,--,5,5780,卖盘
2512,10:43:18,11.56,-0.01,3,3468,卖盘
2513,10:43:15,11.57,--,8,9256,买盘
2514,10:43:03,11.57,0.01,3,3471,买盘
2515,10:42:57,11.56,-0.01,11,12716,卖盘
2516,10:42:48,11.57,--,6,6942,买盘
2517,10:42:45,11.57,--,4,4628,买盘
2518,10:42:42,11.57,0.01,1,1157,买盘
2519,10:42:36,11.56,-0.01,85,98260,卖盘
2520,10:42:33,11.57,0.01,2,2314,买盘
2521,10:42:27,11.56,--,6,6936,卖盘
2522,10:42:24,11.56,-0.01,134,154904,卖盘
2523,10:42:21,11.57,--,2,2314,买盘
2524,10:42:18,11.57,--,8,9256,买盘
2525,10:42:15,11.57,--,41,47437,卖盘
2526,10:42:12,11.57,-0.01,17,19669,卖盘
2527,10:42:06,11.58,--,5,5790,买盘
2528,10:42:03,11.58,0.01,1,1158,买盘
2529,10:42:00,11.57,--,59,68263,卖盘
2530,10:41:57,11.57,-0.01,37,42809,卖盘
2531,10:41:54,11.58,0.01,6,6948,买盘
2532,10:41:45,11.57,--,10,11570,卖盘
2533,10:41:42,11.57,-0.01,47,54379,卖盘
2534,10:41:36,11.58,--,8,9264,买盘
2535,10:41:30,11.58,0.01,1,1158,买盘
2536,10:41:27,11.57,--,20,23140,卖盘
2537,10:41:24,11.57,--,3,3471,卖盘
2538,10:41:21,11.57,--,28,32396,买盘
2539,10:41:06,11.57,--,6,6942,买盘
2540,10:41:03,11.57,--,9,10413,买盘
2541,10:41:00,11.57,0.01,19,21983,买盘
2542,10:40:57,11.56,--,30,34680,卖盘
2543,10:40:51,11.56,--,36,41616,卖盘
2544,10:40:45,11.56,-0.01,5,5780,卖盘
2545,10:40:42,11.57,0.01,1,1157,买盘
2546,10:40:39,11.56,--,28,32368,卖盘
2547,10:40:36,11.56,-0.01,5,5780,卖盘
2548,10:40:33,11.57,--,43,49751,买盘
2549,10:40:30,11.57,0.01,2,2314,买盘
2550,10:40:27,11.56,--,6,6936,卖盘
2551,10:40:24,11.56,-0.01,12,13872,卖盘
2552,10:40:21,11.57,--,5,5785,买盘
2553,10:40:18,11.57,--,5,5785,买盘
2554,10:40:15,11.57,0.01,20,23140,买盘
2555,10:40:12,11.56,-0.01,37,42772,卖盘
2556,10:40:09,11.57,--,24,27768,买盘
2557,10:40:06,11.57,0.01,1,1157,买盘
2558,10:40:03,11.56,-0.01,3,3468,卖盘
2559,10:40:00,11.57,0.01,10,11570,买盘
2560,10:39:57,11.56,--,32,36992,卖盘
2561,10:39:54,11.56,-0.01,56,64736,卖盘
2562,10:39:48,11.57,0.01,1,1157,买盘
2563,10:39:45,11.56,-0.01,12,13872,卖盘
2564,10:39:42,11.57,--,1,1157,买盘
2565,10:39:33,11.57,0.01,7,8099,买盘
2566,10:39:30,11.56,--,25,28900,卖盘
2567,10:39:27,11.56,-0.01,19,21964,卖盘
2568,10:39:24,11.57,--,1,1157,买盘
2569,10:39:21,11.57,0.01,1,1157,卖盘
2570,10:39:18,11.56,-0.01,26,30056,卖盘
2571,10:39:12,11.57,--,15,17355,卖盘
2572,10:39:09,11.57,-0.01,19,21983,卖盘
2573,10:39:03,11.58,--,535,619530,买盘
2574,10:39:00,11.58,0.01,1,1158,买盘
2575,10:38:57,11.57,-0.01,26,30082,卖盘
2576,10:38:42,11.58,0.01,1,1158,买盘
2577,10:38:39,11.57,--,191,220987,卖盘
2578,10:38:36,11.57,-0.01,24,27768,卖盘
2579,10:38:33,11.58,0.01,7,8106,买盘
2580,10:38:30,11.57,--,26,30082,卖盘
2581,10:38:27,11.57,--,14,16198,卖盘
2582,10:38:24,11.57,0.01,8,9256,卖盘
2583,10:38:21,11.56,-0.02,247,285532,卖盘
2584,10:38:18,11.58,--,47,54426,买盘
2585,10:38:15,11.58,--,9,10422,买盘
2586,10:38:12,11.58,--,59,68322,买盘
2587,10:38:03,11.58,--,3,3474,买盘
2588,10:38:00,11.58,0.01,1,1158,买盘
2589,10:37:57,11.57,-0.01,29,33553,卖盘
2590,10:37:54,11.58,--,1,1158,买盘
2591,10:37:45,11.58,--,2,2316,买盘
2592,10:37:42,11.58,0.01,29,33582,买盘
2593,10:37:39,11.57,--,9,10413,卖盘
2594,10:37:36,11.57,-0.01,200,231400,卖盘
2595,10:37:33,11.58,--,2,2316,买盘
2596,10:37:30,11.58,0.01,1,1158,买盘
2597,10:37:27,11.57,-0.01,18,20826,卖盘
2598,10:37:24,11.58,--,3,3474,买盘
2599,10:37:15,11.58,--,9,10422,买盘
2600,10:37:12,11.58,--,49,56742,买盘
2601,10:37:09,11.58,0.01,27,31266,买盘
2602,10:37:06,11.57,-0.01,12,13884,卖盘
2603,10:37:03,11.58,--,13,15054,买盘
2604,10:37:00,11.58,0.01,9,10422,买盘
2605,10:36:57,11.57,-0.01,16,18512,卖盘
2606,10:36:54,11.58,--,32,37056,买盘
2607,10:36:51,11.58,--,52,60216,买盘
2608,10:36:48,11.58,0.01,20,23160,买盘
2609,10:36:45,11.57,--,31,35867,卖盘
2610,10:36:39,11.57,--,20,23140,卖盘
2611,10:36:36,11.57,--,13,15041,卖盘
2612,10:36:33,11.57,--,39,45123,卖盘
2613,10:36:30,11.57,--,36,41652,卖盘
2614,10:36:27,11.57,--,31,35867,卖盘
2615,10:36:24,11.57,--,20,23140,卖盘
2616,10:36:21,11.57,--,29,33553,卖盘
2617,10:36:18,11.57,-0.01,19,21983,卖盘
2618,10:36:15,11.58,--,27,31370,卖盘
2619,10:36:12,11.58,--,57,66006,卖盘
2620,10:36:09,11.58,--,22,25476,卖盘
2621,10:36:06,11.58,--,60,69480,卖盘
2622,10:36:03,11.58,--,30,34740,卖盘
2623,10:36:00,11.58,--,31,36951,卖盘
2624,10:35:57,11.58,--,176,203808,买盘
2625,10:35:54,11.58,--,12,13896,买盘
2626,10:35:48,11.58,0.01,1,1158,买盘
2627,10:35:42,11.57,-0.01,6,6942,卖盘
2628,10:35:39,11.58,--,3,3474,卖盘
2629,10:35:36,11.58,--,62,71796,卖盘
2630,10:35:33,11.58,--,19,22002,卖盘
2631,10:35:30,11.58,--,29,33582,卖盘
2632,10:35:27,11.58,0.01,49,56742,买盘
2633,10:35:24,11.57,--,46,53222,卖盘
2634,10:35:21,11.57,-0.01,121,139997,卖盘
2635,10:35:18,11.58,0.01,21,24318,买盘
2636,10:35:15,11.57,--,298,344786,卖盘
2637,10:35:12,11.57,--,45,52065,卖盘
2638,10:35:09,11.57,-0.01,77,89089,卖盘
2639,10:35:03,11.58,--,89,103062,卖盘
2640,10:35:00,11.58,--,23,26634,卖盘
2641,10:34:57,11.58,-0.01,38,44004,卖盘
2642,10:34:54,11.59,0.01,29,33611,买盘
2643,10:34:51,11.58,--,19,22002,卖盘
2644,10:34:48,11.58,--,20,23160,卖盘
2645,10:34:45,11.58,-0.01,43,49794,卖盘
2646,10:34:42,11.59,--,111,128649,买盘
2647,10:34:30,11.59,0.01,1,1159,买盘
2648,10:34:27,11.58,-0.01,88,101904,卖盘
2649,10:34:24,11.59,--,1,1159,买盘
2650,10:34:18,11.59,--,2,2318,买盘
2651,10:34:06,11.59,--,14,16770,卖盘
2652,10:34:03,11.59,--,24,28430,卖盘
2653,10:34:00,11.59,--,31,35929,卖盘
2654,10:33:57,11.59,-0.01,21,24339,卖盘
2655,10:33:54,11.6,0.01,29,33640,买盘
2656,10:33:51,11.59,--,29,33611,卖盘
2657,10:33:48,11.59,--,29,33611,卖盘
2658,10:33:45,11.59,--,19,22021,卖盘
2659,10:33:42,11.59,--,432,500688,卖盘
2660,10:33:39,11.59,--,548,635132,卖盘
2661,10:33:36,11.59,--,19,22021,卖盘
2662,10:33:33,11.59,--,30,34770,卖盘
2663,10:33:30,11.59,--,29,33611,卖盘
2664,10:33:27,11.59,--,32,37088,卖盘
2665,10:33:24,11.59,--,111,128649,卖盘
2666,10:33:21,11.59,--,29,33611,卖盘
2667,10:33:18,11.59,--,19,22021,卖盘
2668,10:33:15,11.59,--,27,31293,卖盘
2669,10:33:12,11.59,--,29,33611,卖盘
2670,10:33:09,11.59,--,19,22021,卖盘
2671,10:33:06,11.59,-0.01,72,83448,卖盘
2672,10:33:03,11.6,0.01,3,3480,买盘
2673,10:33:00,11.59,--,23,26657,卖盘
2674,10:32:57,11.59,--,32,37702,卖盘
2675,10:32:51,11.59,-0.01,5,5795,卖盘
2676,10:32:48,11.6,--,7,8120,买盘
2677,10:32:42,11.6,--,1,1160,买盘
2678,10:32:39,11.6,--,82,95120,买盘
2679,10:32:36,11.6,--,37,42920,买盘
2680,10:32:33,11.6,--,4,4640,买盘
2681,10:32:30,11.6,0.01,4,4640,买盘
2682,10:32:27,11.59,-0.01,22,25498,卖盘
2683,10:32:24,11.6,--,56,64960,买盘
2684,10:32:21,11.6,--,8,9280,买盘
2685,10:32:18,11.6,--,1,1160,买盘
2686,10:32:15,11.6,--,1,1160,买盘
2687,10:32:09,11.6,0.01,10,11600,买盘
2688,10:32:03,11.59,-0.01,8,9886,卖盘
2689,10:32:00,11.6,0.01,14,16240,买盘
2690,10:31:57,11.59,-0.01,128,148352,卖盘
2691,10:31:54,11.6,0.01,42,48720,买盘
2692,10:31:51,11.59,-0.01,101,117059,卖盘
2693,10:31:42,11.6,0.01,1,1160,买盘
2694,10:31:39,11.59,--,8,9353,买盘
2695,10:31:36,11.59,--,8,9272,买盘
2696,10:31:30,11.59,0.02,37,42883,买盘
2697,10:31:27,11.57,-0.02,21,24297,卖盘
2698,10:31:21,11.59,0.01,42,48678,买盘
2699,10:31:18,11.58,--,100,115800,买盘
2700,10:31:15,11.58,--,20,23160,买盘
2701,10:31:12,11.58,--,15,17370,买盘
2702,10:31:06,11.58,--,35,40530,买盘
2703,10:31:03,11.58,0.01,1,1158,买盘
2704,10:31:00,11.57,--,9,11026,卖盘
2705,10:30:57,11.57,-0.01,13,15041,卖盘
2706,10:30:54,11.58,-0.01,70,81592,卖盘
2707,10:30:51,11.59,--,34,39406,买盘
2708,10:30:45,11.59,--,100,115900,买盘
2709,10:30:42,11.59,0.01,1,1159,买盘
2710,10:30:39,11.58,--,20,23160,卖盘
2711,10:30:36,11.58,-0.01,111,128538,卖盘
2712,10:30:33,11.59,0.01,16,18544,买盘
2713,10:30:27,11.58,-0.01,6,6948,卖盘
2714,10:30:24,11.59,0.01,176,204609,买盘
2715,10:30:18,11.58,-0.01,226,262240,卖盘
2716,10:30:12,11.59,0.01,11,12749,买盘
2717,10:30:09,11.58,-0.01,40,46320,卖盘
2718,10:30:03,11.59,--,1,1159,买盘
2719,10:30:00,11.59,0.01,54,63211,买盘
2720,10:29:57,11.58,--,31,35898,卖盘
2721,10:29:54,11.58,--,18,20844,卖盘
2722,10:29:51,11.58,-0.01,1,1158,卖盘
2723,10:29:48,11.59,0.01,38,44042,买盘
2724,10:29:45,11.58,-0.01,9,10422,卖盘
2725,10:29:42,11.59,0.01,1,1159,买盘
2726,10:29:39,11.58,-0.01,6,6948,卖盘
2727,10:29:30,11.59,--,1,1159,买盘
2728,10:29:24,11.59,0.01,11,12749,买盘
2729,10:29:18,11.58,--,25,28950,卖盘
2730,10:29:15,11.58,--,142,164436,买盘
2731,10:29:03,11.58,0.01,132,152856,买盘
2732,10:29:00,11.57,--,5,6398,卖盘
2733,10:28:57,11.57,--,10,11570,卖盘
2734,10:28:54,11.57,-0.01,10,11570,卖盘
2735,10:28:48,11.58,0.01,10,11580,买盘
2736,10:28:45,11.57,-0.01,31,35867,卖盘
2737,10:28:42,11.58,0.01,1,1158,买盘
2738,10:28:39,11.57,-0.01,136,157352,卖盘
2739,10:28:33,11.58,--,2,2316,买盘
2740,10:28:30,11.58,0.01,23,26634,买盘
2741,10:28:27,11.57,-0.01,7,8099,卖盘
2742,10:28:24,11.58,0.01,1,1158,买盘
2743,10:28:21,11.57,--,20,23140,卖盘
2744,10:28:15,11.57,--,13,15041,卖盘
2745,10:28:12,11.57,--,19,21983,卖盘
2746,10:28:09,11.57,-0.01,31,35867,卖盘
2747,10:28:06,11.58,--,43,49794,买盘
2748,10:28:03,11.58,--,8,9889,买盘
2749,10:28:00,11.58,0.01,3,3474,买盘
2750,10:27:57,11.57,--,15,17355,卖盘
2751,10:27:54,11.57,-0.01,75,86775,卖盘
2752,10:27:48,11.58,0.01,1,1158,买盘
2753,10:27:45,11.57,-0.01,11,12727,卖盘
2754,10:27:42,11.58,--,26,30108,买盘
2755,10:27:39,11.58,--,30,34740,买盘
2756,10:27:33,11.58,--,4,4632,买盘
2757,10:27:30,11.58,0.01,1,1158,买盘
2758,10:27:27,11.57,-0.01,37,42809,卖盘
2759,10:27:24,11.58,--,41,47478,买盘
2760,10:27:18,11.58,0.01,2,2316,买盘
2761,10:27:15,11.57,-0.01,5,5785,卖盘
2762,10:27:09,11.58,--,27,31266,买盘
2763,10:27:03,11.58,0.01,3,3474,买盘
2764,10:27:00,11.57,--,4,5241,卖盘
2765,10:26:57,11.57,--,117,135369,卖盘
2766,10:26:54,11.57,-0.01,8,9256,卖盘
2767,10:26:51,11.58,--,203,235074,买盘
2768,10:26:48,11.58,0.01,1,1158,买盘
2769,10:26:45,11.57,-0.01,37,42809,卖盘
2770,10:26:42,11.58,--,65,75270,买盘
2771,10:26:36,11.58,--,8,9264,买盘
2772,10:26:33,11.58,--,13,15054,买盘
2773,10:26:30,11.58,0.01,43,49794,买盘
2774,10:26:27,11.57,-0.01,5,5785,卖盘
2775,10:26:24,11.58,0.01,1,1158,买盘
2776,10:26:21,11.57,-0.01,200,231400,卖盘
2777,10:26:18,11.58,--,4,4632,买盘
2778,10:26:15,11.58,0.01,57,66006,买盘
2779,10:26:03,11.57,--,11,13351,卖盘
2780,10:26:00,11.57,--,6,6942,卖盘
2781,10:25:57,11.57,-0.01,21,24297,卖盘
2782,10:25:54,11.58,--,26,30108,卖盘
2783,10:25:51,11.58,--,3,3474,卖盘
2784,10:25:48,11.58,--,5,5790,卖盘
2785,10:25:45,11.58,--,43,49794,买盘
2786,10:25:42,11.58,0.01,1,1158,买盘
2787,10:25:39,11.57,-0.01,37,42809,卖盘
2788,10:25:36,11.58,0.01,2,2316,卖盘
2789,10:25:33,11.57,-0.02,2,2314,卖盘
2790,10:25:30,11.59,0.02,26,30134,买盘
2791,10:25:27,11.57,-0.01,39,45123,卖盘
2792,10:25:24,11.58,-0.01,501,580158,卖盘
2793,10:25:21,11.59,--,5,5795,买盘
2794,10:25:18,11.59,--,10,11590,买盘
2795,10:25:15,11.59,--,23,26657,买盘
2796,10:25:12,11.59,-0.01,12,14452,卖盘
2797,10:25:09,11.6,--,1,1160,买盘
2798,10:25:03,11.6,--,6,7574,买盘
2799,10:25:00,11.6,0.01,3,3480,买盘
2800,10:24:57,11.59,-0.01,5,5795,卖盘
2801,10:24:54,11.6,0.02,8,9280,买盘
2802,10:24:51,11.58,-0.01,300,347400,卖盘
2803,10:24:48,11.59,--,100,115900,卖盘
2804,10:24:45,11.59,--,61,70930,买盘
2805,10:24:42,11.59,--,1,1159,买盘
2806,10:24:39,11.59,--,20,23180,买盘
2807,10:24:36,11.59,--,10,11590,买盘
2808,10:24:33,11.59,--,10,11590,买盘
2809,10:24:30,11.59,0.01,13,15067,买盘
2810,10:24:27,11.58,-0.01,11,12738,卖盘
2811,10:24:24,11.59,--,3,3477,买盘
2812,10:24:21,11.59,--,30,34770,买盘
2813,10:24:18,11.59,0.01,35,40565,买盘
2814,10:24:15,11.58,-0.01,7,8106,卖盘
2815,10:24:09,11.59,--,7,8113,买盘
2816,10:24:06,11.59,--,15,17385,买盘
2817,10:24:03,11.59,--,22,25498,买盘
2818,10:24:00,11.59,0.01,4,4636,买盘
2819,10:23:57,11.58,--,24,28405,卖盘
2820,10:23:54,11.58,--,5,5790,卖盘
2821,10:23:51,11.58,-0.01,23,26634,卖盘
2822,10:23:48,11.59,--,1,1159,买盘
2823,10:23:45,11.59,0.01,10,11590,买盘
