,time,price,change,volume,amount,type
0,15:00:03,11.56,--,2221,2567476,买盘
1,14:57:00,11.56,0.01,39,45084,买盘
2,14:56:57,11.55,--,4,4620,卖盘
3,14:56:54,11.55,--,492,568548,买盘
4,14:56:51,11.55,-0.01,41,48221,卖盘
5,14:56:48,11.56,--,45,52020,买盘
6,14:56:45,11.56,--,90,104040,买盘
7,14:56:42,11.56,0.01,3,3468,买盘
8,14:56:39,11.55,--,65,75075,卖盘
9,14:56:36,11.55,-0.01,425,490875,卖盘
10,14:56:33,11.56,0.01,19,21964,买盘
11,14:56:30,11.55,-0.01,34,39270,卖盘
12,14:56:27,11.56,--,2,2312,买盘
13,14:56:24,11.56,--,54,62424,买盘
14,14:56:21,11.56,0.01,113,130628,买盘
15,14:56:15,11.55,--,200,231000,卖盘
16,14:56:12,11.55,--,95,109725,卖盘
17,14:56:09,11.55,-0.01,29,33495,卖盘
18,14:56:06,11.56,0.01,27,31212,买盘
19,14:56:03,11.55,-0.01,46,53130,卖盘
20,14:56:00,11.56,0.01,507,586092,买盘
21,14:55:57,11.55,-0.01,2,2310,卖盘
22,14:55:54,11.56,--,2,2312,买盘
23,14:55:48,11.56,0.01,53,61268,买盘
24,14:55:39,11.55,--,47,54285,卖盘
25,14:55:36,11.55,--,609,703683,买盘
26,14:55:33,11.55,--,11,12705,买盘
27,14:55:30,11.55,--,126,145530,买盘
28,14:55:27,11.55,--,20,23100,买盘
29,14:55:24,11.55,0.01,20,23100,买盘
30,14:55:21,11.54,-0.01,118,136172,卖盘
31,14:55:18,11.55,--,82,94710,买盘
32,14:55:15,11.55,--,90,103950,买盘
33,14:55:12,11.55,--,194,224070,买盘
34,14:55:09,11.55,--,10,11550,买盘
35,14:55:03,11.55,--,153,176715,买盘
36,14:55:00,11.55,0.01,12,13860,买盘
37,14:54:57,11.54,--,60,69240,卖盘
38,14:54:54,11.54,--,16,18464,卖盘
39,14:54:51,11.54,-0.01,4,4616,卖盘
40,14:54:48,11.55,0.01,58,66990,买盘
41,14:54:45,11.54,-0.01,87,100397,卖盘
42,14:54:42,11.55,--,17,19635,买盘
43,14:54:39,11.55,0.01,1,1155,买盘
44,14:54:36,11.54,--,35,40390,卖盘
45,14:54:33,11.54,--,4,4616,卖盘
46,14:54:24,11.54,-0.01,23,26541,卖盘
47,14:54:21,11.55,--,61,70455,买盘
48,14:54:15,11.55,0.01,7,8085,买盘
49,14:54:09,11.54,-0.01,49,56545,卖盘
50,14:54:06,11.55,--,95,109725,买盘
51,14:54:03,11.55,--,3,3465,买盘
52,14:54:00,11.55,--,625,721875,买盘
53,14:53:51,11.55,0.01,3,3465,买盘
54,14:53:48,11.54,--,6,6923,卖盘
55,14:53:45,11.54,-0.01,66,76164,卖盘
56,14:53:42,11.55,--,9,10395,买盘
57,14:53:39,11.55,0.01,206,237930,买盘
58,14:53:36,11.54,--,19,21926,卖盘
59,14:53:33,11.54,--,206,237723,卖盘
60,14:53:30,11.54,--,115,132710,卖盘
61,14:53:27,11.54,-0.01,39,45006,卖盘
62,14:53:24,11.55,0.01,75,86625,买盘
63,14:53:21,11.54,--,89,102705,卖盘
64,14:53:18,11.54,-0.01,10,11540,卖盘
65,14:53:12,11.55,--,179,206745,买盘
66,14:53:09,11.55,--,11,12705,买盘
67,14:53:06,11.55,--,7,8085,买盘
68,14:53:03,11.55,--,328,379013,卖盘
69,14:53:00,11.55,--,50,57750,卖盘
70,14:52:57,11.55,--,3,3465,卖盘
71,14:52:54,11.55,--,62,71610,卖盘
72,14:52:51,11.55,--,41,47355,卖盘
73,14:52:48,11.55,--,47,54285,卖盘
74,14:52:33,11.55,--,147,169785,卖盘
75,14:52:30,11.55,--,100,115500,卖盘
76,14:52:27,11.55,--,44,50820,卖盘
77,14:52:21,11.55,--,10,11550,卖盘
78,14:52:00,11.55,--,16,18480,卖盘
79,14:51:57,11.55,--,5,5775,卖盘
80,14:51:51,11.55,--,120,138600,卖盘
81,14:51:48,11.55,--,8,9240,卖盘
82,14:51:42,11.55,-0.01,6,6930,卖盘
83,14:51:39,11.56,0.01,19,21964,买盘
84,14:51:36,11.55,--,80,93381,买盘
85,14:51:27,11.55,--,200,231173,卖盘
86,14:51:21,11.55,--,5,5775,卖盘
87,14:51:18,11.55,--,5,5775,卖盘
88,14:51:12,11.55,--,22,25410,卖盘
89,14:51:06,11.55,-0.01,1157,1336335,卖盘
90,14:51:03,11.56,--,18,20808,卖盘
91,14:50:57,11.56,--,224,258944,买盘
92,14:50:54,11.56,0.01,10,11560,买盘
93,14:50:51,11.55,-0.01,74,85470,卖盘
94,14:50:48,11.56,0.01,52,60112,买盘
95,14:50:45,11.55,--,32,36960,卖盘
96,14:50:42,11.55,-0.01,3,3465,卖盘
97,14:50:36,11.56,0.01,5,5780,买盘
98,14:50:30,11.55,-0.01,2,2310,卖盘
99,14:50:27,11.56,0.01,2,2312,买盘
100,14:50:24,11.55,-0.01,313,361746,卖盘
101,14:50:21,11.56,--,10,11560,卖盘
102,14:50:18,11.56,--,53,61268,卖盘
103,14:50:15,11.56,0.01,10,11560,中性盘
104,14:50:12,11.55,-0.01,59,68145,卖盘
105,14:50:09,11.56,0.01,497,574532,买盘
106,14:50:06,11.55,--,8,9240,卖盘
107,14:50:03,11.55,-0.01,561,647955,卖盘
108,14:50:00,11.56,--,580,670480,卖盘
109,14:49:57,11.56,-0.01,15,17340,卖盘
110,14:49:54,11.57,0.01,21,24297,买盘
111,14:49:51,11.56,-0.01,40,46240,卖盘
112,14:49:48,11.57,0.01,100,115700,买盘
113,14:49:45,11.56,-0.01,3,3468,卖盘
114,14:49:42,11.57,0.01,91,105287,买盘
115,14:49:39,11.56,-0.01,41,47396,卖盘
116,14:49:36,11.57,0.01,5,5785,买盘
117,14:49:33,11.56,--,26,30056,卖盘
118,14:49:30,11.56,--,10,11560,卖盘
119,14:49:24,11.56,0.01,16,18496,买盘
120,14:49:21,11.55,--,30,34650,卖盘
121,14:49:18,11.55,-0.01,2,2310,卖盘
122,14:49:15,11.56,0.01,70,80920,买盘
123,14:49:12,11.55,-0.01,27,31185,卖盘
124,14:49:09,11.56,0.01,10,11560,买盘
125,14:49:06,11.55,-0.01,39,45045,卖盘
126,14:49:03,11.56,0.01,25,28900,买盘
127,14:48:54,11.55,-0.01,112,129360,卖盘
128,14:48:51,11.56,--,18,20808,卖盘
129,14:48:48,11.56,--,24,27744,卖盘
130,14:48:45,11.56,--,13,15028,卖盘
131,14:48:42,11.56,0.01,70,80920,买盘
132,14:48:39,11.55,--,95,109725,卖盘
133,14:48:36,11.55,--,75,86625,卖盘
134,14:48:33,11.55,--,246,284130,卖盘
135,14:48:30,11.55,-0.01,35,40425,卖盘
136,14:48:27,11.56,0.01,66,76296,买盘
137,14:48:24,11.55,--,41,47355,卖盘
138,14:48:21,11.55,--,39,45045,卖盘
139,14:48:18,11.55,--,1624,1875720,卖盘
140,14:48:15,11.55,--,55,63525,卖盘
141,14:48:12,11.55,-0.01,62,71610,卖盘
142,14:48:09,11.56,0.01,55,63580,买盘
143,14:48:06,11.55,--,50,57750,卖盘
144,14:48:03,11.55,--,37,42735,卖盘
145,14:48:00,11.55,--,24,27720,卖盘
146,14:47:57,11.55,--,47,54285,卖盘
147,14:47:54,11.55,--,148,170940,卖盘
148,14:47:51,11.55,--,49,56595,卖盘
149,14:47:48,11.55,--,37,42735,卖盘
150,14:47:45,11.55,-0.01,28,33264,卖盘
151,14:47:42,11.56,0.01,41,47396,买盘
152,14:47:39,11.55,-0.01,48,55440,卖盘
153,14:47:36,11.56,0.01,58,67048,买盘
154,14:47:33,11.55,--,35,40425,卖盘
155,14:47:30,11.55,--,36,41580,卖盘
156,14:47:27,11.55,--,37,42735,卖盘
157,14:47:24,11.55,--,48,55440,卖盘
158,14:47:21,11.55,--,78,90090,卖盘
159,14:47:18,11.55,--,24,27720,卖盘
160,14:47:15,11.55,--,33,38115,卖盘
161,14:47:12,11.55,-0.01,71,82005,卖盘
162,14:47:09,11.56,0.01,62,71672,买盘
163,14:47:06,11.55,0.01,526,608511,买盘
164,14:47:03,11.54,--,9,10386,卖盘
165,14:47:00,11.54,-0.01,18,20772,卖盘
166,14:46:54,11.55,0.01,5,5775,买盘
167,14:46:51,11.54,--,13,15001,卖盘
168,14:46:48,11.54,--,3,3461,卖盘
169,14:46:45,11.54,--,1,1154,卖盘
170,14:46:42,11.54,-0.01,230,265420,卖盘
171,14:46:39,11.55,--,123,142065,买盘
172,14:46:36,11.55,--,33,38115,买盘
173,14:46:33,11.55,0.01,59,68145,买盘
174,14:46:30,11.54,-0.01,337,388898,卖盘
175,14:46:27,11.55,0.01,1,1155,买盘
176,14:46:21,11.54,-0.01,27,31157,卖盘
177,14:46:18,11.55,--,48,55440,买盘
178,14:46:15,11.55,--,90,103950,买盘
179,14:46:12,11.55,--,57,65835,买盘
180,14:46:09,11.55,0.01,74,85470,买盘
181,14:46:06,11.54,--,35,40390,卖盘
182,14:46:03,11.54,--,56,64623,卖盘
183,14:46:00,11.54,-0.01,5,5770,卖盘
184,14:45:54,11.55,0.01,12,13860,买盘
185,14:45:51,11.54,--,29,33466,卖盘
186,14:45:48,11.54,--,64,73856,卖盘
187,14:45:45,11.54,-0.01,5,5770,卖盘
188,14:45:42,11.55,--,13,15015,买盘
189,14:45:36,11.55,0.01,9,10395,买盘
190,14:45:33,11.54,-0.01,23,26541,卖盘
191,14:45:24,11.55,0.02,11,12936,买盘
192,14:45:21,11.53,-0.01,9,10377,卖盘
193,14:45:18,11.54,--,39,45006,买盘
194,14:45:15,11.54,--,7,8077,买盘
195,14:45:12,11.54,--,163,188102,买盘
196,14:45:09,11.54,--,257,296578,买盘
197,14:45:06,11.54,0.01,1,1154,买盘
198,14:45:03,11.53,-0.01,10,11530,卖盘
199,14:45:00,11.54,--,10,11540,买盘
200,14:44:57,11.54,0.01,77,88858,买盘
201,14:44:54,11.53,--,20,23060,卖盘
202,14:44:51,11.53,-0.01,40,46120,卖盘
203,14:44:48,11.54,--,14,16155,买盘
204,14:44:45,11.54,--,1,1154,买盘
205,14:44:42,11.54,--,65,75010,买盘
206,14:44:39,11.54,0.01,17,19618,买盘
207,14:44:36,11.53,-0.01,70,80710,卖盘
208,14:44:33,11.54,0.01,65,75010,买盘
209,14:44:24,11.53,-0.01,16,18448,卖盘
210,14:44:21,11.54,--,263,303502,买盘
211,14:44:18,11.54,0.01,3,3461,买盘
212,14:44:15,11.53,-0.01,20,23060,卖盘
213,14:44:12,11.54,--,384,443135,买盘
214,14:44:09,11.54,--,24,27695,买盘
215,14:44:06,11.54,--,65,75010,买盘
216,14:44:03,11.54,0.01,155,178870,买盘
217,14:43:51,11.53,--,25,28825,卖盘
218,14:43:48,11.53,-0.01,562,647986,卖盘
219,14:43:45,11.54,0.01,64,73856,买盘
220,14:43:42,11.53,--,9,10377,卖盘
221,14:43:36,11.53,--,10,11530,卖盘
222,14:43:33,11.53,--,10,11530,卖盘
223,14:43:27,11.53,-0.01,42,48426,卖盘
224,14:43:24,11.54,0.01,5,5770,买盘
225,14:43:21,11.53,-0.01,9,10377,卖盘
226,14:43:12,11.54,--,21,24234,买盘
227,14:43:09,11.54,--,7,8077,买盘
228,14:43:06,11.54,0.01,40,46160,买盘
229,14:43:03,11.53,--,15,17295,卖盘
230,14:42:54,11.53,--,17,19670,卖盘
231,14:42:51,11.53,-0.01,12,13836,卖盘
232,14:42:48,11.54,0.01,7,8077,买盘
233,14:42:45,11.53,--,32,36896,卖盘
234,14:42:42,11.53,-0.01,19,21907,卖盘
235,14:42:39,11.54,0.01,177,204257,买盘
236,14:42:36,11.53,--,24,27672,卖盘
237,14:42:33,11.53,-0.01,11,12683,卖盘
238,14:42:30,11.54,--,10,11540,买盘
239,14:42:24,11.54,0.01,32,36928,买盘
240,14:42:21,11.53,0.01,9,10377,卖盘
241,14:42:12,11.52,-0.01,30,34560,卖盘
242,14:42:09,11.53,-0.01,38,43814,中性盘
243,14:42:06,11.54,0.01,34,39236,买盘
244,14:42:03,11.53,--,43,50501,卖盘
245,14:42:00,11.53,--,296,341288,卖盘
246,14:41:57,11.53,--,56,64568,卖盘
247,14:41:54,11.53,--,10,11530,卖盘
248,14:41:51,11.53,--,49,56497,卖盘
249,14:41:48,11.53,--,1,1153,卖盘
250,14:41:45,11.53,--,22,25366,卖盘
251,14:41:42,11.53,-0.01,18,20754,卖盘
252,14:41:39,11.54,0.01,20,23080,买盘
253,14:41:36,11.53,--,103,118759,卖盘
254,14:41:33,11.53,--,32,36896,卖盘
255,14:41:30,11.53,--,18,20754,卖盘
256,14:41:21,11.53,--,10,11530,卖盘
257,14:41:18,11.53,-0.01,2,2306,卖盘
258,14:41:15,11.54,0.01,10,11540,买盘
259,14:41:12,11.53,-0.01,39,44967,卖盘
260,14:41:09,11.54,--,24,27695,买盘
261,14:41:06,11.54,0.01,29,33466,买盘
262,14:41:03,11.53,--,22,25366,卖盘
263,14:41:00,11.53,--,118,136054,卖盘
264,14:40:57,11.53,--,50,57650,卖盘
265,14:40:51,11.53,-0.01,10,11530,卖盘
266,14:40:48,11.54,0.01,82,94628,买盘
267,14:40:42,11.53,--,114,131442,卖盘
268,14:40:39,11.53,--,4,4612,卖盘
269,14:40:36,11.53,--,10,11530,卖盘
270,14:40:33,11.53,--,12,13836,卖盘
271,14:40:30,11.53,--,10,11530,卖盘
272,14:40:21,11.53,--,10,11530,卖盘
273,14:40:18,11.53,--,45,51885,卖盘
274,14:40:15,11.53,--,12,13836,卖盘
275,14:40:12,11.53,-0.01,10,11530,卖盘
276,14:40:09,11.54,--,22,25387,买盘
277,14:40:06,11.54,0.01,20,23080,买盘
278,14:40:03,11.53,-0.01,51,58803,卖盘
279,14:40:00,11.54,0.01,5,5770,买盘
280,14:39:57,11.53,--,10,11530,卖盘
281,14:39:51,11.53,--,12,13836,卖盘
282,14:39:48,11.53,-0.01,6,6918,卖盘
283,14:39:45,11.54,0.01,7,8077,买盘
284,14:39:42,11.53,--,10,11530,卖盘
285,14:39:36,11.53,-0.01,10,11530,卖盘
286,14:39:33,11.54,0.01,153,176562,买盘
287,14:39:30,11.53,--,59,68257,卖盘
288,14:39:27,11.53,-0.01,1,1153,卖盘
289,14:39:24,11.54,0.01,10,11540,买盘
290,14:39:21,11.53,-0.01,9,10377,卖盘
291,14:39:15,11.54,--,1,1154,买盘
292,14:39:12,11.54,--,33,38082,买盘
293,14:39:09,11.54,--,22,25387,买盘
294,14:39:06,11.54,0.01,48,55391,买盘
295,14:39:03,11.53,-0.01,67,77251,卖盘
296,14:38:57,11.54,0.01,2,2308,买盘
297,14:38:54,11.53,--,101,116453,卖盘
298,14:38:51,11.53,--,11,12683,卖盘
299,14:38:48,11.53,--,63,72639,卖盘
300,14:38:45,11.53,-0.01,20,23060,卖盘
301,14:38:42,11.54,--,16,18464,买盘
302,14:38:39,11.54,0.01,29,33466,买盘
303,14:38:36,11.53,--,9,10377,卖盘
304,14:38:33,11.53,-0.01,901,1038853,卖盘
305,14:38:30,11.54,0.01,5,5770,买盘
306,14:38:27,11.53,--,43,49579,卖盘
307,14:38:24,11.53,--,1,1153,卖盘
308,14:38:21,11.53,--,30,34590,卖盘
309,14:38:15,11.53,--,10,11530,卖盘
310,14:38:12,11.53,-0.01,9,10377,卖盘
311,14:38:09,11.54,--,27,31157,买盘
312,14:38:06,11.54,0.01,76,87704,买盘
313,14:38:03,11.53,--,15,17295,卖盘
314,14:37:51,11.53,-0.01,10,11530,卖盘
315,14:37:48,11.54,--,31,35774,买盘
316,14:37:42,11.54,--,12,13847,买盘
317,14:37:39,11.54,0.01,3,3461,买盘
318,14:37:36,11.53,--,22,25366,卖盘
319,14:37:33,11.53,--,11,12683,卖盘
320,14:37:30,11.53,--,2,2306,卖盘
321,14:37:21,11.53,-0.01,11,12683,卖盘
322,14:37:18,11.54,--,8,9232,买盘
323,14:37:15,11.54,0.01,2,2308,买盘
324,14:37:12,11.53,-0.01,9,10377,卖盘
325,14:37:09,11.54,--,32,36928,买盘
326,14:37:06,11.54,0.01,32,36928,买盘
327,14:37:03,11.53,--,59,68027,卖盘
328,14:36:51,11.53,--,19,21907,卖盘
329,14:36:42,11.53,--,9,10377,卖盘
330,14:36:36,11.53,--,10,11530,卖盘
331,14:36:33,11.53,-0.01,112,129136,卖盘
332,14:36:30,11.54,0.01,1,1154,买盘
333,14:36:21,11.53,--,16,18448,卖盘
334,14:36:18,11.53,--,4,4612,卖盘
335,14:36:12,11.53,-0.01,20,23060,卖盘
336,14:36:09,11.54,--,18,20772,买盘
337,14:36:06,11.54,0.01,165,190410,买盘
338,14:36:03,11.53,--,12,13836,卖盘
339,14:35:57,11.53,-0.01,5,5765,卖盘
340,14:35:54,11.54,0.01,50,57699,买盘
341,14:35:51,11.53,--,14,16142,卖盘
342,14:35:48,11.53,--,140,161420,卖盘
343,14:35:45,11.53,--,15,17295,卖盘
344,14:35:42,11.53,--,10,11530,卖盘
345,14:35:39,11.53,--,10,11530,卖盘
346,14:35:36,11.53,--,10,11530,卖盘
347,14:35:33,11.53,--,11,12683,卖盘
348,14:35:30,11.53,-0.01,4,4612,卖盘
349,14:35:27,11.54,0.01,5,5770,买盘
350,14:35:21,11.53,--,359,413927,卖盘
351,14:35:18,11.53,--,15,17295,卖盘
352,14:35:15,11.53,--,4,4612,卖盘
353,14:35:12,11.53,--,9,10377,卖盘
354,14:35:09,11.53,-0.01,95,109535,卖盘
355,14:35:06,11.54,0.01,48,55391,买盘
356,14:35:03,11.53,-0.01,11,12683,卖盘
357,14:35:00,11.54,--,5,5770,买盘
358,14:34:57,11.54,0.01,1,1154,买盘
359,14:34:51,11.53,-0.01,10,11530,卖盘
360,14:34:48,11.54,0.01,21,24234,买盘
361,14:34:42,11.53,-0.01,9,10377,卖盘
362,14:34:39,11.54,--,10,11540,买盘
363,14:34:36,11.54,0.01,133,153482,买盘
364,14:34:33,11.53,-0.01,12,13836,卖盘
365,14:34:30,11.54,--,3,3461,买盘
366,14:34:24,11.54,0.01,3,3461,买盘
367,14:34:21,11.53,--,10,11530,卖盘
368,14:34:12,11.53,-0.01,10,11530,卖盘
369,14:34:09,11.54,--,20,23080,买盘
370,14:34:06,11.54,0.01,69,79626,买盘
371,14:34:03,11.53,--,13,14989,卖盘
372,14:34:00,11.53,--,53,61109,卖盘
373,14:33:51,11.53,--,9,10377,卖盘
374,14:33:48,11.53,--,29,33437,卖盘
375,14:33:42,11.53,--,14,16142,卖盘
376,14:33:39,11.53,--,10,11530,卖盘
377,14:33:36,11.53,-0.01,9,10377,卖盘
378,14:33:33,11.54,0.01,22,25387,买盘
379,14:33:30,11.53,-0.01,50,57650,卖盘
380,14:33:24,11.54,0.01,54,62315,买盘
381,14:33:21,11.53,-0.01,9,10377,卖盘
382,14:33:18,11.54,0.01,6,6923,买盘
383,14:33:12,11.53,-0.01,21,24213,卖盘
384,14:33:09,11.54,--,7,8077,买盘
385,14:33:06,11.54,0.01,132,152328,买盘
386,14:33:03,11.53,--,17,19601,卖盘
387,14:33:00,11.53,-0.01,8,9224,卖盘
388,14:32:57,11.54,0.01,55,63469,买盘
389,14:32:51,11.53,--,114,131442,卖盘
390,14:32:45,11.53,--,39,44967,卖盘
391,14:32:42,11.53,-0.01,3,3459,卖盘
392,14:32:39,11.54,0.01,161,185794,买盘
393,14:32:36,11.53,--,412,475036,卖盘
394,14:32:33,11.53,-0.01,106,122218,卖盘
395,14:32:30,11.54,0.01,9,10386,买盘
396,14:32:27,11.53,--,72,83016,卖盘
397,14:32:09,11.53,-0.01,2,2306,卖盘
398,14:32:06,11.54,0.01,41,47314,买盘
399,14:32:03,11.53,--,9,10377,买盘
400,14:32:00,11.53,--,11,12683,买盘
401,14:31:57,11.53,0.01,31,35743,中性盘
402,14:31:54,11.52,--,30,34560,卖盘
403,14:31:48,11.52,-0.01,48,55296,卖盘
404,14:31:45,11.53,0.01,3,3459,买盘
405,14:31:39,11.52,-0.01,42,48384,卖盘
406,14:31:36,11.53,--,17,19601,买盘
407,14:31:33,11.53,--,34,39202,中性盘
408,14:31:30,11.53,0.01,17,19601,中性盘
409,14:31:27,11.52,-0.01,138,158976,卖盘
410,14:31:24,11.53,--,69,79557,买盘
411,14:31:18,11.53,-0.01,10,11530,中性盘
412,14:31:12,11.54,0.01,17,19618,买盘
413,14:31:09,11.53,--,40,46120,买盘
414,14:31:06,11.53,--,37,42661,买盘
415,14:31:03,11.53,0.01,47,54191,买盘
416,14:31:00,11.52,-0.01,9,10368,卖盘
417,14:30:57,11.53,--,11,12683,买盘
418,14:30:54,11.53,--,17,19601,买盘
419,14:30:51,11.53,0.01,399,460047,买盘
420,14:30:48,11.52,-0.01,23,26496,卖盘
421,14:30:45,11.53,0.01,50,57650,买盘
422,14:30:39,11.52,--,72,82944,卖盘
423,14:30:36,11.52,-0.01,10,11520,卖盘
424,14:30:33,11.53,0.01,1,1153,买盘
425,14:30:30,11.52,-0.01,3,3456,卖盘
426,14:30:27,11.53,--,62,71486,买盘
427,14:30:24,11.53,0.01,58,66874,买盘
428,14:30:15,11.52,-0.01,4,4608,卖盘
429,14:30:12,11.53,--,5,5765,买盘
430,14:30:09,11.53,--,14,16142,买盘
431,14:30:06,11.53,-0.01,900,1037700,卖盘
432,14:30:03,11.54,0.01,16,18464,买盘
433,14:30:00,11.53,--,83,95699,卖盘
434,14:29:54,11.53,-0.01,30,34590,卖盘
435,14:29:51,11.54,0.01,132,152328,买盘
436,14:29:48,11.53,-0.01,10,11530,卖盘
437,14:29:45,11.54,--,32,36928,买盘
438,14:29:42,11.54,0.01,12,13847,买盘
439,14:29:36,11.53,-0.01,22,25366,卖盘
440,14:29:33,11.54,0.01,36,41544,买盘
441,14:29:30,11.53,--,41,47273,卖盘
442,14:29:27,11.53,--,19,21907,卖盘
443,14:29:24,11.53,--,3,3459,卖盘
444,14:29:21,11.53,-0.01,112,129136,卖盘
445,14:29:15,11.54,--,1,1154,买盘
446,14:29:12,11.54,--,12,13847,买盘
447,14:29:09,11.54,--,8,9232,买盘
448,14:29:06,11.54,--,22,25387,买盘
449,14:29:03,11.54,0.01,33,38082,买盘
450,14:29:00,11.53,-0.01,12,13836,卖盘
451,14:28:57,11.54,--,5,5770,买盘
452,14:28:51,11.54,-0.01,103,118861,卖盘
453,14:28:48,11.55,--,129,148995,买盘
454,14:28:45,11.55,--,63,72765,买盘
455,14:28:42,11.55,--,26,30030,买盘
456,14:28:39,11.55,--,3,3465,买盘
457,14:28:36,11.55,--,27,31185,买盘
458,14:28:33,11.55,--,37,42735,买盘
459,14:28:27,11.55,--,17,19635,买盘
460,14:28:24,11.55,0.01,50,57750,买盘
461,14:28:21,11.54,-0.01,121,139634,卖盘
462,14:28:18,11.55,--,12,13860,买盘
463,14:28:15,11.55,--,9,10395,买盘
464,14:28:12,11.55,--,27,31185,买盘
465,14:28:09,11.55,0.02,70,80850,买盘
466,14:28:06,11.53,-0.01,66,76098,卖盘
467,14:28:03,11.54,--,157,181178,卖盘
468,14:27:57,11.54,-0.01,1,1154,卖盘
469,14:27:54,11.55,0.01,10,11550,买盘
470,14:27:51,11.54,-0.01,5,5770,卖盘
471,14:27:48,11.55,0.01,24,27720,买盘
472,14:27:45,11.54,--,55,63469,买盘
473,14:27:42,11.54,--,32,36928,买盘
474,14:27:39,11.54,-0.01,62,71548,中性盘
475,14:27:36,11.55,--,29,33495,买盘
476,14:27:33,11.55,--,55,63698,买盘
477,14:27:30,11.55,0.01,61,70455,买盘
478,14:27:27,11.54,--,9,10386,卖盘
479,14:27:24,11.54,--,0,980,买盘
480,14:27:21,11.54,--,9,10559,卖盘
481,14:27:15,11.54,--,39,45006,卖盘
482,14:27:12,11.54,--,60,69240,卖盘
483,14:27:09,11.54,0.01,215,249090,买盘
484,14:27:06,11.53,-0.01,10,11530,卖盘
485,14:27:03,11.54,--,25,28849,买盘
486,14:27:00,11.54,0.01,5,5770,买盘
487,14:26:57,11.53,-0.01,3,3459,卖盘
488,14:26:54,11.54,0.01,46,53083,买盘
489,14:26:51,11.53,-0.01,10,11530,卖盘
490,14:26:48,11.54,-0.01,102,117881,卖盘
491,14:26:45,11.55,0.01,43,49665,买盘
492,14:26:42,11.54,--,23,26541,卖盘
493,14:26:39,11.54,--,53,61485,卖盘
494,14:26:36,11.54,--,68,79372,卖盘
495,14:26:33,11.54,-0.01,57,66251,卖盘
496,14:26:30,11.55,0.01,63,72845,买盘
497,14:26:27,11.54,--,40,46160,卖盘
498,14:26:21,11.54,--,9,10386,卖盘
499,14:26:18,11.54,-0.01,4,4616,卖盘
500,14:26:15,11.55,0.01,50,57750,买盘
501,14:26:12,11.54,-0.01,10,11540,卖盘
502,14:26:09,11.55,0.01,17,19635,买盘
503,14:26:06,11.54,--,27,31157,卖盘
504,14:26:03,11.54,--,46,53083,卖盘
505,14:25:54,11.54,-0.01,61,70394,卖盘
506,14:25:51,11.55,--,14,16170,买盘
507,14:25:48,11.55,--,13,15373,买盘
508,14:25:45,11.55,0.01,47,54285,买盘
509,14:25:42,11.54,--,39,45006,卖盘
510,14:25:39,11.54,--,87,100397,卖盘
511,14:25:36,11.54,--,13,15001,卖盘
512,14:25:33,11.54,--,54,62315,卖盘
513,14:25:27,11.54,-0.01,44,50775,卖盘
514,14:25:24,11.55,0.01,87,100485,买盘
515,14:25:21,11.54,--,10,11540,卖盘
516,14:25:18,11.54,--,10,11540,卖盘
517,14:25:15,11.54,--,57,65778,卖盘
518,14:25:12,11.54,-0.01,13,15001,卖盘
519,14:25:09,11.55,0.01,23,26565,买盘
520,14:25:06,11.54,-0.01,9,10386,卖盘
521,14:25:03,11.55,0.01,18,20790,买盘
522,14:25:00,11.54,-0.01,6,6923,卖盘
523,14:24:57,11.55,0.01,63,72765,买盘
524,14:24:54,11.54,--,31,35774,买盘
525,14:24:51,11.54,--,48,55391,卖盘
526,14:24:48,11.54,-0.01,10,11540,卖盘
527,14:24:45,11.55,--,8,9240,买盘
528,14:24:42,11.55,0.02,29,33495,买盘
529,14:24:39,11.53,-0.01,34,39202,卖盘
530,14:24:36,11.54,0.01,22,25387,中性盘
531,14:24:33,11.53,--,38,43814,卖盘
532,14:24:30,11.53,--,12,14135,卖盘
533,14:24:24,11.53,--,109,125780,卖盘
534,14:24:21,11.53,--,21,24213,卖盘
535,14:24:18,11.53,--,72,84111,卖盘
536,14:24:15,11.53,-0.01,17,19601,卖盘
537,14:24:12,11.54,--,219,252725,卖盘
538,14:24:09,11.54,--,97,111937,卖盘
539,14:24:06,11.54,-0.01,125,144250,卖盘
540,14:24:03,11.55,--,32,36960,买盘
541,14:24:00,11.55,0.01,53,61215,买盘
542,14:23:54,11.54,--,1,1154,卖盘
543,14:23:51,11.54,0.01,105,121169,买盘
544,14:23:48,11.53,--,46,53038,卖盘
545,14:23:42,11.53,-0.01,925,1066525,卖盘
546,14:23:39,11.54,0.01,11,12693,买盘
547,14:23:36,11.53,-0.01,9,10377,卖盘
548,14:23:33,11.54,--,29,33466,买盘
549,14:23:30,11.54,--,8,9232,买盘
550,14:23:27,11.54,--,14,16155,买盘
551,14:23:24,11.54,--,11,12693,买盘
552,14:23:21,11.54,0.01,82,94628,买盘
553,14:23:18,11.53,--,42,48426,卖盘
554,14:23:15,11.53,--,63,72639,卖盘
555,14:23:12,11.53,--,30,34590,卖盘
556,14:23:09,11.53,-0.01,70,80710,卖盘
557,14:23:06,11.54,--,42,48468,买盘
558,14:23:03,11.54,--,27,31157,买盘
559,14:22:54,11.54,0.01,20,23080,买盘
560,14:22:51,11.53,--,184,212152,卖盘
561,14:22:48,11.53,--,380,438140,卖盘
562,14:22:42,11.53,-0.01,12,13836,卖盘
563,14:22:39,11.54,0.01,24,27695,买盘
564,14:22:36,11.53,-0.01,19,21907,卖盘
565,14:22:33,11.54,0.01,24,27695,买盘
566,14:22:27,11.53,--,39,44967,卖盘
567,14:22:24,11.53,--,3,3459,卖盘
568,14:22:21,11.53,-0.01,14,16142,卖盘
569,14:22:18,11.54,--,1,1154,买盘
570,14:22:15,11.54,--,119,137326,买盘
571,14:22:12,11.54,--,49,56545,买盘
572,14:22:09,11.54,0.01,118,136172,买盘
573,14:22:06,11.53,-0.01,18,20754,卖盘
574,14:22:03,11.54,--,24,27695,买盘
575,14:21:54,11.54,0.01,6,6923,买盘
576,14:21:51,11.53,-0.01,28,32284,卖盘
577,14:21:48,11.54,0.01,37,42698,买盘
578,14:21:45,11.53,--,28,32284,卖盘
579,14:21:42,11.53,--,10,11530,卖盘
580,14:21:39,11.53,-0.01,39,44967,卖盘
581,14:21:36,11.54,--,44,50775,买盘
582,14:21:33,11.54,--,61,70394,买盘
583,14:21:30,11.54,--,67,77318,买盘
584,14:21:24,11.54,0.01,13,15001,买盘
585,14:21:21,11.53,-0.01,10,11530,卖盘
586,14:21:12,11.54,--,29,33466,买盘
587,14:21:09,11.54,0.01,56,64623,买盘
588,14:21:06,11.53,-0.01,25,28825,卖盘
589,14:21:03,11.54,--,32,36928,买盘
590,14:20:57,11.54,--,1,1154,买盘
591,14:20:54,11.54,0.01,17,19618,买盘
592,14:20:51,11.53,-0.01,21,24213,卖盘
593,14:20:45,11.54,--,100,115399,买盘
594,14:20:42,11.54,--,45,51929,买盘
595,14:20:39,11.54,--,91,105013,买盘
596,14:20:36,11.54,--,24,27695,买盘
597,14:20:33,11.54,--,40,46160,买盘
598,14:20:30,11.54,--,35,40390,买盘
599,14:20:27,11.54,0.01,54,62315,买盘
600,14:20:21,11.53,--,11,12683,卖盘
601,14:20:18,11.53,--,130,149890,买盘
602,14:20:15,11.53,--,11,12683,买盘
603,14:20:12,11.53,--,49,56497,买盘
604,14:20:09,11.53,0.01,24,27672,买盘
605,14:20:06,11.52,-0.01,51,58752,卖盘
606,14:20:03,11.53,--,139,160267,买盘
607,14:20:00,11.53,--,5,5765,买盘
608,14:19:57,11.53,--,10,11530,买盘
609,14:19:54,11.53,--,7,8071,买盘
610,14:19:51,11.53,--,16,18448,买盘
611,14:19:45,11.53,--,1,1153,买盘
612,14:19:42,11.53,--,10,11530,买盘
613,14:19:39,11.53,--,309,356277,买盘
614,14:19:36,11.53,--,70,80710,买盘
615,14:19:33,11.53,0.01,20,23060,买盘
616,14:19:30,11.52,-0.01,5,5760,卖盘
617,14:19:27,11.53,--,105,121065,买盘
618,14:19:24,11.53,0.01,15,17295,买盘
619,14:19:21,11.52,-0.01,12,13824,卖盘
620,14:19:18,11.53,--,17,19601,买盘
621,14:19:15,11.53,0.01,31,35743,买盘
622,14:19:12,11.52,-0.01,74,85248,卖盘
623,14:19:09,11.53,--,16,18448,买盘
624,14:19:03,11.53,0.01,223,257119,买盘
625,14:19:00,11.52,--,17,19584,卖盘
626,14:18:57,11.52,-0.01,127,146304,卖盘
627,14:18:54,11.53,0.01,55,63415,买盘
628,14:18:51,11.52,--,245,282240,卖盘
629,14:18:48,11.52,-0.01,100,115200,卖盘
630,14:18:45,11.53,--,5,5765,买盘
631,14:18:42,11.53,0.01,16,18448,买盘
632,14:18:39,11.52,-0.01,22,25344,卖盘
633,14:18:36,11.53,0.01,11,12683,买盘
634,14:18:33,11.52,-0.01,81,93312,卖盘
635,14:18:30,11.53,--,4,4612,买盘
636,14:18:27,11.53,--,17,19601,卖盘
637,14:18:21,11.53,--,15,17295,卖盘
638,14:18:12,11.53,--,9,10377,卖盘
639,14:18:09,11.53,0.01,17,19601,卖盘
640,14:18:06,11.52,-0.02,32,36864,卖盘
641,14:18:03,11.54,0.02,40,46160,买盘
642,14:18:00,11.52,-0.01,230,264960,卖盘
643,14:17:57,11.53,--,11,12683,买盘
644,14:17:54,11.53,0.01,44,50732,买盘
645,14:17:51,11.52,--,631,726912,卖盘
646,14:17:48,11.52,--,39,44928,卖盘
647,14:17:45,11.52,-0.01,90,103680,卖盘
648,14:17:42,11.53,0.01,27,31131,买盘
649,14:17:39,11.52,--,41,47232,卖盘
650,14:17:36,11.52,-0.01,20,23040,卖盘
651,14:17:33,11.53,0.01,29,33437,买盘
652,14:17:30,11.52,--,28,32256,卖盘
653,14:17:27,11.52,--,123,141696,卖盘
654,14:17:24,11.52,--,67,77184,卖盘
655,14:17:21,11.52,-0.01,231,266112,卖盘
656,14:17:18,11.53,0.01,1,1153,买盘
657,14:17:15,11.52,--,1,1152,卖盘
658,14:17:12,11.52,-0.01,16,18432,卖盘
659,14:17:09,11.53,0.01,25,28825,买盘
660,14:17:06,11.52,-0.02,288,331776,卖盘
661,14:17:03,11.54,0.01,25,28849,买盘
662,14:17:00,11.53,--,3,3459,卖盘
663,14:16:54,11.53,--,42,48426,卖盘
664,14:16:51,11.53,--,17,19601,卖盘
665,14:16:48,11.53,--,44,50732,卖盘
666,14:16:45,11.53,--,142,163726,买盘
667,14:16:42,11.53,0.01,10,11530,买盘
668,14:16:39,11.52,-0.01,42,48384,卖盘
669,14:16:36,11.53,--,32,36896,买盘
670,14:16:33,11.53,0.02,231,266343,买盘
671,14:16:30,11.51,-0.02,94,108194,卖盘
672,14:16:27,11.53,--,12,13836,买盘
673,14:16:24,11.53,0.01,35,40355,买盘
674,14:16:21,11.52,-0.01,19,21888,卖盘
675,14:16:15,11.53,--,20,23060,买盘
676,14:16:12,11.53,0.01,250,288250,买盘
677,14:16:09,11.52,--,46,52992,买盘
678,14:16:06,11.52,--,169,194688,买盘
679,14:16:03,11.52,--,25,28800,买盘
680,14:16:00,11.52,0.01,23,26496,中性盘
681,14:15:51,11.51,-0.02,730,840230,卖盘
682,14:15:48,11.53,0.01,5,5765,中性盘
683,14:15:45,11.52,-0.02,2016,2322432,卖盘
684,14:15:42,11.54,0.01,71,81934,买盘
685,14:15:33,11.53,--,26,29978,卖盘
686,14:15:30,11.53,-0.01,90,103770,卖盘
687,14:15:27,11.54,--,40,46160,买盘
688,14:15:24,11.54,0.01,10,11540,买盘
689,14:15:21,11.53,--,28,32284,卖盘
690,14:15:18,11.53,--,39,44967,卖盘
691,14:15:15,11.53,-0.01,15,17295,卖盘
692,14:15:12,11.54,--,198,228491,卖盘
693,14:15:09,11.54,--,277,319658,卖盘
694,14:15:06,11.54,--,63,72702,卖盘
695,14:15:03,11.54,--,34,39236,卖盘
696,14:15:00,11.54,--,79,91166,卖盘
697,14:14:57,11.54,--,212,244647,卖盘
698,14:14:54,11.54,--,50,57699,卖盘
699,14:14:51,11.54,-0.01,459,529686,卖盘
700,14:14:48,11.55,0.01,12,13860,买盘
701,14:14:45,11.54,--,8,9232,卖盘
702,14:14:42,11.54,--,11,12693,卖盘
703,14:14:39,11.54,-0.01,164,189256,卖盘
704,14:14:36,11.55,--,16,18480,买盘
705,14:14:33,11.55,0.01,47,54285,买盘
706,14:14:30,11.54,--,51,58853,卖盘
707,14:14:27,11.54,-0.01,1,1154,卖盘
708,14:14:24,11.55,0.01,15,17325,买盘
709,14:14:21,11.54,--,25,28849,卖盘
710,14:14:18,11.54,-0.01,4,4616,卖盘
711,14:14:15,11.55,0.01,113,130515,买盘
712,14:14:12,11.54,-0.01,62,71548,卖盘
713,14:14:09,11.55,--,43,49665,买盘
714,14:14:06,11.55,--,29,33495,买盘
715,14:14:03,11.55,0.01,21,24255,买盘
716,14:14:00,11.54,-0.01,455,525970,卖盘
717,14:13:54,11.55,--,16,18480,卖盘
718,14:13:51,11.55,--,86,99330,卖盘
719,14:13:45,11.55,-0.01,210,242550,卖盘
720,14:13:42,11.56,0.01,10,11560,买盘
721,14:13:33,11.55,--,10,11550,卖盘
722,14:13:30,11.55,--,4,4620,卖盘
723,14:13:24,11.55,--,4,4620,卖盘
724,14:13:21,11.55,--,40,46200,卖盘
725,14:13:18,11.55,-0.01,100,115500,卖盘
726,14:13:12,11.56,--,31,35836,买盘
727,14:13:09,11.56,--,28,32368,买盘
728,14:13:06,11.56,--,41,47396,买盘
729,14:13:03,11.56,0.01,14,16184,买盘
730,14:13:00,11.55,--,60,69300,卖盘
731,14:12:54,11.55,-0.01,4,4620,卖盘
732,14:12:51,11.56,--,6,6936,卖盘
733,14:12:48,11.56,-0.01,2,2312,买盘
734,14:12:45,11.57,0.01,88,101816,买盘
735,14:12:42,11.56,0.01,11,12716,买盘
736,14:12:33,11.55,-0.01,29,33495,卖盘
737,14:12:24,11.56,0.01,6,6936,买盘
738,14:12:21,11.55,--,11,12705,卖盘
739,14:12:18,11.55,-0.01,3,3465,卖盘
740,14:12:15,11.56,--,52,60112,买盘
741,14:12:12,11.56,--,15,17340,买盘
742,14:12:09,11.56,--,18,20808,买盘
743,14:12:06,11.56,--,6,6936,买盘
744,14:12:03,11.56,0.01,17,19652,买盘
745,14:12:00,11.55,-0.01,8,9240,卖盘
746,14:11:54,11.56,0.01,7,8092,买盘
747,14:11:51,11.55,-0.01,10,11550,卖盘
748,14:11:45,11.56,-0.01,2,2312,卖盘
749,14:11:42,11.57,0.01,11,12727,买盘
750,14:11:39,11.56,--,61,70516,卖盘
751,14:11:33,11.56,--,29,33524,卖盘
752,14:11:24,11.56,--,7,8092,买盘
753,14:11:21,11.56,0.01,20,23120,买盘
754,14:11:18,11.55,--,14,16170,卖盘
755,14:11:15,11.55,-0.01,25,28875,卖盘
756,14:11:12,11.56,-0.01,911,1053116,卖盘
757,14:11:09,11.57,0.01,114,131898,买盘
758,14:11:06,11.56,--,12,13872,买盘
759,14:11:03,11.56,0.01,107,123692,买盘
760,14:11:00,11.55,--,1,1155,卖盘
761,14:10:51,11.55,--,11,12705,卖盘
762,14:10:48,11.55,--,3,3465,卖盘
763,14:10:45,11.55,--,51,58905,卖盘
764,14:10:42,11.55,-0.01,9,10395,卖盘
765,14:10:36,11.56,0.01,28,32368,买盘
766,14:10:33,11.55,-0.01,10,11550,卖盘
767,14:10:27,11.56,--,3,3468,买盘
768,14:10:24,11.56,0.01,25,28900,买盘
769,14:10:21,11.55,--,74,85470,卖盘
770,14:10:18,11.55,--,36,41580,卖盘
771,14:10:15,11.55,-0.02,1,1155,卖盘
772,14:10:12,11.57,--,21,24297,买盘
773,14:10:09,11.57,--,34,39338,买盘
774,14:10:06,11.57,0.01,6,6942,买盘
775,14:10:03,11.56,--,9,10404,卖盘
776,14:10:00,11.56,-0.01,15,17340,卖盘
777,14:09:57,11.57,--,19,21983,买盘
778,14:09:54,11.57,0.01,33,38181,买盘
779,14:09:51,11.56,-0.01,6,6936,卖盘
780,14:09:48,11.57,--,10,11570,买盘
781,14:09:45,11.57,0.01,39,45123,买盘
782,14:09:42,11.56,-0.01,10,11560,卖盘
783,14:09:36,11.57,--,12,13884,买盘
784,14:09:33,11.57,--,35,40495,买盘
785,14:09:30,11.57,--,37,42809,买盘
786,14:09:27,11.57,--,93,107601,买盘
787,14:09:24,11.57,0.02,13,15041,买盘
788,14:09:21,11.55,-0.01,15,17325,卖盘
789,14:09:18,11.56,0.01,3,3468,买盘
790,14:09:15,11.55,-0.02,21,24255,卖盘
791,14:09:12,11.57,--,32,37024,买盘
792,14:09:09,11.57,--,81,93717,买盘
793,14:09:06,11.57,0.02,47,54379,买盘
794,14:09:03,11.55,--,96,110880,卖盘
795,14:09:00,11.55,-0.02,209,241395,卖盘
796,14:08:57,11.57,--,22,25454,买盘
797,14:08:54,11.57,0.02,55,63635,买盘
798,14:08:51,11.55,--,57,65835,卖盘
799,14:08:48,11.55,--,83,95865,卖盘
800,14:08:45,11.55,--,3,3465,卖盘
801,14:08:42,11.55,--,38,43890,卖盘
802,14:08:36,11.55,-0.01,2,2310,卖盘
803,14:08:33,11.56,--,39,45084,买盘
804,14:08:30,11.56,--,26,30056,买盘
805,14:08:27,11.56,--,84,97104,买盘
806,14:08:24,11.56,--,286,331587,卖盘
807,14:08:21,11.56,-0.01,10,11560,卖盘
808,14:08:18,11.57,--,3,3471,买盘
809,14:08:12,11.57,--,32,37024,买盘
810,14:08:09,11.57,0.01,107,123799,买盘
811,14:08:06,11.56,-0.01,907,1048492,卖盘
812,14:08:03,11.57,0.01,47,54379,买盘
813,14:08:00,11.56,--,6,6936,卖盘
814,14:07:57,11.56,-0.01,29,33524,卖盘
815,14:07:54,11.57,0.01,3,3471,买盘
816,14:07:51,11.56,-0.01,9,10404,卖盘
817,14:07:48,11.57,--,96,111072,买盘
818,14:07:45,11.57,--,9,10413,买盘
819,14:07:42,11.57,0.01,11,12727,买盘
820,14:07:36,11.56,--,3,3468,卖盘
821,14:07:33,11.56,-0.01,10,11560,卖盘
822,14:07:27,11.57,0.01,70,80990,买盘
823,14:07:21,11.56,-0.01,9,10404,卖盘
824,14:07:15,11.57,0.01,3,3471,买盘
825,14:07:12,11.56,-0.01,10,11560,卖盘
826,14:07:09,11.57,--,44,50908,买盘
827,14:07:06,11.57,--,12,13884,买盘
828,14:07:03,11.57,0.01,15,17355,买盘
829,14:07:00,11.56,-0.01,40,46240,卖盘
830,14:06:54,11.57,0.01,10,11570,买盘
831,14:06:51,11.56,-0.01,10,11560,卖盘
832,14:06:48,11.57,--,3,3471,买盘
833,14:06:45,11.57,0.01,11,12727,买盘
834,14:06:42,11.56,-0.01,9,10404,卖盘
835,14:06:39,11.57,0.01,21,24297,买盘
836,14:06:33,11.56,--,10,11560,卖盘
837,14:06:30,11.56,-0.01,3,3468,卖盘
838,14:06:27,11.57,--,14,16198,买盘
839,14:06:24,11.57,0.01,144,166608,买盘
840,14:06:21,11.56,--,77,89012,卖盘
841,14:06:18,11.56,--,253,292468,卖盘
842,14:06:12,11.56,--,23,26588,卖盘
843,14:06:09,11.56,--,122,141032,卖盘
844,14:06:06,11.56,-0.01,1,1156,卖盘
845,14:06:03,11.57,--,24,27768,买盘
846,14:05:54,11.57,0.01,7,8099,买盘
847,14:05:51,11.56,--,41,47396,卖盘
848,14:05:48,11.56,--,50,57800,卖盘
849,14:05:45,11.56,--,21,24276,卖盘
850,14:05:42,11.56,--,10,11560,卖盘
851,14:05:39,11.56,-0.01,12,13872,卖盘
852,14:05:36,11.57,--,336,388752,买盘
853,14:05:33,11.57,--,16,18512,买盘
854,14:05:24,11.57,0.01,54,62478,买盘
855,14:05:21,11.56,--,33,38148,卖盘
856,14:05:18,11.56,-0.01,10,11560,卖盘
857,14:05:15,11.57,--,13,15041,买盘
858,14:05:12,11.57,--,51,59007,买盘
859,14:05:09,11.57,0.01,61,70577,买盘
860,14:05:06,11.56,-0.01,106,122536,卖盘
861,14:05:03,11.57,0.01,32,37024,买盘
862,14:04:57,11.56,--,90,104040,卖盘
863,14:04:51,11.56,--,10,11560,卖盘
864,14:04:42,11.56,-0.01,25,28900,卖盘
865,14:04:39,11.57,--,31,35867,买盘
866,14:04:36,11.57,0.01,20,23140,买盘
867,14:04:33,11.56,-0.01,22,25432,卖盘
868,14:04:30,11.57,--,91,105287,买盘
869,14:04:27,11.57,--,4,4628,买盘
870,14:04:24,11.57,0.01,53,61321,买盘
871,14:04:21,11.56,-0.01,29,33524,卖盘
872,14:04:15,11.57,0.01,52,60164,买盘
873,14:04:12,11.56,--,27,31212,卖盘
874,14:04:09,11.56,--,17,19652,卖盘
875,14:04:06,11.56,-0.01,1,1156,卖盘
876,14:04:03,11.57,0.01,20,23140,买盘
877,14:03:51,11.56,-0.01,15,17340,卖盘
878,14:03:45,11.57,0.01,30,34710,买盘
879,14:03:42,11.56,--,89,102884,卖盘
880,14:03:33,11.56,-0.01,110,127160,卖盘
881,14:03:30,11.57,0.01,3,3471,买盘
882,14:03:27,11.56,--,1,1156,卖盘
883,14:03:21,11.56,-0.01,9,10404,卖盘
884,14:03:18,11.57,--,100,115700,买盘
885,14:03:15,11.57,0.01,3,3471,买盘
886,14:03:12,11.56,-0.01,11,12716,卖盘
887,14:03:09,11.57,--,38,43966,买盘
888,14:03:06,11.57,--,14,16198,买盘
889,14:03:03,11.57,--,26,30082,买盘
890,14:03:00,11.57,--,54,62478,买盘
891,14:02:57,11.57,--,76,87932,卖盘
892,14:02:54,11.57,--,11,12727,卖盘
893,14:02:51,11.57,--,101,116857,卖盘
894,14:02:48,11.57,0.01,3,3471,买盘
895,14:02:42,11.56,--,158,182648,卖盘
896,14:02:39,11.56,-0.01,22,25432,卖盘
897,14:02:36,11.57,--,26,30082,买盘
898,14:02:33,11.57,--,109,126113,买盘
899,14:02:30,11.57,-0.01,3,3471,中性盘
900,14:02:27,11.58,0.01,8,9264,买盘
901,14:02:24,11.57,--,292,338758,卖盘
902,14:02:21,11.57,-0.01,47,54379,卖盘
903,14:02:15,11.58,0.01,3,3474,买盘
904,14:02:12,11.57,-0.01,25,28925,卖盘
905,14:02:09,11.58,--,27,31266,买盘
906,14:02:06,11.58,--,11,12738,买盘
907,14:02:03,11.58,0.01,20,23160,买盘
908,14:02:00,11.57,--,1,1157,卖盘
909,14:01:57,11.57,--,61,70577,卖盘
910,14:01:54,11.57,--,15,17355,卖盘
911,14:01:51,11.57,--,32,37024,卖盘
912,14:01:42,11.57,-0.01,27,31239,卖盘
913,14:01:39,11.58,--,11,12738,买盘
914,14:01:36,11.58,--,27,31266,买盘
915,14:01:33,11.58,--,32,37056,买盘
916,14:01:30,11.58,0.01,2,2316,买盘
917,14:01:27,11.57,-0.01,5,5785,卖盘
918,14:01:24,11.58,0.02,890,1030863,买盘
919,14:01:21,11.56,-0.01,10,11560,卖盘
920,14:01:15,11.57,--,47,54379,买盘
921,14:01:12,11.57,0.01,100,115700,买盘
922,14:01:09,11.56,-0.01,17,19652,卖盘
923,14:01:06,11.57,0.01,17,19669,买盘
924,14:01:03,11.56,--,257,297092,卖盘
925,14:01:00,11.56,--,1,1156,卖盘
926,14:00:57,11.56,-0.01,1,1156,卖盘
927,14:00:54,11.57,0.01,6,6942,买盘
928,14:00:51,11.56,-0.01,22,25432,卖盘
929,14:00:48,11.57,0.01,52,60164,买盘
930,14:00:42,11.56,--,12,13872,卖盘
931,14:00:33,11.56,--,25,28900,卖盘
932,14:00:30,11.56,--,22,25432,卖盘
933,14:00:24,11.56,--,5,6623,卖盘
934,14:00:21,11.56,-0.01,75,86700,卖盘
935,14:00:12,11.57,0.01,13,15041,买盘
936,14:00:09,11.56,-0.01,11,12716,卖盘
937,14:00:06,11.57,--,7,8099,买盘
938,14:00:03,11.57,--,55,63635,买盘
939,13:59:57,11.57,0.01,70,80990,买盘
940,13:59:54,11.56,--,1,1156,卖盘
941,13:59:51,11.56,-0.01,35,40460,卖盘
942,13:59:45,11.57,0.01,30,34710,买盘
943,13:59:42,11.56,-0.01,9,10404,卖盘
944,13:59:39,11.57,0.01,11,12727,买盘
945,13:59:36,11.56,--,99,114444,卖盘
946,13:59:33,11.56,-0.01,10,11560,卖盘
947,13:59:30,11.57,--,74,86532,卖盘
948,13:59:27,11.57,--,19,22225,卖盘
949,13:59:24,11.57,--,73,84461,卖盘
950,13:59:21,11.57,--,60,69420,卖盘
951,13:59:15,11.57,--,192,222144,卖盘
952,13:59:12,11.57,-0.01,9,10413,卖盘
953,13:59:09,11.58,--,11,12738,买盘
954,13:59:06,11.58,--,14,16212,买盘
955,13:59:03,11.58,0.01,70,81060,买盘
956,13:59:00,11.57,-0.01,12,13884,卖盘
957,13:58:57,11.58,0.01,6,6948,买盘
958,13:58:54,11.57,--,8,9256,卖盘
959,13:58:51,11.57,--,197,227929,买盘
960,13:58:48,11.57,0.01,53,61321,买盘
961,13:58:42,11.56,-0.01,10,11560,卖盘
962,13:58:36,11.57,0.01,50,57850,买盘
963,13:58:33,11.56,-0.01,9,10404,卖盘
964,13:58:30,11.57,--,110,127270,买盘
965,13:58:27,11.57,--,65,75459,买盘
966,13:58:24,11.57,0.01,11,12727,买盘
967,13:58:21,11.56,--,15,17340,卖盘
968,13:58:18,11.56,-0.01,30,34680,卖盘
969,13:58:15,11.57,--,4,4628,买盘
970,13:58:12,11.57,-0.01,21,24297,卖盘
971,13:58:09,11.58,--,3,3474,买盘
972,13:58:06,11.58,0.01,11,12738,买盘
973,13:58:03,11.57,0.01,14,16198,卖盘
974,13:58:00,11.56,--,13,15028,卖盘
975,13:57:57,11.56,--,4347,5025132,卖盘
976,13:57:54,11.56,--,306,353736,卖盘
977,13:57:51,11.56,--,11,12716,卖盘
978,13:57:48,11.56,--,6,6936,卖盘
979,13:57:45,11.56,--,137,158372,卖盘
980,13:57:42,11.56,--,587,678572,卖盘
981,13:57:39,11.56,--,11,12716,卖盘
982,13:57:36,11.56,-0.01,13,15028,卖盘
983,13:57:33,11.57,0.01,11,12727,买盘
984,13:57:30,11.56,--,2,2312,卖盘
985,13:57:27,11.56,--,19,21964,卖盘
986,13:57:24,11.56,--,56,64978,卖盘
987,13:57:21,11.56,-0.02,19,21964,卖盘
988,13:57:18,11.58,0.01,218,252444,买盘
989,13:57:15,11.57,-0.01,593,687119,卖盘
990,13:57:12,11.58,0.01,622,720276,买盘
991,13:57:09,11.57,-0.01,43,49751,卖盘
992,13:57:06,11.58,--,15,17370,买盘
993,13:57:03,11.58,0.01,18,20844,买盘
994,13:57:00,11.57,-0.01,5,5785,卖盘
995,13:56:57,11.58,0.01,6,6948,买盘
996,13:56:54,11.57,--,185,214045,卖盘
997,13:56:48,11.57,--,39,45123,卖盘
998,13:56:45,11.57,--,1,1157,卖盘
999,13:56:42,11.57,-0.01,22,25454,卖盘
1000,13:56:39,11.58,--,17,19686,买盘
1001,13:56:36,11.58,--,4,4632,买盘
1002,13:56:33,11.58,--,5,5790,买盘
1003,13:56:30,11.58,0.01,14,16212,买盘
1004,13:56:27,11.57,-0.01,2,2314,卖盘
1005,13:56:24,11.58,--,8,9507,买盘
1006,13:56:21,11.58,0.01,2,2316,买盘
1007,13:56:18,11.57,-0.01,37,42809,卖盘
1008,13:56:15,11.58,--,94,108852,买盘
1009,13:56:12,11.58,--,4,4632,买盘
1010,13:56:06,11.58,0.01,15,17370,买盘
1011,13:56:03,11.57,--,48,55536,卖盘
1012,13:56:00,11.57,--,9,10413,卖盘
1013,13:55:57,11.57,-0.01,32,37024,卖盘
1014,13:55:51,11.58,--,86,99588,买盘
1015,13:55:42,11.58,0.01,20,23160,买盘
1016,13:55:39,11.57,--,59,68263,卖盘
1017,13:55:36,11.57,-0.01,3,3471,卖盘
1018,13:55:33,11.58,0.01,4,4632,买盘
1019,13:55:30,11.57,--,200,231400,卖盘
1020,13:55:27,11.57,-0.01,5,5785,卖盘
1021,13:55:24,11.58,0.01,3,3474,买盘
1022,13:55:21,11.57,-0.01,13,15283,卖盘
1023,13:55:15,11.58,--,10,11580,买盘
1024,13:55:12,11.58,--,149,172542,买盘
1025,13:55:09,11.58,0.01,34,39372,买盘
1026,13:55:06,11.57,-0.01,23,26611,卖盘
1027,13:55:03,11.58,0.01,13,15054,买盘
1028,13:55:00,11.57,--,11,12727,卖盘
1029,13:54:57,11.57,-0.01,8,9256,卖盘
1030,13:54:54,11.58,0.01,14,16212,买盘
1031,13:54:51,11.57,--,11,12727,卖盘
1032,13:54:48,11.57,-0.01,13,15041,卖盘
1033,13:54:45,11.58,0.01,20,23160,买盘
1034,13:54:42,11.57,--,19,21983,卖盘
1035,13:54:39,11.57,--,1,1157,卖盘
1036,13:54:36,11.57,-0.01,6,6942,卖盘
1037,13:54:33,11.58,0.01,100,115800,买盘
1038,13:54:30,11.57,-0.01,21,24297,卖盘
1039,13:54:27,11.58,0.01,4,4632,买盘
1040,13:54:24,11.57,--,4,4882,卖盘
1041,13:54:21,11.57,-0.01,46,53222,卖盘
1042,13:54:18,11.58,--,15,17370,买盘
1043,13:54:15,11.58,--,4,4632,买盘
1044,13:54:12,11.58,0.01,63,72954,买盘
1045,13:54:06,11.57,--,15,17355,卖盘
1046,13:54:03,11.57,--,19,21983,卖盘
1047,13:54:00,11.57,--,17,19669,卖盘
1048,13:53:51,11.57,-0.01,10,11570,卖盘
1049,13:53:48,11.58,0.01,9,10422,买盘
1050,13:53:45,11.57,--,4,4628,卖盘
1051,13:53:42,11.57,-0.01,61,70577,卖盘
1052,13:53:33,11.58,0.01,3,3474,买盘
1053,13:53:30,11.57,--,56,64792,卖盘
1054,13:53:21,11.57,-0.01,27,31481,卖盘
1055,13:53:18,11.58,0.01,4,4632,买盘
1056,13:53:15,11.57,-0.01,8,9256,卖盘
1057,13:53:12,11.58,--,27,31266,买盘
1058,13:53:09,11.58,--,27,31266,买盘
1059,13:53:06,11.58,0.01,7,8106,买盘
1060,13:53:00,11.57,-0.01,40,46280,卖盘
1061,13:52:57,11.58,0.01,4,4632,买盘
1062,13:52:54,11.57,--,104,120328,卖盘
1063,13:52:51,11.57,--,35,40495,卖盘
1064,13:52:48,11.57,--,3,3471,卖盘
1065,13:52:42,11.57,--,270,312390,卖盘
1066,13:52:36,11.57,--,1,1157,卖盘
1067,13:52:33,11.57,-0.01,64,74048,卖盘
1068,13:52:30,11.58,--,25,29945,卖盘
1069,13:52:27,11.58,--,63,72954,卖盘
1070,13:52:24,11.58,--,4,4863,卖盘
1071,13:52:21,11.58,--,10,11580,卖盘
1072,13:52:18,11.58,--,1151,1333946,买盘
1073,13:52:15,11.58,--,26,30108,买盘
1074,13:52:12,11.58,--,26,30108,买盘
1075,13:52:06,11.58,--,20,23160,买盘
1076,13:52:03,11.58,0.01,247,286026,买盘
1077,13:52:00,11.57,-0.01,29,33553,卖盘
1078,13:51:57,11.58,--,31,35898,买盘
1079,13:51:54,11.58,0.01,10,11580,买盘
1080,13:51:51,11.57,-0.01,180,208260,卖盘
1081,13:51:48,11.58,0.01,950,1100100,买盘
1082,13:51:45,11.57,--,25,28925,卖盘
1083,13:51:42,11.57,-0.01,10,11570,卖盘
1084,13:51:33,11.58,0.01,6,6948,买盘
1085,13:51:30,11.57,--,10,11570,卖盘
1086,13:51:27,11.57,--,3,3471,卖盘
1087,13:51:24,11.57,--,870,1006832,卖盘
1088,13:51:21,11.57,-0.01,41,47437,卖盘
1089,13:51:18,11.58,--,41,47478,买盘
1090,13:51:15,11.58,--,133,154014,买盘
1091,13:51:12,11.58,--,21,24318,买盘
1092,13:51:09,11.58,--,23,26634,买盘
1093,13:51:06,11.58,0.01,8,9264,买盘
1094,13:51:03,11.57,--,25,28925,卖盘
1095,13:51:00,11.57,-0.01,18,20826,卖盘
1096,13:50:54,11.58,0.01,26,30108,买盘
1097,13:50:51,11.57,--,59,68263,卖盘
1098,13:50:48,11.57,--,3,3471,卖盘
1099,13:50:45,11.57,--,60,69420,卖盘
1100,13:50:42,11.57,-0.01,10,11570,卖盘
1101,13:50:39,11.58,--,50,57900,买盘
1102,13:50:36,11.58,--,40,46320,买盘
1103,13:50:33,11.58,0.01,24,27792,买盘
1104,13:50:30,11.57,--,10,11570,卖盘
1105,13:50:27,11.57,-0.01,7,8099,卖盘
1106,13:50:24,11.58,0.01,127,147066,买盘
1107,13:50:21,11.57,-0.01,28,32650,卖盘
1108,13:50:18,11.58,--,5,5790,买盘
1109,13:50:15,11.58,0.01,72,83376,买盘
1110,13:50:12,11.57,-0.01,135,156195,卖盘
1111,13:50:09,11.58,0.01,6,6948,买盘
1112,13:50:06,11.57,--,57,65949,卖盘
1113,13:50:03,11.57,--,77,89089,卖盘
1114,13:50:00,11.57,--,49,56693,卖盘
1115,13:49:57,11.57,-0.01,208,240656,卖盘
1116,13:49:54,11.58,0.01,25,28950,买盘
1117,13:49:51,11.57,-0.01,14,16198,卖盘
1118,13:49:48,11.58,0.01,80,92640,买盘
1119,13:49:42,11.57,-0.01,59,68263,卖盘
1120,13:49:39,11.58,--,6,6948,买盘
1121,13:49:36,11.58,0.01,93,107694,买盘
1122,13:49:33,11.57,--,29,33553,卖盘
1123,13:49:30,11.57,--,90,104130,卖盘
1124,13:49:27,11.57,-0.01,1,1157,卖盘
1125,13:49:24,11.58,--,6,6948,买盘
1126,13:49:21,11.58,0.01,253,293217,买盘
1127,13:49:18,11.57,--,10,11570,卖盘
1128,13:49:15,11.57,-0.01,4,4628,卖盘
1129,13:49:12,11.58,--,30,34740,买盘
1130,13:49:09,11.58,--,29,33582,买盘
1131,13:49:06,11.58,0.01,9,10422,买盘
1132,13:49:03,11.57,--,5,5785,卖盘
1133,13:49:00,11.57,--,22,25454,卖盘
1134,13:48:57,11.57,--,36,41652,卖盘
1135,13:48:54,11.57,--,60,69420,卖盘
1136,13:48:51,11.57,-0.01,12,13884,卖盘
1137,13:48:45,11.58,0.01,20,23160,买盘
1138,13:48:42,11.57,-0.01,10,11570,卖盘
1139,13:48:33,11.58,0.01,19,22002,买盘
1140,13:48:30,11.57,--,9,10413,卖盘
1141,13:48:27,11.57,-0.01,1,1157,卖盘
1142,13:48:24,11.58,0.01,23,26877,买盘
1143,13:48:21,11.57,--,10,11570,卖盘
1144,13:48:18,11.57,--,5,5785,卖盘
1145,13:48:15,11.57,--,114,131898,卖盘
1146,13:48:12,11.57,-0.01,15,17355,卖盘
1147,13:48:09,11.58,--,30,34740,买盘
1148,13:48:06,11.58,0.01,7,8106,买盘
1149,13:48:03,11.57,--,2,2314,卖盘
1150,13:48:00,11.57,--,11,12727,卖盘
1151,13:47:57,11.57,--,744,861293,买盘
1152,13:47:54,11.57,--,19,21983,买盘
1153,13:47:51,11.57,-0.01,84,97859,卖盘
1154,13:47:48,11.58,0.01,17,19686,买盘
1155,13:47:45,11.57,-0.01,27,31239,卖盘
1156,13:47:42,11.58,--,26,30108,买盘
1157,13:47:39,11.58,--,30,34740,买盘
1158,13:47:36,11.58,--,30,34740,买盘
1159,13:47:33,11.58,0.01,47,54426,买盘
1160,13:47:30,11.57,-0.01,20,23140,卖盘
1161,13:47:24,11.58,0.01,7,8106,买盘
1162,13:47:21,11.57,--,13,15041,卖盘
1163,13:47:18,11.57,--,4,4870,卖盘
1164,13:47:12,11.57,--,467,540561,买盘
1165,13:47:09,11.57,--,17,19669,买盘
1166,13:47:06,11.57,--,24,27768,买盘
1167,13:47:03,11.57,0.01,50,57850,买盘
1168,13:47:00,11.56,-0.01,13,15028,卖盘
1169,13:46:57,11.57,0.01,34,39338,买盘
1170,13:46:54,11.56,--,140,161840,卖盘
1171,13:46:51,11.56,--,40,46240,卖盘
1172,13:46:48,11.56,--,2,2312,卖盘
1173,13:46:42,11.56,-0.01,10,11560,卖盘
1174,13:46:36,11.57,--,36,41652,买盘
1175,13:46:33,11.57,--,412,477598,卖盘
1176,13:46:30,11.57,-0.01,18,20826,卖盘
1177,13:46:27,11.58,--,5,5790,买盘
1178,13:46:24,11.58,0.01,35,40530,买盘
1179,13:46:21,11.57,--,12,13884,卖盘
1180,13:46:18,11.57,-0.01,95,110157,卖盘
1181,13:46:15,11.58,--,39,45162,买盘
1182,13:46:12,11.58,0.01,32,37056,买盘
1183,13:46:09,11.57,--,74,85988,买盘
1184,13:46:06,11.57,--,14,16198,买盘
1185,13:46:03,11.57,0.01,5,5785,买盘
1186,13:46:00,11.56,-0.01,9,10404,卖盘
1187,13:45:57,11.57,0.01,48,55536,买盘
1188,13:45:54,11.56,-0.01,320,369920,卖盘
1189,13:45:51,11.57,--,199,230312,卖盘
1190,13:45:48,11.57,--,10,11570,卖盘
1191,13:45:42,11.57,--,39,45123,卖盘
1192,13:45:39,11.57,-0.01,3,3471,卖盘
1193,13:45:33,11.58,0.01,15,17370,买盘
1194,13:45:30,11.57,--,119,137683,卖盘
1195,13:45:27,11.57,--,135,157282,买盘
1196,13:45:24,11.57,--,78,90246,买盘
1197,13:45:21,11.57,--,46,53222,买盘
1198,13:45:18,11.57,--,19,22237,买盘
1199,13:45:15,11.57,--,39,45123,买盘
1200,13:45:12,11.57,--,15,17355,买盘
1201,13:45:09,11.57,--,25,28925,买盘
1202,13:45:06,11.57,--,325,376025,买盘
1203,13:45:03,11.57,0.01,20,23140,买盘
1204,13:45:00,11.56,-0.01,34,39304,卖盘
1205,13:44:57,11.57,--,9,10413,买盘
1206,13:44:54,11.57,0.01,45,52065,买盘
1207,13:44:51,11.56,-0.01,9,10404,卖盘
1208,13:44:48,11.57,0.01,364,421148,买盘
1209,13:44:45,11.56,-0.01,38,43928,卖盘
1210,13:44:42,11.57,--,47,54379,买盘
1211,13:44:39,11.57,--,95,109915,买盘
1212,13:44:36,11.57,--,9,10413,买盘
1213,13:44:33,11.57,0.01,108,124956,买盘
1214,13:44:30,11.56,--,19,21964,卖盘
1215,13:44:27,11.56,-0.01,1,1156,卖盘
1216,13:44:24,11.57,0.01,61,70577,买盘
1217,13:44:21,11.56,-0.01,10,11560,卖盘
1218,13:44:18,11.57,0.01,10,11570,买盘
1219,13:44:15,11.56,--,5,6022,卖盘
1220,13:44:12,11.56,-0.01,10,11560,卖盘
1221,13:44:09,11.57,--,44,50908,买盘
1222,13:44:06,11.57,--,154,178178,买盘
1223,13:44:03,11.57,0.01,23,26611,买盘
1224,13:44:00,11.56,-0.01,9,10404,卖盘
1225,13:43:57,11.57,--,2,2314,买盘
1226,13:43:54,11.57,0.01,22,25454,买盘
1227,13:43:51,11.56,-0.01,10,11560,卖盘
1228,13:43:48,11.57,--,21,24297,买盘
1229,13:43:45,11.57,0.01,32,37024,买盘
1230,13:43:42,11.56,-0.01,45,52020,卖盘
1231,13:43:39,11.57,--,1,1157,买盘
1232,13:43:36,11.57,--,2,2314,买盘
1233,13:43:33,11.57,--,3,3471,买盘
1234,13:43:30,11.57,--,21,24297,买盘
1235,13:43:27,11.57,0.01,7,8099,买盘
1236,13:43:21,11.56,-0.01,22,25432,卖盘
1237,13:43:18,11.57,0.01,11,12727,买盘
1238,13:43:15,11.56,-0.01,21,24518,卖盘
1239,13:43:12,11.57,--,18,20826,买盘
1240,13:43:09,11.57,--,21,24297,买盘
1241,13:43:06,11.57,0.01,25,28925,买盘
1242,13:43:03,11.56,--,124,143344,卖盘
1243,13:43:00,11.56,-0.01,153,176868,卖盘
1244,13:42:57,11.57,--,11,12727,买盘
1245,13:42:54,11.57,--,19,21983,买盘
1246,13:42:51,11.57,--,16,18512,买盘
1247,13:42:48,11.57,0.01,40,46280,买盘
1248,13:42:45,11.56,-0.01,44,50864,卖盘
1249,13:42:42,11.57,--,21,24297,买盘
1250,13:42:39,11.57,--,35,40495,买盘
1251,13:42:33,11.57,0.01,53,61321,买盘
1252,13:42:30,11.56,-0.01,10,11560,卖盘
1253,13:42:27,11.57,--,1,1157,买盘
1254,13:42:24,11.57,0.01,30,34710,买盘
1255,13:42:21,11.56,-0.01,9,10404,卖盘
1256,13:42:18,11.57,0.01,23,26865,买盘
1257,13:42:15,11.56,-0.01,103,119068,卖盘
1258,13:42:12,11.57,--,24,27768,买盘
1259,13:42:09,11.57,--,40,46280,买盘
1260,13:42:06,11.57,0.01,20,23140,买盘
1261,13:42:00,11.56,--,10,11560,卖盘
1262,13:41:57,11.56,--,4,4624,卖盘
1263,13:41:54,11.56,--,2,2312,卖盘
1264,13:41:51,11.56,-0.01,14,16426,卖盘
1265,13:41:48,11.57,0.01,21,24297,买盘
1266,13:41:42,11.56,-0.01,9,10404,卖盘
1267,13:41:39,11.57,--,11,12727,买盘
1268,13:41:36,11.57,--,1,1157,买盘
1269,13:41:33,11.57,0.01,55,63635,买盘
1270,13:41:30,11.56,--,23,26588,卖盘
1271,13:41:27,11.56,-0.01,5,5780,卖盘
1272,13:41:24,11.57,--,120,138840,买盘
1273,13:41:21,11.57,--,456,527592,买盘
1274,13:41:18,11.57,--,1,1157,买盘
1275,13:41:12,11.57,--,15,17355,买盘
1276,13:41:09,11.57,--,38,43966,买盘
1277,13:41:06,11.57,0.01,67,77519,买盘
1278,13:41:03,11.56,--,1,1156,卖盘
1279,13:41:00,11.56,-0.01,10,11560,卖盘
1280,13:40:51,11.57,--,18,20826,买盘
1281,13:40:48,11.57,--,6,6942,买盘
1282,13:40:42,11.57,--,43,49751,买盘
1283,13:40:39,11.57,--,110,127270,买盘
1284,13:40:36,11.57,--,2,2314,买盘
1285,13:40:33,11.57,0.01,3,3471,买盘
1286,13:40:30,11.56,--,32,36992,卖盘
1287,13:40:27,11.56,-0.01,10,11560,卖盘
1288,13:40:24,11.57,0.01,60,69674,买盘
1289,13:40:21,11.56,-0.01,9,10404,卖盘
1290,13:40:18,11.57,--,10,11570,买盘
1291,13:40:15,11.57,--,11,12727,买盘
1292,13:40:12,11.57,--,208,240656,买盘
1293,13:40:09,11.57,--,6,6942,买盘
1294,13:40:06,11.57,--,16,18512,买盘
1295,13:40:03,11.57,--,295,341315,买盘
1296,13:40:00,11.57,--,36,41652,买盘
1297,13:39:57,11.57,--,30,34710,买盘
1298,13:39:54,11.57,0.01,11,12727,买盘
1299,13:39:51,11.56,-0.01,10,11560,卖盘
1300,13:39:48,11.57,--,255,295035,买盘
1301,13:39:45,11.57,0.01,105,121485,买盘
1302,13:39:42,11.56,-0.01,10,11560,卖盘
1303,13:39:33,11.57,0.01,9,10413,买盘
1304,13:39:30,11.56,-0.01,9,10404,卖盘
1305,13:39:27,11.57,--,1,1157,买盘
1306,13:39:24,11.57,--,6,6942,买盘
1307,13:39:21,11.57,--,57,65949,买盘
1308,13:39:18,11.57,0.01,1,1157,买盘
1309,13:39:15,11.56,--,7,8334,卖盘
1310,13:39:12,11.56,-0.01,9,10404,卖盘
1311,13:39:09,11.57,0.01,20,23140,买盘
1312,13:39:06,11.56,-0.01,102,117912,卖盘
1313,13:39:03,11.57,0.01,32,37024,买盘
1314,13:39:00,11.56,--,10,11560,卖盘
1315,13:38:57,11.56,-0.01,2,2312,卖盘
1316,13:38:54,11.57,--,14,16198,买盘
1317,13:38:51,11.57,--,14,16198,买盘
1318,13:38:48,11.57,0.01,6,6942,买盘
1319,13:38:42,11.56,--,50,57800,卖盘
1320,13:38:39,11.56,-0.01,6,6936,卖盘
1321,13:38:36,11.57,0.01,1,1157,买盘
1322,13:38:33,11.56,--,6,6936,卖盘
1323,13:38:30,11.56,-0.01,9,10404,卖盘
1324,13:38:27,11.57,--,17,19669,买盘
1325,13:38:24,11.57,--,11,12727,买盘
1326,13:38:21,11.57,--,22,25708,买盘
1327,13:38:18,11.57,--,5,5785,买盘
1328,13:38:15,11.57,--,14,16198,买盘
1329,13:38:12,11.57,--,15,17355,买盘
1330,13:38:09,11.57,0.01,12,13884,买盘
1331,13:38:06,11.56,-0.01,14,16184,卖盘
1332,13:38:03,11.57,--,101,116857,买盘
1333,13:38:00,11.57,0.01,151,174707,买盘
1334,13:37:51,11.56,-0.01,10,11560,卖盘
1335,13:37:48,11.57,--,58,67106,买盘
1336,13:37:45,11.57,0.01,3,3471,买盘
1337,13:37:42,11.56,-0.01,12,13872,卖盘
1338,13:37:36,11.57,0.01,1,1157,买盘
1339,13:37:33,11.56,--,17,19652,卖盘
1340,13:37:30,11.56,-0.01,19,21964,卖盘
1341,13:37:24,11.57,0.01,10,11812,买盘
1342,13:37:21,11.56,-0.01,10,11560,卖盘
1343,13:37:18,11.57,--,1,1157,买盘
1344,13:37:15,11.57,--,14,16198,买盘
1345,13:37:12,11.57,--,63,72891,买盘
1346,13:37:09,11.57,--,5,5785,买盘
1347,13:37:06,11.57,0.01,3,3471,买盘
1348,13:37:03,11.56,--,33,38148,卖盘
1349,13:37:00,11.56,-0.01,11,12716,卖盘
1350,13:36:57,11.57,0.01,12,13884,买盘
1351,13:36:54,11.56,--,33,38148,卖盘
1352,13:36:51,11.56,-0.01,10,11560,卖盘
1353,13:36:48,11.57,--,1,1157,买盘
1354,13:36:45,11.57,0.01,44,50908,买盘
1355,13:36:42,11.56,--,10,11560,卖盘
1356,13:36:36,11.56,--,16,18496,卖盘
1357,13:36:30,11.56,-0.01,49,56644,卖盘
1358,13:36:27,11.57,--,82,94874,买盘
1359,13:36:24,11.57,0.01,6,6942,买盘
1360,13:36:21,11.56,--,9,10404,卖盘
1361,13:36:18,11.56,0.01,103,119322,买盘
1362,13:36:15,11.55,-0.01,4,4874,卖盘
1363,13:36:12,11.56,--,18,20808,买盘
1364,13:36:09,11.56,--,30,34680,买盘
1365,13:36:06,11.56,--,232,269093,卖盘
1366,13:36:03,11.56,--,59,68204,卖盘
1367,13:36:00,11.56,--,465,537540,卖盘
1368,13:35:51,11.56,-0.01,329,380324,卖盘
1369,13:35:48,11.57,0.01,301,348257,买盘
1370,13:35:42,11.56,-0.01,9,10404,卖盘
1371,13:35:39,11.57,0.01,1,1157,买盘
1372,13:35:30,11.56,-0.01,10,11560,卖盘
1373,13:35:24,11.57,0.01,10,11824,买盘
1374,13:35:21,11.56,-0.01,42,48552,卖盘
1375,13:35:18,11.57,--,4,4628,买盘
1376,13:35:15,11.57,--,51,59007,买盘
1377,13:35:12,11.57,--,18,20826,买盘
1378,13:35:09,11.57,--,3,3471,买盘
1379,13:35:06,11.57,0.01,14,16198,买盘
1380,13:35:03,11.56,--,2,2312,卖盘
1381,13:35:00,11.56,-0.01,18,20808,卖盘
1382,13:34:54,11.57,0.01,2,2314,买盘
1383,13:34:51,11.56,-0.01,9,10404,卖盘
1384,13:34:48,11.57,--,1,1157,买盘
1385,13:34:45,11.57,0.01,943,1091051,买盘
1386,13:34:42,11.56,-0.01,9,10404,卖盘
1387,13:34:39,11.57,--,91,105287,买盘
1388,13:34:36,11.57,0.01,23,26611,买盘
1389,13:34:33,11.56,0.01,108,124848,买盘
1390,13:34:30,11.55,-0.01,71,82005,卖盘
1391,13:34:24,11.56,0.01,7,8092,买盘
1392,13:34:21,11.55,-0.01,9,10395,卖盘
1393,13:34:18,11.56,0.01,24,27744,买盘
1394,13:34:15,11.55,--,10,11792,卖盘
1395,13:34:12,11.55,-0.01,11,12705,卖盘
1396,13:34:09,11.56,--,18,20808,买盘
1397,13:34:06,11.56,--,108,124848,买盘
1398,13:34:03,11.56,0.01,1,1156,买盘
1399,13:34:00,11.55,-0.01,15,17325,卖盘
1400,13:33:54,11.56,0.01,21,24276,买盘
1401,13:33:51,11.55,-0.01,11,12705,卖盘
1402,13:33:48,11.56,0.01,8,9248,买盘
1403,13:33:45,11.55,--,23,27027,卖盘
1404,13:33:42,11.55,-0.01,9,10395,卖盘
1405,13:33:33,11.56,0.01,12,13872,买盘
1406,13:33:30,11.55,-0.01,15,17325,卖盘
1407,13:33:27,11.56,--,132,152592,买盘
1408,13:33:24,11.56,0.01,24,27744,买盘
1409,13:33:21,11.55,-0.01,11,12705,卖盘
1410,13:33:18,11.56,--,1,1156,买盘
1411,13:33:15,11.56,--,49,56898,买盘
1412,13:33:12,11.56,--,44,50864,买盘
1413,13:33:09,11.56,--,45,52020,买盘
1414,13:33:06,11.56,--,13,15028,买盘
1415,13:33:03,11.56,0.01,11,12716,买盘
1416,13:33:00,11.55,--,120,138600,卖盘
1417,13:32:57,11.55,-0.01,24,27720,卖盘
1418,13:32:54,11.56,0.01,16,18496,买盘
1419,13:32:51,11.55,-0.01,183,211365,卖盘
1420,13:32:48,11.56,0.01,3,3468,买盘
1421,13:32:42,11.55,-0.01,9,10395,卖盘
1422,13:32:39,11.56,--,41,47396,买盘
1423,13:32:33,11.56,0.01,6,6936,买盘
1424,13:32:30,11.55,-0.01,11,12705,卖盘
1425,13:32:27,11.56,--,1,1156,买盘
1426,13:32:24,11.56,0.01,10,11721,买盘
1427,13:32:21,11.55,-0.01,9,10395,卖盘
1428,13:32:18,11.56,0.01,30,34934,买盘
1429,13:32:15,11.55,--,206,237930,卖盘
1430,13:32:12,11.55,-0.01,15,17325,卖盘
1431,13:32:09,11.56,--,22,25432,买盘
1432,13:32:06,11.56,0.01,22,25432,买盘
1433,13:32:03,11.55,--,6,6930,卖盘
1434,13:32:00,11.55,-0.01,10,11550,卖盘
1435,13:31:57,11.56,--,33,38148,买盘
1436,13:31:54,11.56,0.01,4,4624,买盘
1437,13:31:51,11.55,-0.01,13,15015,卖盘
1438,13:31:48,11.56,--,3,3468,买盘
1439,13:31:45,11.56,0.01,201,232356,买盘
1440,13:31:42,11.55,--,18,20790,卖盘
1441,13:31:36,11.55,-0.01,151,174405,卖盘
1442,13:31:33,11.56,0.01,1,1156,买盘
1443,13:31:30,11.55,-0.01,9,10395,卖盘
1444,13:31:27,11.56,--,153,176868,买盘
1445,13:31:24,11.56,--,7,8092,买盘
1446,13:31:21,11.56,--,101,116756,买盘
1447,13:31:18,11.56,--,5,6034,买盘
1448,13:31:15,11.56,--,4,4624,买盘
1449,13:31:12,11.56,--,12,13872,买盘
1450,13:31:09,11.56,--,11,12716,买盘
1451,13:31:06,11.56,--,4,4624,买盘
1452,13:31:03,11.56,0.01,22,25432,买盘
1453,13:31:00,11.55,-0.01,10,11550,卖盘
1454,13:30:57,11.56,--,1,1156,买盘
1455,13:30:54,11.56,0.01,9,10404,买盘
1456,13:30:51,11.55,-0.01,10,11550,卖盘
1457,13:30:48,11.56,0.01,4,4624,买盘
1458,13:30:45,11.55,--,4,4620,卖盘
1459,13:30:42,11.55,-0.01,22,25410,卖盘
1460,13:30:39,11.56,0.01,1,1156,买盘
1461,13:30:33,11.55,--,12,13860,卖盘
1462,13:30:30,11.55,-0.01,11,12705,卖盘
1463,13:30:27,11.56,--,1,1156,买盘
1464,13:30:24,11.56,0.01,9,10404,买盘
1465,13:30:21,11.55,-0.01,64,73920,卖盘
1466,13:30:18,11.56,--,2,2312,买盘
1467,13:30:15,11.56,--,20,23120,买盘
1468,13:30:12,11.56,-0.01,262,302872,卖盘
1469,13:30:09,11.57,--,27,31239,买盘
1470,13:30:06,11.57,0.01,5,5785,买盘
1471,13:30:03,11.56,--,7,8092,买盘
1472,13:30:00,11.56,-0.01,3,3468,卖盘
1473,13:29:57,11.57,0.01,15,17355,买盘
1474,13:29:51,11.56,--,52,60112,买盘
1475,13:29:48,11.56,--,2,2312,买盘
1476,13:29:45,11.56,--,10,11560,买盘
1477,13:29:42,11.56,--,147,169932,买盘
1478,13:29:39,11.56,-0.01,73,84388,卖盘
1479,13:29:36,11.57,0.01,11,12727,买盘
1480,13:29:33,11.56,--,10,11560,卖盘
1481,13:29:30,11.56,-0.01,12,13872,卖盘
1482,13:29:27,11.57,--,2,2314,买盘
1483,13:29:24,11.57,0.01,32,37024,买盘
1484,13:29:21,11.56,-0.01,10,11560,卖盘
1485,13:29:18,11.57,0.01,5,5785,买盘
1486,13:29:15,11.56,-0.01,57,65892,卖盘
1487,13:29:12,11.57,--,12,13884,买盘
1488,13:29:09,11.57,--,3,3471,买盘
1489,13:29:06,11.57,--,23,26611,买盘
1490,13:29:03,11.57,0.01,1,1157,买盘
1491,13:29:00,11.56,-0.01,414,478584,卖盘
1492,13:28:57,11.57,--,1,1157,买盘
1493,13:28:54,11.57,0.01,6,6942,买盘
1494,13:28:51,11.56,-0.01,10,11560,卖盘
1495,13:28:48,11.57,--,1,1157,买盘
1496,13:28:45,11.57,0.01,1,1157,买盘
1497,13:28:42,11.56,--,494,571064,卖盘
1498,13:28:39,11.56,-0.01,1,1156,卖盘
1499,13:28:36,11.57,--,16,18512,买盘
1500,13:28:33,11.57,0.01,3,3471,买盘
1501,13:28:30,11.56,--,10,11560,卖盘
1502,13:28:27,11.56,-0.01,20,23120,卖盘
1503,13:28:24,11.57,0.01,7,8099,买盘
1504,13:28:21,11.56,-0.01,307,354892,卖盘
1505,13:28:18,11.57,--,5,5785,买盘
1506,13:28:15,11.57,0.01,4,4628,买盘
1507,13:28:12,11.56,-0.01,9,10404,卖盘
1508,13:28:09,11.57,--,287,332059,买盘
1509,13:28:06,11.57,--,39,45123,买盘
1510,13:28:03,11.57,0.01,91,105287,买盘
1511,13:28:00,11.56,-0.01,20,23120,卖盘
1512,13:27:57,11.57,0.01,1,1157,买盘
1513,13:27:51,11.56,-0.01,9,10404,卖盘
1514,13:27:48,11.57,0.01,24,27768,买盘
1515,13:27:42,11.56,--,10,11560,卖盘
1516,13:27:39,11.56,-0.01,1,1156,卖盘
1517,13:27:36,11.57,0.01,1,1157,买盘
1518,13:27:30,11.56,--,39,45084,卖盘
1519,13:27:27,11.56,-0.01,5,5780,卖盘
1520,13:27:24,11.57,0.01,6,6942,买盘
1521,13:27:21,11.56,-0.01,10,11560,卖盘
1522,13:27:18,11.57,0.01,2,2314,买盘
1523,13:27:15,11.56,--,4,4624,卖盘
1524,13:27:12,11.56,-0.01,44,50864,卖盘
1525,13:27:09,11.57,--,7,8099,买盘
1526,13:27:06,11.57,--,18,20826,买盘
1527,13:27:03,11.57,0.02,2,2314,买盘
1528,13:27:00,11.55,-0.01,24,27720,卖盘
1529,13:26:57,11.56,--,24,27744,买盘
1530,13:26:54,11.56,--,11,12716,买盘
1531,13:26:51,11.56,--,126,145656,买盘
1532,13:26:48,11.56,0.01,31,35836,买盘
1533,13:26:42,11.55,-0.01,9,10395,卖盘
1534,13:26:36,11.56,--,20,23120,买盘
1535,13:26:33,11.56,0.01,10,11560,买盘
1536,13:26:30,11.55,-0.01,11,12705,卖盘
1537,13:26:27,11.56,-0.01,6,6936,卖盘
1538,13:26:24,11.57,0.02,90,104130,买盘
1539,13:26:21,11.55,-0.01,28,32340,卖盘
1540,13:26:18,11.56,0.01,25,28900,买盘
1541,13:26:15,11.55,-0.01,20,23100,卖盘
1542,13:26:12,11.56,--,216,249696,买盘
1543,13:26:09,11.56,--,1,1156,买盘
1544,13:26:06,11.56,--,19,21964,买盘
1545,13:26:03,11.56,0.01,6,6936,买盘
1546,13:26:00,11.55,--,10,11550,卖盘
1547,13:25:57,11.55,--,5,5775,卖盘
1548,13:25:51,11.55,-0.01,17,19635,卖盘
1549,13:25:48,11.56,--,2,2312,买盘
1550,13:25:45,11.56,0.01,21,24276,买盘
1551,13:25:42,11.55,-0.01,10,11550,卖盘
1552,13:25:36,11.56,--,10,11560,买盘
1553,13:25:33,11.56,--,3,3468,买盘
1554,13:25:30,11.56,--,184,212704,买盘
1555,13:25:27,11.56,--,1,1156,买盘
1556,13:25:24,11.56,0.01,7,8092,买盘
1557,13:25:21,11.55,-0.01,9,10395,卖盘
1558,13:25:18,11.56,--,11,12716,买盘
1559,13:25:12,11.56,--,18,20808,买盘
1560,13:25:09,11.56,--,11,12716,买盘
1561,13:25:06,11.56,0.01,5,5780,买盘
1562,13:25:00,11.55,-0.01,34,39270,卖盘
1563,13:24:57,11.56,0.01,23,26588,买盘
1564,13:24:54,11.55,--,46,53130,卖盘
1565,13:24:51,11.55,-0.01,10,11550,卖盘
1566,13:24:48,11.56,--,6,6936,买盘
1567,13:24:45,11.56,0.01,184,212704,买盘
1568,13:24:42,11.55,-0.01,9,10395,卖盘
1569,13:24:33,11.56,0.01,22,25432,买盘
1570,13:24:30,11.55,-0.01,11,12705,卖盘
1571,13:24:27,11.56,--,1,1156,买盘
1572,13:24:24,11.56,0.01,11,12716,买盘
1573,13:24:21,11.55,-0.01,9,10395,卖盘
1574,13:24:18,11.56,--,1,1156,买盘
1575,13:24:15,11.56,--,6,6936,买盘
1576,13:24:12,11.56,--,12,13872,买盘
1577,13:24:09,11.56,--,7,8092,买盘
1578,13:24:06,11.56,--,29,33524,买盘
1579,13:24:03,11.56,0.01,11,12716,买盘
1580,13:24:00,11.55,--,15,17325,卖盘
1581,13:23:57,11.55,--,10,11550,卖盘
1582,13:23:51,11.55,-0.01,9,10395,卖盘
1583,13:23:48,11.56,--,12,13872,买盘
1584,13:23:42,11.56,--,38,43928,买盘
1585,13:23:39,11.56,0.01,1,1156,买盘
1586,13:23:36,11.55,-0.01,3,3465,卖盘
1587,13:23:33,11.56,0.01,23,26588,买盘
1588,13:23:30,11.55,-0.01,9,10395,卖盘
1589,13:23:27,11.56,--,112,129472,买盘
1590,13:23:24,11.56,0.01,6,6936,买盘
1591,13:23:21,11.55,-0.01,9,10395,卖盘
1592,13:23:18,11.56,--,8,9248,买盘
1593,13:23:15,11.56,0.01,43,49708,买盘
1594,13:23:12,11.55,-0.01,15,17325,卖盘
1595,13:23:09,11.56,--,7,8092,买盘
1596,13:23:06,11.56,--,22,25432,买盘
1597,13:23:03,11.56,0.01,113,130628,买盘
1598,13:23:00,11.55,--,39,45045,卖盘
1599,13:22:57,11.55,-0.01,11,12705,卖盘
1600,13:22:54,11.56,0.01,167,193052,买盘
1601,13:22:51,11.55,-0.01,39,45045,卖盘
1602,13:22:48,11.56,--,1,1156,买盘
1603,13:22:45,11.56,0.01,1,1156,买盘
1604,13:22:42,11.55,-0.01,9,10395,卖盘
1605,13:22:33,11.56,0.01,9,10404,买盘
1606,13:22:30,11.55,--,10,11550,卖盘
1607,13:22:27,11.55,-0.01,4,4620,卖盘
1608,13:22:24,11.56,0.01,7,8092,买盘
1609,13:22:21,11.55,-0.01,25,28875,卖盘
1610,13:22:18,11.56,--,1,1156,买盘
1611,13:22:15,11.56,--,53,61268,买盘
1612,13:22:12,11.56,--,40,46240,买盘
1613,13:22:09,11.56,--,6,6936,买盘
1614,13:22:06,11.56,0.01,27,31212,买盘
1615,13:22:03,11.55,0.01,324,374220,买盘
1616,13:22:00,11.54,-0.01,10,11540,卖盘
1617,13:21:57,11.55,--,1,1155,买盘
1618,13:21:51,11.55,--,26,30030,买盘
1619,13:21:48,11.55,--,19,21945,买盘
1620,13:21:42,11.55,-0.01,190,219450,卖盘
1621,13:21:39,11.56,--,10,11560,买盘
1622,13:21:36,11.56,0.01,1,1156,买盘
1623,13:21:33,11.55,--,65,75075,卖盘
1624,13:21:30,11.55,--,280,323400,卖盘
1625,13:21:27,11.55,-0.01,20,23100,卖盘
1626,13:21:24,11.56,0.01,98,113288,买盘
1627,13:21:21,11.55,-0.01,9,10395,卖盘
1628,13:21:18,11.56,--,9,10404,买盘
1629,13:21:15,11.56,0.01,4,4624,买盘
1630,13:21:12,11.55,-0.01,11,12705,卖盘
1631,13:21:09,11.56,--,5,5780,买盘
1632,13:21:03,11.56,0.01,31,35836,买盘
1633,13:21:00,11.55,-0.01,9,10395,卖盘
1634,13:20:57,11.56,--,1,1156,买盘
1635,13:20:51,11.56,--,23,26588,买盘
1636,13:20:48,11.56,0.01,11,12716,买盘
1637,13:20:45,11.55,--,22,25410,卖盘
1638,13:20:42,11.55,-0.01,9,10395,卖盘
1639,13:20:39,11.56,--,1,1156,买盘
1640,13:20:36,11.56,0.01,2,2312,买盘
1641,13:20:30,11.55,-0.01,10,11550,卖盘
1642,13:20:24,11.56,0.01,6,6936,买盘
1643,13:20:21,11.55,-0.01,10,11550,卖盘
1644,13:20:18,11.56,--,34,39304,买盘
1645,13:20:15,11.56,--,1,1156,买盘
1646,13:20:12,11.56,0.01,11,12716,买盘
1647,13:20:09,11.55,0.01,489,564795,买盘
1648,13:20:06,11.54,-0.01,22,25387,卖盘
1649,13:20:03,11.55,0.01,4,4620,买盘
1650,13:20:00,11.54,--,10,11540,卖盘
1651,13:19:57,11.54,--,19,21926,卖盘
1652,13:19:51,11.54,-0.01,47,54237,卖盘
1653,13:19:48,11.55,0.01,22,25410,买盘
1654,13:19:45,11.54,--,105,121169,卖盘
1655,13:19:42,11.54,-0.01,10,11540,卖盘
1656,13:19:36,11.55,--,1,1155,买盘
1657,13:19:33,11.55,0.01,1,1155,买盘
1658,13:19:30,11.54,-0.01,9,10386,卖盘
1659,13:19:27,11.55,--,1,1155,买盘
1660,13:19:24,11.55,0.01,6,6930,买盘
1661,13:19:21,11.54,--,9,10386,卖盘
1662,13:19:18,11.54,--,2,2308,卖盘
1663,13:19:15,11.54,--,42,48468,卖盘
1664,13:19:12,11.54,-0.01,10,11540,卖盘
1665,13:19:06,11.55,--,935,1079925,卖盘
1666,13:19:00,11.55,--,9,10395,卖盘
1667,13:18:57,11.55,--,11,12705,卖盘
1668,13:18:54,11.55,--,3,3465,卖盘
1669,13:18:51,11.55,-0.01,10,11550,卖盘
1670,13:18:48,11.56,0.01,1,1156,买盘
1671,13:18:45,11.55,-0.01,465,537075,卖盘
1672,13:18:42,11.56,-0.01,9,10404,卖盘
1673,13:18:39,11.57,--,23,26611,买盘
1674,13:18:36,11.57,0.01,8,9256,买盘
1675,13:18:33,11.56,0.01,83,95948,买盘
1676,13:18:30,11.55,-0.01,11,12705,卖盘
1677,13:18:24,11.56,--,18,20808,买盘
1678,13:18:21,11.56,--,235,271660,买盘
1679,13:18:15,11.56,--,38,43928,买盘
1680,13:18:12,11.56,0.01,22,25432,买盘
1681,13:18:09,11.55,-0.01,10,11550,卖盘
1682,13:18:06,11.56,--,57,65892,买盘
1683,13:18:03,11.56,0.01,91,105196,买盘
1684,13:18:00,11.55,-0.01,10,11550,卖盘
1685,13:17:57,11.56,0.01,9,10404,买盘
1686,13:17:51,11.55,--,9,10395,卖盘
1687,13:17:48,11.55,--,263,303765,卖盘
1688,13:17:45,11.55,-0.01,3,3465,卖盘
1689,13:17:42,11.56,0.01,41,47396,买盘
1690,13:17:30,11.55,--,132,152460,卖盘
1691,13:17:27,11.55,-0.01,20,23100,卖盘
1692,13:17:24,11.56,--,73,84388,卖盘
1693,13:17:21,11.56,-0.01,9,10404,卖盘
1694,13:17:18,11.57,--,2,2314,买盘
1695,13:17:15,11.57,0.02,37,42809,买盘
1696,13:17:12,11.55,-0.02,10,11550,卖盘
1697,13:17:06,11.57,0.01,13,15041,买盘
1698,13:17:00,11.56,--,33,38148,卖盘
1699,13:16:54,11.56,--,10,11560,卖盘
1700,13:16:51,11.56,--,10,11560,卖盘
1701,13:16:45,11.56,-0.01,5,5780,卖盘
1702,13:16:42,11.57,0.01,17,19669,买盘
1703,13:16:39,11.56,--,10,11560,卖盘
1704,13:16:36,11.56,--,83,95948,买盘
1705,13:16:33,11.56,0.01,4,4624,买盘
1706,13:16:30,11.55,-0.01,10,11550,卖盘
1707,13:16:24,11.56,0.01,93,107508,买盘
1708,13:16:21,11.55,--,309,356895,卖盘
1709,13:16:18,11.55,-0.01,4,4620,卖盘
1710,13:16:15,11.56,0.01,63,72828,买盘
1711,13:16:12,11.55,-0.01,67,77385,卖盘
1712,13:16:09,11.56,0.01,50,57800,买盘
1713,13:16:00,11.55,-0.01,10,11550,卖盘
1714,13:15:57,11.56,--,1,1156,买盘
1715,13:15:54,11.56,0.01,48,55488,买盘
1716,13:15:51,11.55,-0.01,19,21945,卖盘
1717,13:15:48,11.56,0.01,1,1156,买盘
1718,13:15:42,11.55,--,10,11550,卖盘
1719,13:15:39,11.55,-0.01,10,11550,卖盘
1720,13:15:33,11.56,--,49,56644,卖盘
1721,13:15:30,11.56,--,9,10404,卖盘
1722,13:15:27,11.56,0.01,39,45084,买盘
1723,13:15:21,11.55,-0.01,20,23100,卖盘
1724,13:15:18,11.56,--,50,57800,买盘
1725,13:15:15,11.56,--,54,62424,买盘
1726,13:15:12,11.56,0.01,21,24276,买盘
1727,13:15:09,11.55,--,59,68145,卖盘
1728,13:15:06,11.55,-0.01,14,16170,卖盘
1729,13:15:03,11.56,0.01,1,1156,买盘
1730,13:15:00,11.55,--,9,10395,卖盘
1731,13:14:57,11.55,-0.01,50,57750,卖盘
1732,13:14:54,11.56,--,18,20808,买盘
1733,13:14:51,11.56,0.01,17,19652,中性盘
1734,13:14:48,11.55,-0.02,106,122430,卖盘
1735,13:14:45,11.57,0.02,119,137683,买盘
1736,13:14:42,11.55,-0.01,9,10395,卖盘
1737,13:14:36,11.56,--,4,4624,卖盘
1738,13:14:30,11.56,-0.01,9,10404,卖盘
1739,13:14:27,11.57,0.01,1,1157,买盘
1740,13:14:24,11.56,--,20,23120,卖盘
1741,13:14:21,11.56,-0.01,102,117912,卖盘
1742,13:14:18,11.57,--,24,27768,买盘
1743,13:14:15,11.57,--,33,38181,买盘
1744,13:14:12,11.57,--,59,68263,买盘
1745,13:14:09,11.57,0.01,7,8099,买盘
1746,13:14:06,11.56,--,1,1156,卖盘
1747,13:14:00,11.56,--,10,11560,卖盘
1748,13:13:54,11.56,--,23,26588,卖盘
1749,13:13:51,11.56,--,9,10404,卖盘
1750,13:13:42,11.56,-0.01,10,11560,卖盘
1751,13:13:39,11.57,--,36,41652,买盘
1752,13:13:33,11.57,0.01,3,3471,买盘
1753,13:13:30,11.56,--,9,10404,卖盘
1754,13:13:24,11.56,--,22,25432,卖盘
1755,13:13:21,11.56,-0.01,9,10404,卖盘
1756,13:13:12,11.57,0.01,43,49751,买盘
1757,13:13:09,11.56,-0.01,2,2312,卖盘
1758,13:13:06,11.57,--,90,104130,买盘
1759,13:13:03,11.57,0.01,19,21983,买盘
1760,13:13:00,11.56,--,9,10404,卖盘
1761,13:12:51,11.56,-0.01,10,11560,卖盘
1762,13:12:48,11.57,--,22,25454,买盘
1763,13:12:42,11.57,--,10,11570,买盘
1764,13:12:36,11.57,--,10,11570,买盘
1765,13:12:33,11.57,0.01,25,28925,买盘
1766,13:12:30,11.56,-0.01,9,10404,卖盘
1767,13:12:27,11.57,--,1,1157,买盘
1768,13:12:24,11.57,0.02,1,1157,买盘
1769,13:12:21,11.55,-0.02,19,21945,卖盘
1770,13:12:18,11.57,--,1,1157,买盘
1771,13:12:15,11.57,--,34,39338,买盘
1772,13:12:12,11.57,--,10,11570,买盘
1773,13:12:09,11.57,--,215,248755,买盘
1774,13:12:06,11.57,0.01,26,30082,买盘
1775,13:12:03,11.56,--,6,6936,买盘
1776,13:12:00,11.56,--,4,4624,卖盘
1777,13:11:54,11.56,--,4,4624,卖盘
1778,13:11:51,11.56,-0.01,77,89012,卖盘
1779,13:11:42,11.57,--,10,11570,买盘
1780,13:11:33,11.57,0.02,1,1157,买盘
1781,13:11:30,11.55,-0.02,10,11550,卖盘
1782,13:11:27,11.57,0.01,95,109915,买盘
1783,13:11:24,11.56,--,1,1156,买盘
1784,13:11:21,11.56,-0.01,11,12716,卖盘
1785,13:11:18,11.57,--,1,1157,买盘
1786,13:11:15,11.57,0.02,33,38181,买盘
1787,13:11:12,11.55,-0.02,10,11550,卖盘
1788,13:11:09,11.57,0.01,22,25454,买盘
1789,13:11:06,11.56,0.01,23,26588,买盘
1790,13:11:03,11.55,--,2,2310,卖盘
1791,13:11:00,11.55,-0.01,10,11550,卖盘
1792,13:10:51,11.56,-0.01,10,11560,买盘
1793,13:10:45,11.57,0.02,12,13884,买盘
1794,13:10:42,11.55,--,129,148995,卖盘
1795,13:10:39,11.55,-0.02,143,165165,卖盘
1796,13:10:36,11.57,--,1,1157,买盘
1797,13:10:33,11.57,0.01,1,1157,买盘
1798,13:10:30,11.56,--,19,21964,卖盘
1799,13:10:27,11.56,--,18,20808,卖盘
1800,13:10:21,11.56,-0.01,10,11560,卖盘
1801,13:10:18,11.57,--,1,1157,买盘
1802,13:10:15,11.57,--,2,2314,买盘
1803,13:10:12,11.57,--,52,60164,买盘
1804,13:10:06,11.57,0.01,1,1157,买盘
1805,13:10:00,11.56,-0.01,10,11560,卖盘
1806,13:09:57,11.57,0.01,2,2314,买盘
1807,13:09:54,11.56,--,8,9248,买盘
1808,13:09:51,11.56,-0.01,1,1156,卖盘
1809,13:09:48,11.57,0.01,101,116857,买盘
1810,13:09:45,11.56,--,49,56644,买盘
1811,13:09:42,11.56,-0.01,41,47396,卖盘
1812,13:09:36,11.57,--,1,1157,买盘
1813,13:09:33,11.57,0.01,93,107601,买盘
1814,13:09:30,11.56,-0.01,89,102884,卖盘
1815,13:09:27,11.57,0.01,1,1157,买盘
1816,13:09:21,11.56,-0.01,9,10404,卖盘
1817,13:09:18,11.57,--,1,1157,买盘
1818,13:09:12,11.57,--,36,41652,买盘
1819,13:09:06,11.57,--,200,231400,买盘
1820,13:09:03,11.57,0.01,1,1157,买盘
1821,13:09:00,11.56,-0.01,9,10404,卖盘
1822,13:08:57,11.57,0.01,1,1157,买盘
1823,13:08:54,11.56,--,1,1156,卖盘
1824,13:08:51,11.56,-0.01,9,10404,卖盘
1825,13:08:48,11.57,--,1,1157,买盘
1826,13:08:42,11.57,--,52,60164,买盘
1827,13:08:39,11.57,--,70,80990,买盘
1828,13:08:33,11.57,0.01,1,1157,买盘
1829,13:08:30,11.56,--,9,10404,卖盘
1830,13:08:27,11.56,--,6,6936,卖盘
1831,13:08:24,11.56,-0.01,1,1156,卖盘
1832,13:08:21,11.57,--,31,35867,买盘
1833,13:08:18,11.57,--,33,38181,买盘
1834,13:08:12,11.57,--,43,49751,买盘
1835,13:08:09,11.57,--,91,105287,买盘
1836,13:08:06,11.57,0.01,1,1157,买盘
1837,13:08:03,11.56,--,13,15028,卖盘
1838,13:08:00,11.56,--,20,23120,卖盘
1839,13:07:54,11.56,-0.01,1,1156,卖盘
1840,13:07:51,11.57,--,10,11570,买盘
1841,13:07:42,11.57,--,10,11570,买盘
1842,13:07:39,11.57,--,27,31239,买盘
1843,13:07:33,11.57,0.01,12,13884,买盘
1844,13:07:30,11.56,-0.01,10,11560,卖盘
1845,13:07:21,11.57,0.01,10,11570,买盘
1846,13:07:12,11.56,--,21,24276,买盘
1847,13:07:09,11.56,--,53,61268,买盘
1848,13:07:03,11.56,0.01,1,1156,买盘
1849,13:07:00,11.55,-0.01,10,11550,卖盘
1850,13:06:51,11.56,-0.01,11,12716,卖盘
1851,13:06:48,11.57,--,3,3471,买盘
1852,13:06:42,11.57,0.03,11,12727,买盘
1853,13:06:30,11.54,-0.03,112,129247,卖盘
1854,13:06:27,11.57,0.03,7,8099,买盘
1855,13:06:24,11.54,-0.03,20,23080,卖盘
1856,13:06:21,11.57,0.02,623,720811,买盘
1857,13:06:18,11.55,-0.01,108,124867,卖盘
1858,13:06:12,11.56,0.01,25,28900,买盘
1859,13:06:09,11.55,--,50,57750,卖盘
1860,13:06:06,11.55,-0.01,20,23100,卖盘
1861,13:06:03,11.56,0.01,3,3468,买盘
1862,13:06:00,11.55,--,12,13860,卖盘
1863,13:05:57,11.55,--,6,6930,卖盘
1864,13:05:51,11.55,--,16,18595,卖盘
1865,13:05:45,11.55,0.01,207,239997,买盘
1866,13:05:42,11.54,-0.01,17,19618,卖盘
1867,13:05:36,11.55,--,13,15015,买盘
1868,13:05:33,11.55,0.01,25,28875,买盘
1869,13:05:30,11.54,-0.02,255,294973,卖盘
1870,13:05:27,11.56,--,1,1156,买盘
1871,13:05:24,11.56,0.01,10,11560,买盘
1872,13:05:21,11.55,-0.01,25,29671,卖盘
1873,13:05:18,11.56,0.01,14,16184,买盘
1874,13:05:15,11.55,-0.01,6,6930,卖盘
1875,13:05:12,11.56,--,57,65892,买盘
1876,13:05:09,11.56,--,10,12600,卖盘
1877,13:05:06,11.56,0.01,103,119183,买盘
1878,13:05:03,11.55,--,1,1155,卖盘
1879,13:05:00,11.55,-0.01,22,25410,卖盘
1880,13:04:57,11.56,--,89,102884,买盘
1881,13:04:51,11.56,--,103,119068,买盘
1882,13:04:48,11.56,--,9,10404,买盘
1883,13:04:45,11.56,--,11,13756,卖盘
1884,13:04:42,11.56,--,10,11560,卖盘
1885,13:04:39,11.56,-0.01,30,34680,卖盘
1886,13:04:36,11.57,0.01,3,3471,买盘
1887,13:04:30,11.56,0.01,169,195479,买盘
1888,13:04:27,11.55,--,22,25410,卖盘
1889,13:04:21,11.55,-0.01,10,11550,卖盘
1890,13:04:12,11.56,0.01,42,48552,买盘
1891,13:04:06,11.55,--,57,65835,卖盘
1892,13:04:03,11.55,--,7,8893,卖盘
1893,13:04:00,11.55,--,9,10395,卖盘
1894,13:03:54,11.55,--,3,3465,卖盘
1895,13:03:51,11.55,-0.01,10,11550,卖盘
1896,13:03:45,11.56,0.01,29,33524,买盘
1897,13:03:42,11.55,-0.01,12,13860,卖盘
1898,13:03:36,11.56,0.01,42,48552,买盘
1899,13:03:30,11.55,-0.01,60,69300,卖盘
1900,13:03:24,11.56,0.01,12,13872,买盘
1901,13:03:21,11.55,-0.01,11,12705,卖盘
1902,13:03:12,11.56,--,134,154904,买盘
1903,13:03:09,11.56,0.01,100,115600,买盘
1904,13:03:06,11.55,--,12,13860,卖盘
1905,13:03:03,11.55,--,3,3465,卖盘
1906,13:03:00,11.55,--,10,11550,卖盘
1907,13:02:51,11.55,--,49,56595,卖盘
1908,13:02:45,11.55,--,21,24255,卖盘
1909,13:02:42,11.55,--,10,11550,卖盘
1910,13:02:30,11.55,--,19,21945,卖盘
1911,13:02:27,11.55,-0.01,26,30030,卖盘
1912,13:02:24,11.56,0.01,10,11560,买盘
1913,13:02:21,11.55,--,36,41580,卖盘
1914,13:02:18,11.55,-0.01,5,5775,卖盘
1915,13:02:12,11.56,0.01,43,49708,买盘
1916,13:02:00,11.55,--,10,11550,卖盘
1917,13:01:57,11.55,-0.01,1,1155,卖盘
1918,13:01:54,11.56,0.01,10,11560,买盘
1919,13:01:51,11.55,-0.01,9,10395,卖盘
1920,13:01:45,11.56,0.01,10,11560,买盘
1921,13:01:42,11.55,--,9,10395,卖盘
1922,13:01:36,11.55,-0.01,1,1155,卖盘
1923,13:01:33,11.56,0.01,90,104040,买盘
1924,13:01:30,11.55,--,18,20790,卖盘
1925,13:01:24,11.55,0.01,8,9240,中性盘
1926,13:01:21,11.54,--,9,10386,卖盘
1927,13:01:18,11.54,-0.02,3,3461,卖盘
1928,13:01:12,11.56,0.01,34,40344,买盘
1929,13:01:06,11.55,0.01,16,18595,买盘
1930,13:01:03,11.54,--,13,15001,卖盘
1931,13:01:00,11.54,--,9,10386,卖盘
1932,13:00:54,11.54,--,8,9232,卖盘
1933,13:00:51,11.54,--,9,10386,卖盘
1934,13:00:42,11.54,-0.01,10,11540,卖盘
1935,13:00:36,11.55,--,5,5775,买盘
1936,13:00:33,11.55,0.01,8,9240,买盘
1937,13:00:30,11.54,-0.01,9,10386,卖盘
1938,13:00:27,11.55,0.01,5,5775,买盘
1939,13:00:24,11.54,-0.01,36,41544,卖盘
1940,13:00:21,11.55,--,91,106144,卖盘
1941,13:00:12,11.55,--,12,13860,卖盘
1942,13:00:09,11.55,--,361,417417,卖盘
1943,13:00:06,11.55,--,20,23100,卖盘
1944,13:00:03,11.55,--,3211,3708705,买盘
1945,13:00:00,11.55,--,0,0,买盘
1946,11:30:00,11.55,--,0,0,买盘
1947,11:29:57,11.55,0.01,94,108570,买盘
1948,11:29:54,11.54,--,11,12693,卖盘
1949,11:29:51,11.54,--,3,3461,卖盘
1950,11:29:42,11.54,--,19,21926,卖盘
1951,11:29:33,11.54,--,1,1154,卖盘
1952,11:29:30,11.54,--,9,10386,卖盘
1953,11:29:24,11.54,--,20,23080,卖盘
1954,11:29:21,11.54,-0.01,10,11540,卖盘
1955,11:29:18,11.55,0.01,299,345345,买盘
1956,11:29:15,11.54,-0.01,5,5770,卖盘
1957,11:29:12,11.55,0.01,14,16170,买盘
1958,11:29:06,11.54,0.01,693,800529,买盘
1959,11:29:03,11.53,-0.01,82,94546,卖盘
1960,11:29:00,11.54,0.01,18,20772,买盘
1961,11:28:57,11.53,--,12,13836,卖盘
1962,11:28:54,11.53,-0.01,5,5765,卖盘
1963,11:28:51,11.54,0.01,257,296578,买盘
1964,11:28:42,11.53,-0.01,14,16142,卖盘
1965,11:28:39,11.54,--,150,173446,卖盘
1966,11:28:36,11.54,--,50,57699,卖盘
1967,11:28:33,11.54,--,138,160059,卖盘
1968,11:28:30,11.54,--,10,11540,卖盘
1969,11:28:21,11.54,--,20,23080,卖盘
1970,11:28:15,11.54,-0.01,15,17310,卖盘
1971,11:28:12,11.55,0.01,100,115500,买盘
1972,11:28:09,11.54,--,10,11540,卖盘
1973,11:28:06,11.54,--,51,58853,卖盘
1974,11:28:00,11.54,-0.01,20,23080,卖盘
1975,11:27:57,11.55,0.01,30,34650,买盘
1976,11:27:54,11.54,--,17,19618,卖盘
1977,11:27:51,11.54,--,31,35774,卖盘
1978,11:27:45,11.54,--,20,23080,卖盘
1979,11:27:42,11.54,--,9,10386,卖盘
1980,11:27:39,11.54,--,20,23080,卖盘
1981,11:27:33,11.54,--,3,3461,卖盘
1982,11:27:30,11.54,--,9,10386,卖盘
1983,11:27:27,11.54,--,5,5770,卖盘
1984,11:27:21,11.54,-0.01,9,10386,卖盘
1985,11:27:12,11.55,0.01,23,26565,买盘
1986,11:27:00,11.54,--,9,10386,卖盘
1987,11:26:57,11.54,--,11,12693,买盘
1988,11:26:54,11.54,0.01,27,31157,买盘
1989,11:26:51,11.53,-0.01,9,10377,卖盘
1990,11:26:45,11.54,0.01,5,5770,买盘
1991,11:26:42,11.53,-0.02,9,10377,卖盘
1992,11:26:33,11.55,0.02,90,103950,买盘
1993,11:26:30,11.53,--,12,13836,卖盘
1994,11:26:21,11.53,--,19,21907,卖盘
1995,11:26:18,11.53,-0.01,38,43814,卖盘
1996,11:26:15,11.54,--,5,5770,卖盘
1997,11:26:12,11.54,-0.01,13,15001,卖盘
1998,11:26:03,11.55,0.01,8,9240,买盘
1999,11:26:00,11.54,--,56,64623,买盘
2000,11:25:54,11.54,0.01,32,36928,买盘
2001,11:25:51,11.53,--,10,11530,卖盘
2002,11:25:48,11.53,-0.01,2,2306,卖盘
2003,11:25:45,11.54,0.01,103,118861,买盘
2004,11:25:42,11.53,--,9,10377,卖盘
2005,11:25:39,11.53,--,19,22714,卖盘
2006,11:25:30,11.53,-0.01,10,11530,卖盘
2007,11:25:24,11.54,0.01,59,68086,买盘
2008,11:25:21,11.53,--,9,10377,卖盘
2009,11:25:18,11.53,-0.01,15,17295,卖盘
2010,11:25:15,11.54,--,73,84242,卖盘
2011,11:25:12,11.54,-0.01,46,53083,卖盘
2012,11:25:09,11.55,--,5,5775,买盘
2013,11:25:06,11.55,0.02,1,1155,买盘
2014,11:25:00,11.53,--,10,11530,卖盘
2015,11:24:57,11.53,-0.02,80,92240,卖盘
2016,11:24:54,11.55,0.01,330,381150,买盘
2017,11:24:51,11.54,--,99,114245,买盘
2018,11:24:45,11.54,0.01,54,62315,买盘
2019,11:24:42,11.53,--,62,71486,卖盘
2020,11:24:39,11.53,-0.01,95,109535,卖盘
2021,11:24:36,11.54,0.01,1,1154,买盘
2022,11:24:33,11.53,--,15,17295,卖盘
2023,11:24:30,11.53,--,9,10377,卖盘
2024,11:24:27,11.53,--,3,3459,卖盘
2025,11:24:24,11.53,--,56,64568,卖盘
2026,11:24:21,11.53,--,230,265190,卖盘
2027,11:24:12,11.53,--,16,18448,卖盘
2028,11:24:09,11.53,--,26,29978,卖盘
2029,11:24:00,11.53,--,11,12683,卖盘
2030,11:23:57,11.53,--,3,3459,卖盘
2031,11:23:54,11.53,--,34,39202,卖盘
2032,11:23:51,11.53,--,29,33437,卖盘
2033,11:23:42,11.53,--,9,10377,卖盘
2034,11:23:39,11.53,-0.01,3,3459,卖盘
2035,11:23:30,11.54,--,23,26541,卖盘
2036,11:23:21,11.54,-0.01,10,11540,卖盘
2037,11:23:15,11.55,0.01,94,108570,买盘
2038,11:23:12,11.54,--,11,12693,卖盘
2039,11:23:00,11.54,-0.01,10,11540,卖盘
2040,11:22:57,11.55,0.01,965,1114575,买盘
2041,11:22:54,11.54,-0.01,5,5770,卖盘
2042,11:22:51,11.55,0.01,13,15015,买盘
2043,11:22:42,11.54,--,18,20772,卖盘
2044,11:22:39,11.54,--,24,27695,卖盘
2045,11:22:36,11.54,--,3,3461,卖盘
2046,11:22:33,11.54,0.01,30,34620,买盘
2047,11:22:30,11.53,--,39,44967,卖盘
2048,11:22:27,11.53,-0.01,900,1037700,卖盘
2049,11:22:24,11.54,0.01,39,45006,买盘
2050,11:22:21,11.53,-0.01,10,11530,卖盘
2051,11:22:18,11.54,--,20,23080,买盘
2052,11:22:15,11.54,0.01,3,3461,买盘
2053,11:22:12,11.53,-0.01,11,12683,卖盘
2054,11:22:09,11.54,--,40,46160,买盘
2055,11:22:03,11.54,--,30,34620,买盘
2056,11:22:00,11.54,--,17,19618,买盘
2057,11:21:54,11.54,0.01,2,2308,买盘
2058,11:21:51,11.53,-0.01,12,13836,卖盘
2059,11:21:48,11.54,--,59,68086,买盘
2060,11:21:45,11.54,--,1,1154,买盘
2061,11:21:42,11.54,0.01,50,57699,买盘
2062,11:21:39,11.53,--,3,3459,卖盘
2063,11:21:36,11.53,-0.01,148,170644,卖盘
2064,11:21:33,11.54,--,96,110783,卖盘
2065,11:21:30,11.54,--,29,33466,卖盘
2066,11:21:27,11.54,--,5,5770,卖盘
2067,11:21:24,11.54,--,3,3461,卖盘
2068,11:21:21,11.54,-0.01,9,10386,卖盘
2069,11:21:15,11.55,0.01,55,63525,买盘
2070,11:21:12,11.54,--,9,10386,卖盘
2071,11:21:03,11.54,--,13,15001,卖盘
2072,11:21:00,11.54,--,10,11540,买盘
2073,11:20:57,11.54,0.01,20,23080,买盘
2074,11:20:54,11.53,--,55,63415,卖盘
2075,11:20:51,11.53,--,255,294015,卖盘
2076,11:20:48,11.53,--,200,230600,卖盘
2077,11:20:45,11.53,--,300,345900,卖盘
2078,11:20:42,11.53,--,192,221376,卖盘
2079,11:20:39,11.53,-0.01,254,292862,卖盘
2080,11:20:36,11.54,--,101,116553,卖盘
2081,11:20:33,11.54,--,58,66932,卖盘
2082,11:20:30,11.54,--,259,298886,卖盘
2083,11:20:27,11.54,--,251,289654,卖盘
2084,11:20:24,11.54,--,102,117707,卖盘
2085,11:20:21,11.54,--,200,230799,卖盘
2086,11:20:18,11.54,--,150,173100,卖盘
2087,11:20:15,11.54,--,157,181178,卖盘
2088,11:20:12,11.54,--,109,125785,卖盘
2089,11:20:09,11.54,-0.02,50,57699,卖盘
2090,11:20:06,11.56,0.01,297,343332,买盘
2091,11:20:03,11.55,--,85,98175,卖盘
2092,11:20:00,11.55,-0.01,146,168630,卖盘
2093,11:19:54,11.56,0.01,94,108664,买盘
2094,11:19:51,11.55,--,29,33495,卖盘
2095,11:19:45,11.55,--,4,4620,卖盘
2096,11:19:42,11.55,--,9,10395,卖盘
2097,11:19:39,11.55,0.01,67,77385,买盘
2098,11:19:30,11.54,--,40,46160,卖盘
2099,11:19:24,11.54,--,31,35774,卖盘
2100,11:19:21,11.54,--,9,10386,卖盘
2101,11:19:15,11.54,--,5,5770,卖盘
2102,11:19:12,11.54,--,9,10386,卖盘
2103,11:19:09,11.54,--,41,47314,卖盘
2104,11:19:00,11.54,--,9,10386,卖盘
2105,11:18:57,11.54,--,147,170365,买盘
2106,11:18:54,11.54,--,49,56545,买盘
2107,11:18:51,11.54,--,45,51929,买盘
2108,11:18:48,11.54,0.01,8,9232,买盘
2109,11:18:42,11.53,--,9,10377,卖盘
2110,11:18:30,11.53,-0.01,39,44967,卖盘
2111,11:18:27,11.54,0.01,5,5770,买盘
2112,11:18:24,11.53,--,50,57650,卖盘
2113,11:18:21,11.53,-0.01,9,10377,卖盘
2114,11:18:12,11.54,0.01,114,131556,买盘
2115,11:18:09,11.53,--,3,3459,卖盘
2116,11:18:00,11.53,--,9,10377,卖盘
2117,11:17:51,11.53,--,9,10377,卖盘
2118,11:17:48,11.53,0.01,566,652598,买盘
2119,11:17:42,11.52,--,9,10368,卖盘
2120,11:17:39,11.52,--,20,23040,卖盘
2121,11:17:36,11.52,--,25,28800,卖盘
2122,11:17:30,11.52,--,9,10368,卖盘
2123,11:17:24,11.52,--,14,16128,卖盘
2124,11:17:21,11.52,--,65,74880,卖盘
2125,11:17:12,11.52,--,9,10368,卖盘
2126,11:17:09,11.52,--,281,323712,卖盘
2127,11:17:03,11.52,--,5,5760,卖盘
2128,11:17:00,11.52,--,192,221184,卖盘
2129,11:16:57,11.52,--,18,20736,卖盘
2130,11:16:51,11.52,-0.01,9,10368,卖盘
2131,11:16:48,11.53,--,285,328605,卖盘
2132,11:16:42,11.53,--,21,24213,卖盘
2133,11:16:39,11.53,--,20,23060,卖盘
2134,11:16:33,11.53,--,1000,1153000,卖盘
2135,11:16:30,11.53,--,100,115300,卖盘
2136,11:16:27,11.53,--,12,13836,卖盘
2137,11:16:24,11.53,--,12,13836,卖盘
2138,11:16:21,11.53,--,143,164879,卖盘
2139,11:16:18,11.53,--,3,3459,卖盘
2140,11:16:12,11.53,-0.01,9,10377,卖盘
2141,11:16:09,11.54,-0.01,254,293196,卖盘
2142,11:16:06,11.55,0.01,49,56595,买盘
2143,11:16:00,11.54,--,10,11540,卖盘
2144,11:15:51,11.54,--,266,306964,卖盘
2145,11:15:45,11.54,-0.01,2,2308,卖盘
2146,11:15:42,11.55,0.01,19,21945,买盘
2147,11:15:36,11.54,-0.01,7,8077,卖盘
2148,11:15:33,11.55,0.01,5,5775,买盘
2149,11:15:30,11.54,-0.01,9,10386,卖盘
2150,11:15:24,11.55,0.01,39,45045,买盘
2151,11:15:21,11.54,--,15,17310,卖盘
2152,11:15:18,11.54,--,89,102705,卖盘
2153,11:15:15,11.54,--,1,1154,卖盘
2154,11:15:12,11.54,--,9,10386,卖盘
2155,11:15:09,11.54,--,12,13847,卖盘
2156,11:15:06,11.54,--,63,72702,卖盘
2157,11:15:00,11.54,--,9,10386,卖盘
2158,11:14:54,11.54,-0.01,12,13847,卖盘
2159,11:14:51,11.55,--,121,139755,卖盘
2160,11:14:48,11.55,--,5,5775,卖盘
2161,11:14:45,11.55,--,29,33495,卖盘
2162,11:14:42,11.55,--,20,23100,卖盘
2163,11:14:39,11.55,--,16,18480,卖盘
2164,11:14:30,11.55,--,43,49665,卖盘
2165,11:14:27,11.55,--,10,11550,卖盘
2166,11:14:24,11.55,--,12,13860,卖盘
2167,11:14:21,11.55,--,12,13860,卖盘
2168,11:14:18,11.55,--,29,33495,买盘
2169,11:14:15,11.55,0.01,44,50820,买盘
2170,11:14:12,11.54,--,14,16155,卖盘
2171,11:14:06,11.54,--,10,11540,卖盘
2172,11:14:00,11.54,--,20,23080,卖盘
2173,11:13:54,11.54,--,34,39236,卖盘
2174,11:13:51,11.54,--,9,10386,卖盘
2175,11:13:48,11.54,--,22,25387,卖盘
2176,11:13:42,11.54,--,9,10386,卖盘
2177,11:13:33,11.54,--,39,45006,卖盘
2178,11:13:30,11.54,--,9,10386,卖盘
2179,11:13:21,11.54,-0.02,9,10386,卖盘
2180,11:13:12,11.56,0.02,101,116756,买盘
2181,11:13:09,11.54,--,5,5770,卖盘
2182,11:13:06,11.54,--,12,13847,卖盘
2183,11:13:00,11.54,--,17,19618,卖盘
2184,11:12:54,11.54,--,112,129247,卖盘
2185,11:12:51,11.54,--,9,10386,卖盘
2186,11:12:45,11.54,--,7,8828,卖盘
2187,11:12:42,11.54,--,12,13847,卖盘
2188,11:12:36,11.54,--,24,28434,卖盘
2189,11:12:33,11.54,--,12,13847,卖盘
2190,11:12:30,11.54,-0.01,94,108475,卖盘
2191,11:12:27,11.55,0.01,48,56190,买盘
2192,11:12:24,11.54,--,10,12301,卖盘
2193,11:12:21,11.54,--,9,10386,卖盘
2194,11:12:18,11.54,--,7,8077,卖盘
2195,11:12:12,11.54,-0.01,16,19237,卖盘
2196,11:12:06,11.55,0.01,56,64680,买盘
2197,11:12:03,11.54,--,8,9993,卖盘
2198,11:12:00,11.54,--,9,10386,卖盘
2199,11:11:57,11.54,--,95,109629,卖盘
2200,11:11:51,11.54,--,10,11540,卖盘
2201,11:11:48,11.54,--,100,115399,卖盘
2202,11:11:45,11.54,--,23,26541,卖盘
2203,11:11:42,11.54,-0.01,9,10386,卖盘
2204,11:11:33,11.55,--,107,123585,买盘
2205,11:11:30,11.55,--,17,19635,买盘
2206,11:11:24,11.55,0.01,58,66990,买盘
2207,11:11:21,11.54,--,9,10386,卖盘
2208,11:11:18,11.54,--,34,39236,卖盘
2209,11:11:15,11.54,--,3,3461,卖盘
2210,11:11:12,11.54,-0.01,14,16155,卖盘
2211,11:11:09,11.55,0.01,9,10395,买盘
2212,11:11:06,11.54,--,10,11540,卖盘
2213,11:11:03,11.54,--,5,5770,卖盘
2214,11:11:00,11.54,--,10,11540,卖盘
2215,11:10:51,11.54,--,9,10386,卖盘
2216,11:10:42,11.54,-0.01,27,31157,卖盘
2217,11:10:36,11.55,0.01,2,2310,买盘
2218,11:10:30,11.54,-0.01,18,20772,卖盘
2219,11:10:27,11.55,0.01,10,11550,买盘
2220,11:10:21,11.54,-0.01,14,16155,卖盘
2221,11:10:18,11.55,0.01,60,69300,买盘
2222,11:10:15,11.54,--,5,5770,买盘
2223,11:10:12,11.54,--,16,18464,卖盘
2224,11:10:06,11.54,--,34,39236,卖盘
2225,11:10:00,11.54,--,12,13847,卖盘
2226,11:09:57,11.54,--,161,186555,买盘
2227,11:09:54,11.54,0.01,95,109629,买盘
2228,11:09:51,11.53,--,10,11530,卖盘
2229,11:09:45,11.53,-0.01,35,40355,卖盘
2230,11:09:42,11.54,0.01,79,91166,买盘
2231,11:09:39,11.53,--,22,25366,卖盘
2232,11:09:33,11.53,--,7,8071,卖盘
2233,11:09:30,11.53,--,9,10377,卖盘
2234,11:09:24,11.53,--,3,3459,卖盘
2235,11:09:21,11.53,--,14,16142,卖盘
2236,11:09:18,11.53,-0.01,317,365501,卖盘
2237,11:09:15,11.54,--,20,23080,买盘
2238,11:09:12,11.54,--,41,47314,买盘
2239,11:09:09,11.54,0.01,51,58853,买盘
2240,11:09:06,11.53,--,239,275567,卖盘
2241,11:09:03,11.53,--,194,223682,卖盘
2242,11:09:00,11.53,--,173,199469,卖盘
2243,11:08:57,11.53,--,12,13836,卖盘
2244,11:08:51,11.53,-0.01,15,17295,卖盘
2245,11:08:45,11.54,0.01,10,11540,买盘
2246,11:08:42,11.53,--,9,10377,卖盘
2247,11:08:33,11.53,--,5,5765,卖盘
2248,11:08:30,11.53,--,9,10377,卖盘
2249,11:08:21,11.53,--,10,11530,卖盘
2250,11:08:15,11.53,--,123,141819,卖盘
2251,11:08:12,11.53,--,9,10377,卖盘
2252,11:08:06,11.53,-0.01,17,19601,卖盘
2253,11:08:03,11.54,0.01,13,15001,买盘
2254,11:08:00,11.53,--,30,34590,卖盘
2255,11:07:57,11.53,--,24,27672,卖盘
2256,11:07:51,11.53,--,9,10377,卖盘
2257,11:07:42,11.53,--,17,19601,卖盘
2258,11:07:39,11.53,0.01,10,11530,买盘
2259,11:07:33,11.52,--,5,5760,卖盘
2260,11:07:30,11.52,-0.01,94,108288,卖盘
2261,11:07:24,11.53,0.01,24,27672,买盘
2262,11:07:21,11.52,--,12,13824,卖盘
2263,11:07:12,11.52,-0.01,9,10368,卖盘
2264,11:07:09,11.53,--,32,36896,买盘
2265,11:07:03,11.53,0.01,15,17295,买盘
2266,11:07:00,11.52,-0.01,29,33408,卖盘
2267,11:06:54,11.53,0.01,1,1153,买盘
2268,11:06:51,11.52,--,9,10368,卖盘
2269,11:06:48,11.52,--,3,3456,卖盘
2270,11:06:45,11.52,--,2,2304,卖盘
2271,11:06:42,11.52,--,9,10368,卖盘
2272,11:06:36,11.52,-0.02,3,3456,卖盘
2273,11:06:33,11.54,0.02,106,122323,买盘
2274,11:06:30,11.52,--,25,28800,卖盘
2275,11:06:21,11.52,--,9,10368,卖盘
2276,11:06:18,11.52,--,27,31104,卖盘
2277,11:06:12,11.52,-0.02,10,11520,卖盘
2278,11:06:09,11.54,0.01,26,30003,买盘
2279,11:06:06,11.53,--,5,5765,卖盘
2280,11:06:00,11.53,-0.01,68,78404,卖盘
2281,11:05:57,11.54,0.01,14,16155,买盘
2282,11:05:51,11.53,--,24,27672,买盘
2283,11:05:42,11.53,--,23,26519,买盘
2284,11:05:39,11.53,0.01,5,5765,买盘
2285,11:05:30,11.52,--,10,11520,卖盘
2286,11:05:24,11.52,-0.01,3,3456,卖盘
2287,11:05:21,11.53,--,3,3459,卖盘
2288,11:05:18,11.53,0.01,121,139513,买盘
2289,11:05:12,11.52,--,9,10368,卖盘
2290,11:05:09,11.52,--,122,140544,卖盘
2291,11:05:06,11.52,--,4,4608,卖盘
2292,11:05:00,11.52,-0.02,9,10368,卖盘
2293,11:04:57,11.54,0.02,13,15001,买盘
2294,11:04:54,11.52,--,95,109440,卖盘
2295,11:04:51,11.52,--,10,11520,卖盘
2296,11:04:45,11.52,--,13,14976,卖盘
2297,11:04:42,11.52,--,9,10368,卖盘
2298,11:04:36,11.52,-0.01,2,2304,卖盘
2299,11:04:33,11.53,0.01,27,31131,买盘
2300,11:04:30,11.52,-0.01,9,10368,卖盘
2301,11:04:27,11.53,0.01,45,51885,买盘
2302,11:04:24,11.52,-0.01,116,133632,卖盘
2303,11:04:21,11.53,0.01,14,16142,买盘
2304,11:04:18,11.52,--,203,233856,卖盘
2305,11:04:12,11.52,-0.01,10,11520,卖盘
2306,11:04:06,11.53,-0.01,354,408162,卖盘
2307,11:04:03,11.54,0.01,5,5770,买盘
2308,11:04:00,11.53,--,26,29978,卖盘
2309,11:03:51,11.53,--,9,10377,卖盘
2310,11:03:48,11.53,--,3,3459,卖盘
2311,11:03:42,11.53,--,15,17295,买盘
2312,11:03:36,11.53,--,100,115300,买盘
2313,11:03:33,11.53,0.01,10,11530,买盘
2314,11:03:30,11.52,-0.01,10,11520,卖盘
2315,11:03:27,11.53,--,20,23060,买盘
2316,11:03:24,11.53,0.01,1,1153,买盘
2317,11:03:21,11.52,--,29,33408,卖盘
2318,11:03:18,11.52,-0.01,103,118656,卖盘
2319,11:03:15,11.53,--,13,14989,买盘
2320,11:03:12,11.53,0.01,100,115300,买盘
2321,11:03:09,11.52,--,50,57600,卖盘
2322,11:03:06,11.52,--,3,3456,卖盘
2323,11:03:00,11.52,-0.01,9,10368,卖盘
2324,11:02:54,11.53,0.01,22,25366,买盘
2325,11:02:51,11.52,-0.01,22,25344,卖盘
2326,11:02:48,11.53,--,110,126830,买盘
2327,11:02:45,11.53,0.01,40,46120,买盘
2328,11:02:42,11.52,-0.01,9,10368,卖盘
2329,11:02:39,11.53,0.01,1,1153,买盘
2330,11:02:33,11.52,--,3,3456,卖盘
2331,11:02:30,11.52,-0.01,54,62208,卖盘
2332,11:02:24,11.53,0.01,34,39202,买盘
2333,11:02:21,11.52,-0.01,21,24192,卖盘
2334,11:02:18,11.53,0.01,100,115300,买盘
2335,11:02:15,11.52,--,8,9216,卖盘
2336,11:02:12,11.52,--,9,10368,卖盘
2337,11:02:03,11.52,--,21,24192,卖盘
2338,11:02:00,11.52,--,10,11520,卖盘
2339,11:01:57,11.52,--,3,3456,卖盘
2340,11:01:54,11.52,--,5,5760,卖盘
2341,11:01:51,11.52,--,9,10368,卖盘
2342,11:01:48,11.52,--,2,2304,卖盘
2343,11:01:42,11.52,--,9,10368,卖盘
2344,11:01:33,11.52,0.01,226,261112,买盘
2345,11:01:30,11.51,--,19,21869,卖盘
2346,11:01:24,11.51,--,2,2302,卖盘
2347,11:01:21,11.51,--,22,25322,卖盘
2348,11:01:18,11.51,--,5,5755,卖盘
2349,11:01:12,11.51,-0.01,9,10359,卖盘
2350,11:01:06,11.52,0.01,14,16128,买盘
2351,11:01:00,11.51,--,9,10359,卖盘
2352,11:00:57,11.51,--,10,11510,卖盘
2353,11:00:51,11.51,-0.01,24,27624,卖盘
2354,11:00:48,11.52,--,50,57600,买盘
2355,11:00:45,11.52,0.01,35,40320,买盘
2356,11:00:42,11.51,-0.01,30,34530,卖盘
2357,11:00:36,11.52,0.01,46,52992,买盘
2358,11:00:33,11.51,--,4,4604,卖盘
2359,11:00:30,11.51,-0.01,18,20718,卖盘
2360,11:00:24,11.52,0.01,16,18432,买盘
2361,11:00:21,11.51,-0.01,21,24171,卖盘
2362,11:00:18,11.52,--,371,427392,卖盘
2363,11:00:15,11.52,-0.01,50,57600,卖盘
2364,11:00:12,11.53,0.01,16,18448,买盘
2365,11:00:06,11.52,--,1,1152,卖盘
2366,11:00:00,11.52,-0.01,10,11520,卖盘
2367,10:59:57,11.53,0.01,16,18448,买盘
2368,10:59:54,11.52,-0.01,12,13824,卖盘
2369,10:59:51,11.53,--,107,123371,买盘
2370,10:59:48,11.53,--,10,11530,买盘
2371,10:59:45,11.53,0.01,271,312463,买盘
2372,10:59:42,11.52,--,21,24192,卖盘
2373,10:59:36,11.52,-0.01,5,5760,卖盘
2374,10:59:30,11.53,-0.01,451,520003,卖盘
2375,10:59:21,11.54,--,16,18464,买盘
2376,10:59:18,11.54,0.01,6,6923,买盘
2377,10:59:15,11.53,-0.01,63,72639,卖盘
2378,10:59:12,11.54,--,64,73856,卖盘
2379,10:59:03,11.54,0.01,38,43852,买盘
2380,10:59:00,11.53,-0.01,11,12683,卖盘
2381,10:58:57,11.54,0.01,14,16155,买盘
2382,10:58:51,11.53,-0.01,9,10377,卖盘
2383,10:58:48,11.54,--,6,6923,买盘
2384,10:58:42,11.54,-0.01,29,33466,卖盘
2385,10:58:39,11.55,0.01,30,34650,买盘
2386,10:58:36,11.54,--,12,13847,卖盘
2387,10:58:33,11.54,--,350,403899,卖盘
2388,10:58:30,11.54,-0.01,29,33466,卖盘
2389,10:58:27,11.55,0.01,5,5775,买盘
2390,10:58:24,11.54,--,20,23080,卖盘
2391,10:58:21,11.54,--,21,24234,卖盘
2392,10:58:18,11.54,--,34,39236,卖盘
2393,10:58:15,11.54,--,2,2308,卖盘
2394,10:58:12,11.54,--,122,140788,卖盘
2395,10:58:09,11.54,--,48,55391,卖盘
2396,10:58:00,11.54,--,69,79626,卖盘
2397,10:57:54,11.54,--,10,11540,卖盘
2398,10:57:51,11.54,--,319,368126,买盘
2399,10:57:48,11.54,0.01,1,1154,买盘
2400,10:57:45,11.53,-0.01,25,28825,卖盘
2401,10:57:42,11.54,0.01,13,15001,买盘
2402,10:57:36,11.53,--,5,5765,卖盘
2403,10:57:33,11.53,--,14,16142,卖盘
2404,10:57:30,11.53,--,16,18448,卖盘
2405,10:57:27,11.53,--,163,187939,买盘
2406,10:57:24,11.53,0.01,1,1153,买盘
2407,10:57:21,11.52,--,32,36864,卖盘
2408,10:57:15,11.52,-0.01,1,1152,卖盘
2409,10:57:12,11.53,0.01,21,24213,买盘
2410,10:57:09,11.52,--,51,58752,卖盘
2411,10:57:00,11.52,--,9,10368,卖盘
2412,10:56:54,11.52,--,68,78336,卖盘
2413,10:56:51,11.52,-0.01,19,21888,卖盘
2414,10:56:48,11.53,0.01,1,1153,买盘
2415,10:56:42,11.52,--,19,21888,卖盘
2416,10:56:39,11.52,--,28,32256,卖盘
2417,10:56:30,11.52,-0.01,164,188928,卖盘
2418,10:56:27,11.53,0.01,1,1153,买盘
2419,10:56:21,11.52,--,79,91008,卖盘
2420,10:56:18,11.52,--,3,3456,卖盘
2421,10:56:15,11.52,-0.01,4,4608,卖盘
2422,10:56:12,11.53,0.01,11,12683,买盘
2423,10:56:09,11.52,-0.01,7,8064,卖盘
2424,10:56:06,11.53,0.01,39,44967,买盘
2425,10:56:00,11.52,--,9,10368,卖盘
2426,10:55:57,11.52,--,4,4608,卖盘
2427,10:55:54,11.52,--,2,2304,卖盘
2428,10:55:51,11.52,--,10,11520,卖盘
2429,10:55:48,11.52,-0.01,1016,1170432,卖盘
2430,10:55:45,11.53,0.01,15,17295,买盘
2431,10:55:42,11.52,--,122,140544,卖盘
2432,10:55:36,11.52,--,9,10368,卖盘
2433,10:55:33,11.52,0.01,7,8064,买盘
2434,10:55:30,11.51,--,1330,1530830,卖盘
2435,10:55:27,11.51,--,654,752754,卖盘
2436,10:55:24,11.51,--,10,11510,卖盘
2437,10:55:21,11.51,--,19,21869,卖盘
2438,10:55:18,11.51,--,194,223294,卖盘
2439,10:55:12,11.51,-0.01,13,14963,卖盘
2440,10:55:06,11.52,0.01,1,1152,买盘
2441,10:55:03,11.51,--,5,5755,卖盘
2442,10:55:00,11.51,-0.01,130,149630,卖盘
2443,10:54:57,11.52,--,100,115200,买盘
2444,10:54:51,11.52,--,59,67968,买盘
2445,10:54:48,11.52,--,110,126720,买盘
2446,10:54:45,11.52,--,22,25344,买盘
2447,10:54:42,11.52,--,39,44928,买盘
2448,10:54:36,11.52,0.01,96,110592,买盘
2449,10:54:33,11.51,--,22,25322,卖盘
2450,10:54:30,11.51,--,31,35681,卖盘
2451,10:54:27,11.51,--,2,2302,卖盘
2452,10:54:24,11.51,--,130,149630,卖盘
2453,10:54:21,11.51,-0.01,10,11510,卖盘
2454,10:54:18,11.52,--,1,1152,买盘
2455,10:54:15,11.52,--,35,40320,买盘
2456,10:54:12,11.52,0.01,47,54144,买盘
2457,10:54:06,11.51,--,5,5755,卖盘
2458,10:54:03,11.51,--,4,4604,卖盘
2459,10:54:00,11.51,-0.01,18,20718,卖盘
2460,10:53:57,11.52,0.01,101,116352,买盘
2461,10:53:51,11.51,--,12,13812,卖盘
2462,10:53:45,11.51,--,16,18416,卖盘
2463,10:53:42,11.51,--,70,80570,卖盘
2464,10:53:39,11.51,--,5,5755,卖盘
2465,10:53:36,11.51,--,7,8057,卖盘
2466,10:53:33,11.51,--,2,2302,卖盘
2467,10:53:30,11.51,-0.01,1029,1184379,卖盘
2468,10:53:21,11.52,--,75,86400,买盘
2469,10:53:18,11.52,--,1,1152,买盘
2470,10:53:15,11.52,0.01,15,17280,买盘
2471,10:53:12,11.51,-0.01,229,263579,卖盘
2472,10:53:09,11.52,--,114,131328,买盘
2473,10:53:06,11.52,0.01,100,115200,买盘
2474,10:53:03,11.51,--,152,174952,卖盘
2475,10:53:00,11.51,-0.01,230,264730,卖盘
2476,10:52:57,11.52,0.01,1,1152,买盘
2477,10:52:54,11.51,--,105,120855,卖盘
2478,10:52:51,11.51,--,9,10359,卖盘
2479,10:52:48,11.51,--,12,13812,卖盘
2480,10:52:42,11.51,-0.01,12,13812,卖盘
2481,10:52:39,11.52,--,205,236160,买盘
2482,10:52:36,11.52,--,29,33408,买盘
2483,10:52:33,11.52,0.01,7,8064,买盘
2484,10:52:30,11.51,--,9,10359,卖盘
2485,10:52:21,11.51,-0.01,14,16114,卖盘
2486,10:52:18,11.52,--,101,116352,买盘
2487,10:52:15,11.52,0.01,17,19584,买盘
2488,10:52:12,11.51,-0.01,10,11510,卖盘
2489,10:52:09,11.52,--,39,44928,买盘
2490,10:52:03,11.52,0.01,9,10368,买盘
2491,10:52:00,11.51,--,12,13812,卖盘
2492,10:51:57,11.51,--,16,18416,卖盘
2493,10:51:54,11.51,--,10,11510,卖盘
2494,10:51:51,11.51,-0.01,29,33379,卖盘
2495,10:51:48,11.52,0.01,1,1152,买盘
2496,10:51:45,11.51,--,79,90929,卖盘
2497,10:51:42,11.51,--,9,10359,卖盘
2498,10:51:39,11.51,-0.01,4,4604,卖盘
2499,10:51:36,11.52,0.01,13,14976,买盘
2500,10:51:33,11.51,--,105,120855,卖盘
2501,10:51:30,11.51,-0.01,239,275089,卖盘
2502,10:51:27,11.52,0.01,11,12672,买盘
2503,10:51:24,11.51,--,53,61003,卖盘
2504,10:51:21,11.51,-0.01,19,21869,卖盘
2505,10:51:18,11.52,--,52,59904,买盘
2506,10:51:12,11.52,--,29,33408,买盘
2507,10:51:06,11.52,--,213,245376,卖盘
2508,10:51:03,11.52,--,100,115200,卖盘
2509,10:51:00,11.52,-0.01,12,13824,卖盘
2510,10:50:57,11.53,0.01,5,5765,买盘
2511,10:50:54,11.52,--,9,10368,卖盘
2512,10:50:51,11.52,--,43,49536,卖盘
2513,10:50:48,11.52,--,4,4608,卖盘
2514,10:50:42,11.52,--,72,82944,买盘
2515,10:50:33,11.52,0.01,30,34560,买盘
2516,10:50:30,11.51,-0.01,22,25322,卖盘
2517,10:50:27,11.52,0.01,1,1152,买盘
2518,10:50:24,11.51,-0.01,24,27624,卖盘
2519,10:50:21,11.52,-0.01,51,58752,中性盘
2520,10:50:15,11.53,0.03,102,117606,买盘
2521,10:50:12,11.5,--,13,14950,卖盘
2522,10:50:09,11.5,-0.03,210,241500,卖盘
2523,10:50:06,11.53,0.02,162,186786,买盘
2524,10:50:03,11.51,0.01,33,37983,买盘
2525,10:50:00,11.5,--,20,23000,卖盘
2526,10:49:57,11.5,--,212,243800,卖盘
2527,10:49:54,11.5,-0.01,13,14950,卖盘
2528,10:49:51,11.51,--,100,115100,买盘
2529,10:49:48,11.51,0.01,9,10359,买盘
2530,10:49:45,11.5,-0.01,3,3450,卖盘
2531,10:49:42,11.51,0.01,13,14963,买盘
2532,10:49:39,11.5,--,88,101200,卖盘
2533,10:49:36,11.5,--,4,4600,卖盘
2534,10:49:33,11.5,--,50,57500,卖盘
2535,10:49:30,11.5,-0.01,10,11500,卖盘
2536,10:49:27,11.51,0.01,4,4604,买盘
2537,10:49:21,11.5,--,185,212750,买盘
2538,10:49:15,11.5,--,64,73600,卖盘
2539,10:49:12,11.5,--,9,10350,卖盘
2540,10:49:09,11.5,-0.01,51,58650,卖盘
2541,10:49:06,11.51,0.01,34,39134,买盘
2542,10:49:03,11.5,0.01,109,125350,买盘
2543,10:49:00,11.49,-0.01,42,48258,卖盘
2544,10:48:57,11.5,--,235,270250,买盘
2545,10:48:54,11.5,0.01,100,115000,买盘
2546,10:48:51,11.49,--,10,11490,卖盘
2547,10:48:48,11.49,--,118,135582,卖盘
2548,10:48:45,11.49,--,65,74685,卖盘
2549,10:48:42,11.49,--,119,136731,卖盘
2550,10:48:39,11.49,--,130,149370,卖盘
2551,10:48:36,11.49,-0.01,36,41364,卖盘
2552,10:48:33,11.5,--,100,115000,买盘
2553,10:48:30,11.5,--,142,163300,买盘
2554,10:48:27,11.5,--,77,88550,买盘
2555,10:48:24,11.5,--,50,57500,买盘
2556,10:48:21,11.5,--,63,72450,买盘
2557,10:48:18,11.5,--,226,259900,卖盘
2558,10:48:15,11.5,--,25,28750,卖盘
2559,10:48:12,11.5,--,205,235750,卖盘
2560,10:48:09,11.5,-0.01,64,73600,卖盘
2561,10:48:06,11.51,0.01,21,24171,买盘
2562,10:48:03,11.5,--,116,133400,卖盘
2563,10:48:00,11.5,--,35,40250,卖盘
2564,10:47:57,11.5,--,31,35650,卖盘
2565,10:47:54,11.5,--,108,124200,卖盘
2566,10:47:51,11.5,--,12,13800,卖盘
2567,10:47:48,11.5,-0.01,8,9200,中性盘
2568,10:47:45,11.51,0.01,111,127761,买盘
2569,10:47:42,11.5,--,29,33350,买盘
2570,10:47:39,11.5,-0.01,10,11500,买盘
2571,10:47:33,11.51,0.01,314,361414,买盘
2572,10:47:30,11.5,-0.01,49,56350,卖盘
2573,10:47:27,11.51,--,40,46040,买盘
2574,10:47:24,11.51,--,1010,1162510,卖盘
2575,10:47:21,11.51,--,11,12661,卖盘
2576,10:47:18,11.51,--,10,11510,买盘
2577,10:47:15,11.51,--,22,25322,买盘
2578,10:47:12,11.51,--,14,16114,买盘
2579,10:47:09,11.51,-0.01,78,89778,卖盘
2580,10:47:06,11.52,--,3,3456,买盘
2581,10:47:03,11.52,0.01,22,25344,买盘
2582,10:47:00,11.51,-0.01,1037,1193587,卖盘
2583,10:46:57,11.52,-0.01,168,193536,卖盘
2584,10:46:54,11.53,0.01,107,123371,买盘
2585,10:46:51,11.52,-0.01,10,11520,卖盘
2586,10:46:48,11.53,0.01,1,1153,买盘
2587,10:46:45,11.52,--,34,39168,卖盘
2588,10:46:42,11.52,--,10,11520,卖盘
2589,10:46:39,11.52,--,2,2304,卖盘
2590,10:46:36,11.52,--,48,55296,买盘
2591,10:46:33,11.52,0.01,96,110592,买盘
2592,10:46:30,11.51,--,34,39134,卖盘
2593,10:46:21,11.51,--,14,16114,卖盘
2594,10:46:18,11.51,--,354,407454,买盘
2595,10:46:15,11.51,0.01,150,172650,买盘
2596,10:46:12,11.5,--,9,10350,卖盘
2597,10:46:09,11.5,--,52,59800,卖盘
2598,10:46:06,11.5,--,37,42550,卖盘
2599,10:46:00,11.5,--,18,20700,卖盘
2600,10:45:57,11.5,--,71,81650,卖盘
2601,10:45:54,11.5,--,64,73600,卖盘
2602,10:45:51,11.5,--,14,16100,卖盘
2603,10:45:48,11.5,--,51,58650,买盘
2604,10:45:45,11.5,--,143,164450,买盘
2605,10:45:42,11.5,--,81,93150,买盘
2606,10:45:39,11.5,--,13,14950,买盘
2607,10:45:36,11.5,--,31,35650,买盘
2608,10:45:33,11.5,--,2951,3393650,卖盘
2609,10:45:30,11.5,--,1018,1170700,卖盘
2610,10:45:27,11.5,-0.01,1026,1179900,卖盘
2611,10:45:24,11.51,0.01,30,34530,买盘
2612,10:45:21,11.5,--,10,11500,卖盘
2613,10:45:18,11.5,-0.01,636,731400,卖盘
2614,10:45:15,11.51,--,125,143875,买盘
2615,10:45:12,11.51,--,2157,2482707,卖盘
2616,10:45:09,11.51,-0.01,21,24171,卖盘
2617,10:45:03,11.52,--,15,17280,买盘
2618,10:45:00,11.52,0.01,165,190080,卖盘
2619,10:44:57,11.51,-0.02,90,103590,卖盘
2620,10:44:54,11.53,0.01,300,345900,买盘
2621,10:44:51,11.52,0.01,18,20736,卖盘
2622,10:44:48,11.51,-0.02,539,620389,卖盘
2623,10:44:45,11.53,0.01,6,6918,买盘
2624,10:44:42,11.52,-0.01,58,66816,卖盘
2625,10:44:39,11.53,-0.01,387,446211,卖盘
2626,10:44:36,11.54,--,15,17310,买盘
2627,10:44:33,11.54,--,39,45006,买盘
2628,10:44:30,11.54,--,988,1140152,卖盘
2629,10:44:27,11.54,--,24,27695,卖盘
2630,10:44:24,11.54,--,37,42698,卖盘
2631,10:44:21,11.54,-0.01,32,36928,卖盘
2632,10:44:18,11.55,0.01,13,15015,买盘
2633,10:44:12,11.54,-0.01,29,33466,卖盘
2634,10:44:09,11.55,--,8,9240,买盘
2635,10:44:06,11.55,--,82,94710,买盘
2636,10:44:03,11.55,--,48,55440,买盘
2637,10:44:00,11.55,--,102,117810,卖盘
2638,10:43:57,11.55,-0.01,87,100485,卖盘
2639,10:43:54,11.56,0.01,2,2312,买盘
2640,10:43:51,11.55,--,10,11550,卖盘
2641,10:43:48,11.55,--,5,5775,卖盘
2642,10:43:45,11.55,--,3,3465,卖盘
2643,10:43:42,11.55,-0.01,9,10395,卖盘
2644,10:43:36,11.56,0.01,82,94792,买盘
2645,10:43:33,11.55,0.01,29,33495,买盘
2646,10:43:30,11.54,-0.01,14,16155,卖盘
2647,10:43:27,11.55,0.01,35,40425,中性盘
2648,10:43:21,11.54,-0.01,56,64623,卖盘
2649,10:43:18,11.55,--,20,23100,买盘
2650,10:43:15,11.55,--,195,225225,买盘
2651,10:43:12,11.55,0.01,77,88935,买盘
2652,10:43:06,11.54,-0.01,22,25387,卖盘
2653,10:43:03,11.55,--,22,25410,买盘
2654,10:43:00,11.55,0.01,19,21945,买盘
2655,10:42:57,11.54,--,51,58853,卖盘
2656,10:42:54,11.54,--,2,2308,卖盘
2657,10:42:51,11.54,-0.01,1626,1876403,卖盘
2658,10:42:48,11.55,--,252,291060,卖盘
2659,10:42:45,11.55,-0.01,38,43890,卖盘
2660,10:42:42,11.56,0.01,359,415004,买盘
2661,10:42:39,11.55,-0.01,10,11550,卖盘
2662,10:42:36,11.56,0.01,47,54332,买盘
2663,10:42:33,11.55,--,5,5775,卖盘
2664,10:42:30,11.55,-0.01,10,11550,卖盘
2665,10:42:24,11.56,--,74,85544,买盘
2666,10:42:21,11.56,--,492,568856,卖盘
2667,10:42:18,11.56,-0.01,3131,3619436,卖盘
2668,10:42:15,11.57,0.01,100,115700,买盘
2669,10:42:12,11.56,-0.01,29,33524,卖盘
2670,10:42:09,11.57,--,3,3471,买盘
2671,10:42:06,11.57,0.01,4,4628,买盘
2672,10:42:03,11.56,--,37,42772,卖盘
2673,10:42:00,11.56,-0.02,10,11560,卖盘
2674,10:41:57,11.58,0.01,13,15054,买盘
2675,10:41:54,11.57,--,47,55304,卖盘
2676,10:41:51,11.57,--,678,784446,卖盘
2677,10:41:42,11.57,--,9,10413,卖盘
2678,10:41:36,11.57,-0.01,14,16198,卖盘
2679,10:41:33,11.58,0.01,90,104220,买盘
2680,10:41:30,11.57,--,259,299663,卖盘
2681,10:41:27,11.57,--,2,2314,卖盘
2682,10:41:24,11.57,--,782,904774,卖盘
2683,10:41:21,11.57,-0.01,211,244127,卖盘
2684,10:41:18,11.58,0.01,18,20844,买盘
2685,10:41:15,11.57,--,3,3471,卖盘
2686,10:41:12,11.57,--,129,149253,卖盘
2687,10:41:09,11.57,--,27,31239,卖盘
2688,10:41:06,11.57,--,2,2314,卖盘
2689,10:41:03,11.57,--,111,128427,卖盘
2690,10:41:00,11.57,-0.01,34,39338,卖盘
2691,10:40:54,11.58,0.01,100,115800,买盘
2692,10:40:51,11.57,--,9,10413,卖盘
2693,10:40:48,11.57,-0.01,25,28925,卖盘
2694,10:40:42,11.58,--,32,37056,买盘
2695,10:40:39,11.58,--,12,13896,买盘
2696,10:40:36,11.58,--,21,24318,买盘
2697,10:40:33,11.58,0.01,5,5790,买盘
2698,10:40:30,11.57,--,10,11570,卖盘
2699,10:40:27,11.57,-0.01,10,11570,卖盘
2700,10:40:21,11.58,0.01,30,34740,买盘
2701,10:40:15,11.57,--,48,55536,卖盘
2702,10:40:12,11.57,--,9,10413,卖盘
2703,10:40:06,11.57,-0.01,35,40495,卖盘
2704,10:40:03,11.58,0.01,7,8106,买盘
2705,10:40:00,11.57,--,12,13884,卖盘
2706,10:39:54,11.57,--,257,297349,卖盘
2707,10:39:51,11.57,--,99,114543,卖盘
2708,10:39:48,11.57,--,46,53222,卖盘
2709,10:39:42,11.57,-0.01,21,24297,卖盘
2710,10:39:36,11.58,--,189,218862,买盘
2711,10:39:33,11.58,0.01,30,34740,买盘
2712,10:39:30,11.57,-0.01,9,10413,卖盘
2713,10:39:27,11.58,-0.01,0,926,卖盘
2714,10:39:24,11.59,0.01,2,2318,买盘
2715,10:39:21,11.58,--,84,97272,卖盘
2716,10:39:15,11.58,--,19,22233,卖盘
2717,10:39:12,11.58,--,57,66006,卖盘
2718,10:39:09,11.58,-0.01,868,1005144,卖盘
2719,10:39:06,11.59,0.01,120,139080,买盘
2720,10:39:03,11.58,--,6,6948,卖盘
2721,10:39:00,11.58,--,10,11580,卖盘
2722,10:38:57,11.58,--,30,34740,卖盘
2723,10:38:54,11.58,--,2,2316,卖盘
2724,10:38:51,11.58,--,31,35898,卖盘
2725,10:38:48,11.58,--,96,111168,卖盘
2726,10:38:45,11.58,-0.01,54,62532,卖盘
2727,10:38:42,11.59,0.01,107,124013,买盘
2728,10:38:39,11.58,--,15,17370,卖盘
2729,10:38:33,11.58,--,17,19686,卖盘
2730,10:38:30,11.58,-0.01,9,10422,卖盘
2731,10:38:27,11.59,0.01,220,254980,买盘
2732,10:38:21,11.58,-0.01,10,11580,卖盘
2733,10:38:15,11.59,0.01,194,224846,买盘
2734,10:38:12,11.58,-0.01,9,10422,卖盘
2735,10:38:06,11.59,0.01,6,6954,买盘
2736,10:38:03,11.58,--,2,2316,卖盘
2737,10:38:00,11.58,--,9,10422,卖盘
2738,10:37:57,11.58,-0.01,26,30108,卖盘
2739,10:37:54,11.59,0.01,8,9272,买盘
2740,10:37:51,11.58,--,68,78744,卖盘
2741,10:37:48,11.58,--,42,48636,卖盘
2742,10:37:45,11.58,--,117,135486,卖盘
2743,10:37:42,11.58,--,110,127380,卖盘
2744,10:37:39,11.58,--,12,13896,卖盘
2745,10:37:36,11.58,--,5,5790,卖盘
2746,10:37:30,11.58,-0.01,11,12738,卖盘
2747,10:37:27,11.59,0.01,1,1159,买盘
2748,10:37:21,11.58,--,9,10422,卖盘
2749,10:37:12,11.58,-0.01,9,10422,卖盘
2750,10:37:06,11.59,0.01,1,1159,买盘
2751,10:37:00,11.58,-0.01,10,11580,卖盘
2752,10:36:54,11.59,0.01,120,139080,买盘
2753,10:36:51,11.58,--,19,22002,卖盘
2754,10:36:48,11.58,-0.01,3,3474,卖盘
2755,10:36:45,11.59,0.01,1,1159,买盘
2756,10:36:42,11.58,--,9,10422,卖盘
2757,10:36:39,11.58,-0.01,4,4632,卖盘
2758,10:36:36,11.59,-0.01,306,355720,卖盘
2759,10:36:33,11.6,0.01,164,190240,买盘
2760,10:36:30,11.59,-0.01,11,12749,卖盘
2761,10:36:24,11.6,0.01,61,70760,买盘
2762,10:36:21,11.59,--,361,418399,卖盘
2763,10:36:15,11.59,--,1,1159,卖盘
2764,10:36:12,11.59,--,9,10431,卖盘
2765,10:36:09,11.59,--,53,61427,卖盘
2766,10:36:06,11.59,--,134,155306,卖盘
2767,10:36:03,11.59,--,16,18544,卖盘
2768,10:36:00,11.59,--,67,77653,卖盘
2769,10:35:51,11.59,-0.01,9,10431,卖盘
2770,10:35:45,11.6,0.01,10,11750,买盘
2771,10:35:42,11.59,-0.01,39,45201,卖盘
2772,10:35:39,11.6,--,1,1160,买盘
2773,10:35:33,11.6,0.01,105,121800,买盘
2774,10:35:30,11.59,--,187,216733,卖盘
2775,10:35:27,11.59,-0.01,1,1159,卖盘
2776,10:35:24,11.6,0.01,6,6960,买盘
2777,10:35:21,11.59,-0.01,19,22021,卖盘
2778,10:35:15,11.6,0.01,2,2320,买盘
2779,10:35:12,11.59,--,16,19320,卖盘
2780,10:35:09,11.59,-0.01,10,11590,卖盘
2781,10:35:06,11.6,0.01,70,81200,买盘
2782,10:35:03,11.59,--,7,8113,卖盘
2783,10:35:00,11.59,--,20,23933,卖盘
2784,10:34:57,11.59,--,4,4636,卖盘
2785,10:34:54,11.59,-0.01,20,23180,卖盘
2786,10:34:51,11.6,0.01,111,128760,买盘
2787,10:34:48,11.59,-0.01,1,1159,卖盘
2788,10:34:45,11.6,0.01,28,32480,买盘
2789,10:34:42,11.59,--,29,33611,卖盘
2790,10:34:36,11.59,--,31,36682,卖盘
2791,10:34:33,11.59,--,2,2318,卖盘
2792,10:34:30,11.59,-0.01,9,10431,卖盘
2793,10:34:27,11.6,0.01,87,100920,买盘
2794,10:34:24,11.59,--,66,76494,卖盘
2795,10:34:21,11.59,--,20,23643,卖盘
2796,10:34:18,11.59,-0.01,157,181963,卖盘
2797,10:34:15,11.6,0.01,142,164720,买盘
2798,10:34:12,11.59,--,97,113199,卖盘
2799,10:34:09,11.59,--,10,11590,卖盘
2800,10:34:06,11.59,--,2,2318,卖盘
2801,10:34:03,11.59,--,1,1159,卖盘
2802,10:34:00,11.59,--,15,17385,卖盘
2803,10:33:57,11.59,--,33,38247,卖盘
2804,10:33:51,11.59,--,42,49431,卖盘
