,time,price,change,volume,amount,type
0,15:00:03,10.68,0.02,3186,3403107,买盘
1,14:57:00,10.66,-0.01,72,76752,卖盘
2,14:56:57,10.67,-0.01,875,933625,卖盘
3,14:56:54,10.68,--,12,12816,买盘
4,14:56:51,10.68,--,104,111072,买盘
5,14:56:48,10.68,--,83,88644,买盘
6,14:56:45,10.68,0.01,29,30972,买盘
7,14:56:42,10.67,-0.01,54,57618,卖盘
8,14:56:39,10.68,--,113,120684,买盘
9,14:56:36,10.68,--,21,22428,买盘
10,14:56:33,10.68,--,27,28836,买盘
11,14:56:27,10.68,--,40,42720,买盘
12,14:56:24,10.68,--,84,89712,买盘
13,14:56:21,10.68,--,9,9612,买盘
14,14:56:18,10.68,--,50,53400,买盘
15,14:56:15,10.68,--,276,295376,卖盘
16,14:56:12,10.68,-0.01,50,53400,卖盘
17,14:56:09,10.69,--,120,128280,买盘
18,14:56:06,10.69,0.01,42,44898,买盘
19,14:56:03,10.68,--,188,200784,卖盘
20,14:55:57,10.68,--,11,11748,卖盘
21,14:55:54,10.68,--,47,50196,卖盘
22,14:55:51,10.68,-0.01,10,10680,卖盘
23,14:55:48,10.69,0.01,48,51312,买盘
24,14:55:45,10.68,--,39,41652,卖盘
25,14:55:42,10.68,-0.01,50,53400,卖盘
26,14:55:39,10.69,--,144,153936,买盘
27,14:55:36,10.69,0.01,4,4276,买盘
28,14:55:33,10.68,-0.01,67,71556,卖盘
29,14:55:30,10.69,--,17,18173,买盘
30,14:55:27,10.69,--,21,22449,买盘
31,14:55:24,10.69,--,480,513120,买盘
32,14:55:18,10.69,0.01,10,10690,买盘
33,14:55:15,10.68,-0.01,51,54468,卖盘
34,14:55:12,10.69,--,16,17104,买盘
35,14:55:09,10.69,--,70,74830,买盘
36,14:55:06,10.69,0.01,59,63071,买盘
37,14:55:03,10.68,-0.01,106,113208,卖盘
38,14:54:57,10.69,--,3,3207,买盘
39,14:54:54,10.69,--,39,41691,买盘
40,14:54:48,10.69,--,2,2138,买盘
41,14:54:42,10.69,--,44,47036,买盘
42,14:54:39,10.69,0.01,51,54519,买盘
43,14:54:33,10.68,--,5,5340,卖盘
44,14:54:27,10.68,-0.01,6,6408,卖盘
45,14:54:21,10.69,--,59,63071,买盘
46,14:54:18,10.69,--,1,1069,买盘
47,14:54:12,10.69,--,20,21380,买盘
48,14:54:09,10.69,0.01,1,1069,买盘
49,14:54:06,10.68,--,60,64080,卖盘
50,14:54:03,10.68,-0.01,1,1068,卖盘
51,14:54:00,10.69,--,78,83382,买盘
52,14:53:57,10.69,--,23,24587,买盘
53,14:53:54,10.69,--,18,19242,买盘
54,14:53:51,10.69,0.01,10,10690,买盘
55,14:53:48,10.68,--,121,129228,卖盘
56,14:53:45,10.68,--,650,694200,卖盘
57,14:53:36,10.68,-0.01,2,2136,卖盘
58,14:53:33,10.69,0.01,1,1069,买盘
59,14:53:30,10.68,--,1,1068,卖盘
60,14:53:27,10.68,--,3,3204,卖盘
61,14:53:21,10.68,-0.01,21,22428,卖盘
62,14:53:15,10.69,--,6,6414,买盘
63,14:53:12,10.69,0.01,63,67347,买盘
64,14:53:06,10.68,--,201,214668,卖盘
65,14:53:03,10.68,-0.01,60,64080,卖盘
66,14:53:00,10.69,0.01,100,106900,买盘
67,14:52:57,10.68,--,58,61944,卖盘
68,14:52:54,10.68,--,58,61944,卖盘
69,14:52:51,10.68,--,46,49128,卖盘
70,14:52:45,10.68,--,40,42720,卖盘
71,14:52:42,10.68,-0.01,17,18156,卖盘
72,14:52:39,10.69,--,10,10690,买盘
73,14:52:33,10.69,--,46,49174,买盘
74,14:52:30,10.69,0.01,10,10690,买盘
75,14:52:27,10.68,--,13,13884,卖盘
76,14:52:18,10.68,-0.01,32,34176,卖盘
77,14:52:15,10.69,--,24,25656,买盘
78,14:52:12,10.69,--,49,52381,买盘
79,14:52:09,10.69,--,22,23518,买盘
80,14:52:06,10.69,--,1,1069,买盘
81,14:52:03,10.69,0.01,1,1069,买盘
82,14:52:00,10.68,--,20,21360,卖盘
83,14:51:57,10.68,--,98,104664,卖盘
84,14:51:54,10.68,--,11,11748,卖盘
85,14:51:51,10.68,-0.01,13,13884,卖盘
86,14:51:48,10.69,--,82,87658,买盘
87,14:51:45,10.69,0.01,668,714092,买盘
88,14:51:42,10.68,-0.01,2,2136,卖盘
89,14:51:39,10.69,--,25,26725,买盘
90,14:51:33,10.69,--,115,122935,买盘
91,14:51:30,10.69,0.01,12,12828,买盘
92,14:51:27,10.68,-0.01,20,21360,卖盘
93,14:51:18,10.69,0.01,35,37415,买盘
94,14:51:15,10.68,-0.01,24,25632,卖盘
95,14:51:09,10.69,--,5,5345,买盘
96,14:51:06,10.69,--,250,267250,买盘
97,14:51:03,10.69,--,2,2138,买盘
98,14:51:00,10.69,0.01,7,7483,买盘
99,14:50:57,10.68,--,3,3204,卖盘
100,14:50:51,10.68,-0.01,100,106800,卖盘
101,14:50:48,10.69,--,7,7483,买盘
102,14:50:45,10.69,--,37,39553,买盘
103,14:50:42,10.69,--,11,11759,买盘
104,14:50:39,10.69,--,15,16035,买盘
105,14:50:33,10.69,--,21,22449,买盘
106,14:50:30,10.69,0.01,29,31001,买盘
107,14:50:27,10.68,-0.01,5,5340,卖盘
108,14:50:18,10.69,--,79,84451,买盘
109,14:50:15,10.69,0.01,7,7483,买盘
110,14:50:09,10.68,-0.01,50,53400,卖盘
111,14:50:06,10.69,--,7,7483,买盘
112,14:50:03,10.69,0.01,1,1069,买盘
113,14:50:00,10.68,--,24,25632,卖盘
114,14:49:57,10.68,--,53,56604,卖盘
115,14:49:54,10.68,-0.01,50,53400,卖盘
116,14:49:51,10.69,0.01,27,28863,买盘
117,14:49:48,10.68,--,11,11748,卖盘
118,14:49:45,10.68,--,3,3204,卖盘
119,14:49:39,10.68,--,61,65148,卖盘
120,14:49:36,10.68,--,431,460308,卖盘
121,14:49:33,10.68,--,26,27768,卖盘
122,14:49:30,10.68,--,5,5340,卖盘
123,14:49:27,10.68,-0.01,19,20292,卖盘
124,14:49:21,10.69,0.01,57,60933,买盘
125,14:49:18,10.68,-0.01,10,10680,卖盘
126,14:49:15,10.69,--,20,21380,买盘
127,14:49:12,10.69,0.01,100,106900,买盘
128,14:49:09,10.68,-0.01,33,35244,卖盘
129,14:49:06,10.69,--,6,6414,买盘
130,14:49:03,10.69,0.01,56,59864,买盘
131,14:48:57,10.68,-0.01,10,10680,卖盘
132,14:48:51,10.69,0.01,98,104762,买盘
133,14:48:45,10.68,--,7,7476,卖盘
134,14:48:42,10.68,-0.01,31,33108,卖盘
135,14:48:33,10.69,--,1,1069,买盘
136,14:48:30,10.69,0.01,3,3207,买盘
137,14:48:27,10.68,-0.01,9,9612,卖盘
138,14:48:24,10.69,0.01,23,24587,买盘
139,14:48:21,10.68,--,1,1068,卖盘
140,14:48:18,10.68,-0.01,18,19224,卖盘
141,14:48:12,10.69,-0.01,464,496016,卖盘
142,14:48:06,10.7,0.01,1,1070,买盘
143,14:47:57,10.69,-0.01,3,3207,卖盘
144,14:47:54,10.7,--,3,3210,买盘
145,14:47:51,10.7,--,5,5350,买盘
146,14:47:48,10.7,0.01,26,27819,买盘
147,14:47:45,10.69,--,2,2138,卖盘
148,14:47:39,10.69,--,20,21380,卖盘
149,14:47:27,10.69,-0.01,12,12828,卖盘
150,14:47:24,10.7,0.01,24,25680,买盘
151,14:47:21,10.69,--,85,90865,买盘
152,14:47:18,10.69,--,13,13897,买盘
153,14:47:15,10.69,--,100,106900,买盘
154,14:47:12,10.69,0.01,27,28863,买盘
155,14:47:09,10.68,-0.01,1,1068,卖盘
156,14:47:06,10.69,--,6,6414,买盘
157,14:47:03,10.69,--,50,53450,买盘
158,14:47:00,10.69,0.01,100,106900,买盘
159,14:46:57,10.68,--,124,132432,卖盘
160,14:46:54,10.68,--,40,42720,卖盘
161,14:46:51,10.68,-0.01,26,27768,卖盘
162,14:46:48,10.69,--,110,117590,买盘
163,14:46:45,10.69,--,1,1069,买盘
164,14:46:42,10.69,0.01,63,67347,买盘
165,14:46:39,10.68,--,63,67284,卖盘
166,14:46:36,10.68,--,12,12816,卖盘
167,14:46:33,10.68,--,30,32040,卖盘
168,14:46:30,10.68,--,86,91848,卖盘
169,14:46:27,10.68,-0.01,127,135636,卖盘
170,14:46:24,10.69,--,1,1069,买盘
171,14:46:21,10.69,--,2,2138,买盘
172,14:46:18,10.69,--,58,62002,买盘
173,14:46:15,10.69,0.01,52,55588,买盘
174,14:46:06,10.68,-0.01,21,22428,卖盘
175,14:46:00,10.69,0.01,51,54519,买盘
176,14:45:57,10.68,-0.01,82,87576,卖盘
177,14:45:54,10.69,--,3,3207,买盘
178,14:45:51,10.69,0.01,100,106900,买盘
179,14:45:48,10.68,-0.01,28,29904,卖盘
180,14:45:45,10.69,0.01,1,1069,买盘
181,14:45:33,10.68,--,109,116412,卖盘
182,14:45:30,10.68,--,3,3204,卖盘
183,14:45:27,10.68,-0.01,25,26700,卖盘
184,14:45:24,10.69,0.01,9,9621,买盘
185,14:45:18,10.68,-0.01,35,37380,卖盘
186,14:45:15,10.69,--,150,160350,买盘
187,14:45:06,10.69,--,1,1069,买盘
188,14:45:03,10.69,--,4,4276,买盘
189,14:45:00,10.69,--,33,35277,买盘
190,14:44:57,10.69,0.01,4,4276,买盘
191,14:44:51,10.68,-0.01,4,4272,卖盘
192,14:44:48,10.69,0.01,130,138970,买盘
193,14:44:33,10.68,-0.01,20,21360,卖盘
194,14:44:30,10.69,0.01,24,25656,买盘
195,14:44:27,10.68,-0.01,2,2136,卖盘
196,14:44:24,10.69,--,2,2138,买盘
197,14:44:21,10.69,--,1,1069,买盘
198,14:44:18,10.69,--,90,96210,买盘
199,14:44:06,10.69,--,1,1069,买盘
200,14:44:03,10.69,0.01,2,2138,买盘
201,14:43:57,10.68,--,2,2136,卖盘
202,14:43:51,10.68,-0.01,6,6408,卖盘
203,14:43:48,10.69,--,3,3207,买盘
204,14:43:45,10.69,--,16,17104,买盘
205,14:43:42,10.69,--,5,5345,买盘
206,14:43:36,10.69,--,10,10690,买盘
207,14:43:33,10.69,0.01,24,25656,买盘
208,14:43:27,10.68,--,23,24564,卖盘
209,14:43:21,10.68,--,16,17088,卖盘
210,14:43:18,10.68,--,6,6408,卖盘
211,14:43:15,10.68,--,1,1068,卖盘
212,14:43:12,10.68,--,1,1068,卖盘
213,14:43:09,10.68,--,1,1068,卖盘
214,14:43:06,10.68,--,26,27768,卖盘
215,14:43:03,10.68,--,33,35244,卖盘
216,14:43:00,10.68,--,100,107259,卖盘
217,14:42:57,10.68,--,3,3204,卖盘
218,14:42:54,10.68,-0.01,27,28836,卖盘
219,14:42:48,10.69,--,5,5345,买盘
220,14:42:45,10.69,0.01,5,5345,买盘
221,14:42:42,10.68,-0.01,63,67284,卖盘
222,14:42:33,10.69,0.01,23,24587,买盘
223,14:42:30,10.68,--,21,22428,卖盘
224,14:42:27,10.68,-0.01,4,4272,卖盘
225,14:42:24,10.69,--,1,1069,买盘
226,14:42:21,10.69,--,7,7483,买盘
227,14:42:12,10.69,--,3,3207,买盘
228,14:42:06,10.69,0.01,32,34208,买盘
229,14:42:03,10.68,--,71,75828,卖盘
230,14:42:00,10.68,--,1,1068,卖盘
231,14:41:57,10.68,-0.01,2,2136,卖盘
232,14:41:45,10.69,--,14,14966,买盘
233,14:41:42,10.69,--,5,5345,买盘
234,14:41:39,10.69,--,5,5345,买盘
235,14:41:36,10.69,--,105,112245,买盘
236,14:41:33,10.69,0.01,7,7483,买盘
237,14:41:27,10.68,-0.01,2,2136,卖盘
238,14:41:24,10.69,0.01,1,1069,买盘
239,14:41:15,10.68,--,15,16020,卖盘
240,14:41:12,10.68,--,10,10680,卖盘
241,14:41:06,10.68,--,101,107868,卖盘
242,14:41:03,10.68,--,34,36312,卖盘
243,14:40:57,10.68,--,2,2136,卖盘
244,14:40:54,10.68,--,516,551088,买盘
245,14:40:51,10.68,--,11,11748,买盘
246,14:40:45,10.68,--,14,14952,买盘
247,14:40:42,10.68,--,5,5340,买盘
248,14:40:39,10.68,--,23,24564,买盘
249,14:40:36,10.68,--,27,28836,卖盘
250,14:40:33,10.68,--,2,2136,卖盘
251,14:40:30,10.68,-0.01,1,1068,中性盘
252,14:40:18,10.69,0.02,29,31001,买盘
253,14:40:12,10.67,--,1,1067,卖盘
254,14:40:09,10.67,-0.01,50,53350,卖盘
255,14:40:06,10.68,--,1,1068,买盘
256,14:40:03,10.68,--,151,161268,买盘
257,14:40:00,10.68,--,2,2136,买盘
258,14:39:54,10.68,0.01,2,2136,买盘
259,14:39:48,10.67,--,10,10670,卖盘
260,14:39:45,10.67,-0.01,30,32010,卖盘
261,14:39:42,10.68,--,19,20292,买盘
262,14:39:39,10.68,0.01,65,69420,买盘
263,14:39:36,10.67,-0.01,114,121638,卖盘
264,14:39:33,10.68,0.01,1,1068,买盘
265,14:39:30,10.67,-0.01,105,112035,卖盘
266,14:39:27,10.68,--,30,32040,买盘
267,14:39:24,10.68,--,97,103596,买盘
268,14:39:18,10.68,--,88,93984,买盘
269,14:39:12,10.68,0.01,5,5340,买盘
270,14:39:09,10.67,-0.01,24,25608,卖盘
271,14:39:06,10.68,--,2,2136,买盘
272,14:39:03,10.68,0.01,34,36312,买盘
273,14:38:57,10.67,-0.01,3,3201,卖盘
274,14:38:54,10.68,--,11,11748,买盘
275,14:38:48,10.68,--,5,5340,买盘
276,14:38:45,10.68,--,1,1068,买盘
277,14:38:42,10.68,--,32,34176,买盘
278,14:38:36,10.68,--,83,88644,买盘
279,14:38:33,10.68,0.01,1,1068,买盘
280,14:38:27,10.67,--,30,32010,卖盘
281,14:38:24,10.67,--,43,45881,卖盘
282,14:38:18,10.67,--,10,10670,卖盘
283,14:38:12,10.67,-0.01,5,5335,卖盘
284,14:38:09,10.68,--,66,70488,买盘
285,14:38:06,10.68,--,1,1068,买盘
286,14:38:03,10.68,0.01,1,1068,买盘
287,14:37:57,10.67,-0.01,2,2134,卖盘
288,14:37:51,10.68,--,7,7476,买盘
289,14:37:48,10.68,--,14,14952,买盘
290,14:37:42,10.68,--,26,27768,买盘
291,14:37:39,10.68,--,7,7476,买盘
292,14:37:36,10.68,--,30,32040,买盘
293,14:37:33,10.68,0.01,7,7476,买盘
294,14:37:30,10.67,--,33,35211,卖盘
295,14:37:27,10.67,-0.01,3,3201,卖盘
296,14:37:18,10.68,0.01,8,8544,买盘
297,14:37:15,10.67,-0.01,34,36278,卖盘
298,14:37:12,10.68,--,41,43788,买盘
299,14:37:09,10.68,--,38,40584,买盘
300,14:37:06,10.68,--,8,8544,买盘
301,14:37:03,10.68,0.01,1,1068,买盘
302,14:36:57,10.67,-0.01,2,2134,卖盘
303,14:36:51,10.68,--,30,32040,买盘
304,14:36:48,10.68,--,37,39516,买盘
305,14:36:45,10.68,--,25,26700,买盘
306,14:36:39,10.68,--,3,3204,买盘
307,14:36:36,10.68,--,5,5340,买盘
308,14:36:33,10.68,0.01,1,1068,买盘
309,14:36:27,10.67,--,2,2134,卖盘
310,14:36:24,10.67,-0.01,12,12804,卖盘
311,14:36:18,10.68,0.01,9,9612,买盘
312,14:36:15,10.67,-0.01,71,75757,卖盘
313,14:36:12,10.68,0.01,8,8544,买盘
314,14:36:06,10.67,-0.01,33,35211,卖盘
315,14:36:03,10.68,0.01,18,19224,买盘
316,14:35:57,10.67,-0.01,3,3201,卖盘
317,14:35:54,10.68,--,7,7476,买盘
318,14:35:51,10.68,0.01,1,1068,买盘
319,14:35:48,10.67,-0.01,8,8536,卖盘
320,14:35:45,10.68,--,25,26700,买盘
321,14:35:42,10.68,--,7,7476,买盘
322,14:35:39,10.68,--,3,3204,买盘
323,14:35:36,10.68,--,7,7476,买盘
324,14:35:33,10.68,0.01,11,11748,买盘
325,14:35:27,10.67,0.01,22,23474,中性盘
326,14:35:21,10.66,-0.01,50,53300,卖盘
327,14:35:18,10.67,--,79,84293,买盘
328,14:35:15,10.67,--,20,21340,买盘
329,14:35:03,10.67,0.01,30,32010,买盘
330,14:35:00,10.66,-0.01,61,65026,卖盘
331,14:34:57,10.67,--,14,15034,卖盘
332,14:34:54,10.67,-0.01,50,53350,卖盘
333,14:34:51,10.68,0.01,2,2136,买盘
334,14:34:48,10.67,-0.01,137,146179,卖盘
335,14:34:45,10.68,0.01,1,1068,买盘
336,14:34:42,10.67,--,19,20273,卖盘
337,14:34:39,10.67,-0.01,30,32010,卖盘
338,14:34:36,10.68,0.01,8,8544,买盘
339,14:34:33,10.67,-0.01,141,150447,卖盘
340,14:34:27,10.68,--,49,52332,买盘
341,14:34:24,10.68,0.01,349,372732,买盘
342,14:34:18,10.67,--,20,21340,卖盘
343,14:34:15,10.67,--,10,10670,卖盘
344,14:34:09,10.67,-0.01,1,1067,卖盘
345,14:34:06,10.68,0.01,1,1068,买盘
346,14:34:00,10.67,-0.01,66,70422,卖盘
347,14:33:57,10.68,-0.01,19,20292,卖盘
348,14:33:54,10.69,0.01,618,660642,买盘
349,14:33:51,10.68,--,153,163404,卖盘
350,14:33:48,10.68,--,69,73692,卖盘
351,14:33:45,10.68,--,12,12816,卖盘
352,14:33:39,10.68,-0.01,72,76896,卖盘
353,14:33:33,10.69,--,9,9621,买盘
354,14:33:30,10.69,0.01,116,124004,买盘
355,14:33:27,10.68,-0.01,1,1068,卖盘
356,14:33:18,10.69,--,2,2138,买盘
357,14:33:06,10.69,--,2,2138,买盘
358,14:33:03,10.69,--,2,2138,买盘
359,14:33:00,10.69,--,4,4276,卖盘
360,14:32:57,10.69,--,16,17104,买盘
361,14:32:54,10.69,0.01,10,10690,买盘
362,14:32:51,10.68,--,32,34176,卖盘
363,14:32:48,10.68,-0.01,150,160200,卖盘
364,14:32:45,10.69,--,570,609330,买盘
365,14:32:42,10.69,--,3,3207,中性盘
366,14:32:39,10.69,--,150,160350,卖盘
367,14:32:36,10.69,-0.01,37,39553,卖盘
368,14:32:33,10.7,--,292,312440,买盘
369,14:32:30,10.7,0.01,4,4280,买盘
370,14:32:27,10.69,-0.01,3,3207,卖盘
371,14:32:24,10.7,0.01,12,12840,买盘
372,14:32:15,10.69,--,58,62002,卖盘
373,14:32:12,10.69,--,27,28863,卖盘
374,14:32:09,10.69,--,101,107969,卖盘
375,14:32:03,10.69,--,39,41691,卖盘
376,14:32:00,10.69,--,27,28863,卖盘
377,14:31:57,10.69,--,68,72692,卖盘
378,14:31:54,10.69,--,317,338873,买盘
379,14:31:51,10.69,0.01,2,2138,买盘
380,14:31:48,10.68,-0.01,3,3204,卖盘
381,14:31:45,10.69,--,1,1069,买盘
382,14:31:42,10.69,--,6,6414,买盘
383,14:31:33,10.69,--,1,1069,买盘
384,14:31:30,10.69,--,8,8552,买盘
385,14:31:24,10.69,--,7,7483,买盘
386,14:31:15,10.69,0.01,1,1069,买盘
387,14:31:12,10.68,--,27,28836,卖盘
388,14:31:09,10.68,-0.01,181,193308,卖盘
389,14:31:06,10.69,--,1,1069,买盘
390,14:31:03,10.69,0.01,1,1069,买盘
391,14:30:57,10.68,-0.01,1,1068,卖盘
392,14:30:54,10.69,-0.01,31,33139,卖盘
393,14:30:51,10.7,--,9,9630,买盘
394,14:30:48,10.7,0.02,29,31029,买盘
395,14:30:45,10.68,-0.01,71,75828,卖盘
396,14:30:42,10.69,--,408,436365,卖盘
397,14:30:39,10.69,--,42,44898,卖盘
398,14:30:33,10.69,-0.01,29,31001,卖盘
399,14:30:30,10.7,0.01,103,110209,买盘
400,14:30:27,10.69,--,13,13897,卖盘
401,14:30:21,10.69,--,24,25656,卖盘
402,14:30:18,10.69,--,69,73761,卖盘
403,14:30:15,10.69,--,44,47036,卖盘
404,14:30:12,10.69,-0.01,11,11759,卖盘
405,14:30:06,10.7,--,7,7489,买盘
406,14:30:03,10.7,0.01,1,1070,买盘
407,14:29:57,10.69,--,3,3207,卖盘
408,14:29:54,10.69,-0.01,3,3207,卖盘
409,14:29:51,10.7,0.01,2,2140,买盘
410,14:29:48,10.69,-0.01,1,1069,卖盘
411,14:29:45,10.7,0.01,38,40660,买盘
412,14:29:39,10.69,-0.01,1,1069,卖盘
413,14:29:36,10.7,0.01,5,5350,买盘
414,14:29:33,10.69,--,12,12828,卖盘
415,14:29:30,10.69,-0.01,19,20311,卖盘
416,14:29:27,10.7,0.01,21,22470,买盘
417,14:29:15,10.69,--,1,1069,卖盘
418,14:29:09,10.69,--,18,19242,卖盘
419,14:29:06,10.69,-0.01,5,5345,卖盘
420,14:29:03,10.7,0.01,2,2140,买盘
421,14:28:57,10.69,-0.01,2,2138,卖盘
422,14:28:48,10.7,--,2,2140,买盘
423,14:28:45,10.7,0.01,1,1070,买盘
424,14:28:42,10.69,--,50,53450,卖盘
425,14:28:39,10.69,-0.01,16,17104,卖盘
426,14:28:36,10.7,--,33,35310,买盘
427,14:28:33,10.7,0.01,4,4280,买盘
428,14:28:27,10.69,-0.01,8,8552,卖盘
429,14:28:09,10.7,0.01,5,5350,买盘
430,14:28:06,10.69,--,1,1069,卖盘
431,14:27:57,10.69,-0.01,2,2138,卖盘
432,14:27:54,10.7,--,17,18190,买盘
433,14:27:51,10.7,0.01,2,2140,买盘
434,14:27:48,10.69,-0.01,32,34208,卖盘
435,14:27:45,10.7,0.01,1,1070,买盘
436,14:27:42,10.69,--,24,25656,卖盘
437,14:27:39,10.69,--,58,62857,买盘
438,14:27:36,10.69,-0.01,34,36559,卖盘
439,14:27:33,10.7,0.01,22,23540,买盘
440,14:27:27,10.69,-0.01,28,29932,卖盘
441,14:27:24,10.7,0.01,121,129469,买盘
442,14:27:21,10.69,--,127,135763,卖盘
443,14:27:09,10.69,--,1,1069,卖盘
444,14:27:06,10.69,--,12,12828,卖盘
445,14:26:57,10.69,--,2,2138,卖盘
446,14:26:54,10.69,--,17,18173,卖盘
447,14:26:51,10.69,--,21,22449,卖盘
448,14:26:45,10.69,-0.01,1,1069,卖盘
449,14:26:42,10.7,0.01,4,4280,买盘
450,14:26:36,10.69,--,94,100486,卖盘
451,14:26:33,10.69,-0.01,129,137901,卖盘
452,14:26:27,10.7,0.01,8,8560,买盘
453,14:26:21,10.69,--,6,6414,卖盘
454,14:26:12,10.69,-0.01,4,4276,卖盘
455,14:26:06,10.7,--,1,1070,买盘
456,14:26:03,10.7,0.01,5,5350,买盘
457,14:25:57,10.69,--,21,22449,卖盘
458,14:25:51,10.69,--,7,7483,卖盘
459,14:25:48,10.69,-0.01,12,12828,卖盘
460,14:25:45,10.7,0.01,1,1070,买盘
461,14:25:39,10.69,-0.01,2,2138,卖盘
462,14:25:33,10.7,--,14,14979,买盘
463,14:25:27,10.7,--,10,11556,买盘
464,14:25:24,10.7,--,1,1070,买盘
465,14:25:18,10.7,0.01,7,7489,买盘
466,14:25:15,10.69,-0.01,30,32070,卖盘
467,14:24:51,10.7,0.01,32,34240,买盘
468,14:24:48,10.69,-0.01,53,56657,卖盘
469,14:24:45,10.7,0.01,11,11770,买盘
470,14:24:42,10.69,--,38,40622,卖盘
471,14:24:39,10.69,-0.01,429,458601,卖盘
472,14:24:36,10.7,0.01,22,23540,买盘
473,14:24:30,10.69,--,36,38484,卖盘
474,14:24:27,10.69,-0.01,306,327114,卖盘
475,14:24:24,10.7,--,7,7489,买盘
476,14:24:21,10.7,--,2,2140,买盘
477,14:24:18,10.7,--,10,10700,买盘
478,14:24:15,10.7,--,22,23540,买盘
479,14:24:06,10.7,--,59,63129,买盘
480,14:24:03,10.7,0.01,3,3210,买盘
481,14:23:57,10.69,-0.01,10,10690,卖盘
482,14:23:54,10.7,--,5,5350,买盘
483,14:23:51,10.7,--,2,2140,买盘
484,14:23:48,10.7,--,1,1070,买盘
485,14:23:45,10.7,0.01,2,2140,买盘
486,14:23:42,10.69,-0.01,19,20311,卖盘
487,14:23:39,10.7,0.01,7,7489,买盘
488,14:23:36,10.69,-0.01,2,2138,卖盘
489,14:23:33,10.7,--,16,17120,买盘
490,14:23:30,10.7,0.01,1,1070,买盘
491,14:23:27,10.69,-0.01,7,7483,卖盘
492,14:23:24,10.7,--,28,29959,买盘
493,14:23:21,10.7,0.01,5,5350,买盘
494,14:23:12,10.69,--,15,16035,卖盘
495,14:23:09,10.69,-0.01,25,26725,卖盘
496,14:23:06,10.7,--,37,39590,买盘
497,14:23:03,10.7,--,20,21400,买盘
498,14:22:57,10.7,--,12,12840,买盘
499,14:22:51,10.7,--,2,2140,买盘
500,14:22:48,10.7,--,36,38520,买盘
501,14:22:45,10.7,--,6,6420,买盘
502,14:22:42,10.7,--,10,10700,买盘
503,14:22:39,10.7,--,3,3210,买盘
504,14:22:36,10.7,--,51,54570,买盘
505,14:22:33,10.7,0.01,3,3210,买盘
506,14:22:30,10.69,-0.01,12,12828,卖盘
507,14:22:27,10.7,0.01,4,4280,买盘
508,14:22:24,10.69,-0.01,64,68416,卖盘
509,14:22:21,10.7,--,15,16049,买盘
510,14:22:18,10.7,0.01,28,29959,买盘
511,14:22:15,10.69,-0.01,36,38484,卖盘
512,14:22:12,10.7,--,20,21400,买盘
513,14:22:09,10.7,--,338,361660,买盘
514,14:22:06,10.7,--,1,1070,买盘
515,14:22:03,10.7,0.01,2,2140,买盘
516,14:22:00,10.69,--,45,48105,卖盘
517,14:21:57,10.69,-0.01,22,23518,卖盘
518,14:21:54,10.7,--,30,32099,买盘
519,14:21:51,10.7,--,13,13909,买盘
520,14:21:48,10.7,--,2,2140,买盘
521,14:21:45,10.7,--,64,68480,买盘
522,14:21:39,10.7,--,5,5350,买盘
523,14:21:36,10.7,--,2,2140,买盘
524,14:21:33,10.7,--,1,1070,买盘
525,14:21:30,10.7,--,1,1070,买盘
526,14:21:24,10.7,0.01,1,1070,买盘
527,14:21:21,10.69,-0.01,26,27794,卖盘
528,14:21:18,10.7,0.01,1,1070,买盘
529,14:21:06,10.69,-0.01,7,7483,卖盘
530,14:21:03,10.7,--,3,3210,买盘
531,14:20:48,10.7,--,2,2140,买盘
532,14:20:45,10.7,--,125,133750,买盘
533,14:20:39,10.7,--,5,5350,买盘
534,14:20:33,10.7,--,8,8560,买盘
535,14:20:30,10.7,--,1,1070,买盘
536,14:20:24,10.7,--,3,3210,买盘
537,14:20:15,10.7,--,10,10700,买盘
538,14:20:09,10.7,--,200,214000,买盘
539,14:20:06,10.7,--,1,1070,买盘
540,14:20:03,10.7,0.01,33,35310,买盘
541,14:19:57,10.69,-0.01,2,2138,卖盘
542,14:19:48,10.7,--,3,3210,买盘
543,14:19:36,10.7,--,1,1070,买盘
544,14:19:33,10.7,--,2,2140,买盘
545,14:19:30,10.7,0.01,1,1070,买盘
546,14:19:27,10.69,--,7,7483,卖盘
547,14:19:24,10.69,--,18,19242,卖盘
548,14:19:09,10.69,-0.01,99,105831,卖盘
549,14:19:06,10.7,--,1,1070,买盘
550,14:19:03,10.7,0.01,6,6420,买盘
551,14:18:57,10.69,--,2,2138,卖盘
552,14:18:54,10.69,--,1,1069,卖盘
553,14:18:51,10.69,-0.01,3,3207,卖盘
554,14:18:48,10.7,--,4,4280,买盘
555,14:18:45,10.7,0.01,1,1070,买盘
556,14:18:39,10.69,-0.01,1,1069,卖盘
557,14:18:36,10.7,--,19,20330,买盘
558,14:18:33,10.7,--,5,5350,买盘
559,14:18:30,10.7,0.01,1,1070,买盘
560,14:18:27,10.69,-0.01,1,1069,卖盘
561,14:18:18,10.7,--,6,6420,买盘
562,14:18:06,10.7,--,1,1070,买盘
563,14:18:03,10.7,0.01,19,20330,买盘
564,14:17:57,10.69,--,3,3207,卖盘
565,14:17:54,10.69,--,11,11759,卖盘
566,14:17:51,10.69,-0.01,30,32070,卖盘
567,14:17:48,10.7,0.01,22,23540,买盘
568,14:17:45,10.69,--,5,5345,卖盘
569,14:17:42,10.69,-0.01,20,21380,卖盘
570,14:17:33,10.7,--,6,6420,买盘
571,14:17:30,10.7,0.01,1,1070,买盘
572,14:17:27,10.69,-0.01,23,24587,卖盘
573,14:17:24,10.7,--,1,1070,买盘
574,14:17:21,10.7,0.01,3,3210,买盘
575,14:17:06,10.69,-0.01,85,90865,卖盘
576,14:17:03,10.7,0.01,5,5350,买盘
577,14:16:57,10.69,-0.01,4,4276,卖盘
578,14:16:51,10.7,--,4,4280,买盘
579,14:16:48,10.7,--,17,18190,买盘
580,14:16:33,10.7,0.01,5,5350,买盘
581,14:16:30,10.69,-0.01,29,31001,卖盘
582,14:16:27,10.7,--,1,1070,买盘
583,14:16:21,10.7,0.01,53,56709,买盘
584,14:16:18,10.69,-0.01,1,1069,卖盘
585,14:16:06,10.7,--,1,1070,买盘
586,14:16:03,10.7,0.01,11,11770,买盘
587,14:16:00,10.69,--,47,50243,卖盘
588,14:15:54,10.69,-0.01,29,31001,卖盘
589,14:15:51,10.7,--,5,5350,买盘
590,14:15:45,10.7,--,19,20330,买盘
591,14:15:42,10.7,--,60,64328,卖盘
592,14:15:39,10.7,--,5,5350,卖盘
593,14:15:36,10.7,-0.01,34,36380,卖盘
594,14:15:33,10.71,0.01,5,5355,买盘
595,14:15:30,10.7,--,32,34240,卖盘
596,14:15:27,10.7,--,1,1070,卖盘
597,14:15:24,10.7,-0.01,5,5350,卖盘
598,14:15:21,10.71,0.01,3,3213,买盘
599,14:15:18,10.7,--,80,85600,卖盘
600,14:15:15,10.7,--,100,107000,卖盘
601,14:15:12,10.7,--,489,523229,卖盘
602,14:15:09,10.7,-0.01,354,378780,卖盘
603,14:15:06,10.71,--,6,6426,买盘
604,14:15:03,10.71,0.01,112,119952,买盘
605,14:14:57,10.7,--,4,4280,卖盘
606,14:14:54,10.7,-0.01,2,2140,卖盘
607,14:14:51,10.71,--,3,3213,买盘
608,14:14:48,10.71,--,34,36414,买盘
609,14:14:45,10.71,0.01,1,1071,买盘
610,14:14:42,10.7,--,60,64199,卖盘
611,14:14:39,10.7,--,11,11770,卖盘
612,14:14:36,10.7,-0.01,13,13909,卖盘
613,14:14:33,10.71,0.01,20,21420,买盘
614,14:14:27,10.7,-0.01,1,1070,卖盘
615,14:14:24,10.71,--,1,1071,买盘
616,14:14:21,10.71,0.01,3,3213,买盘
617,14:14:18,10.7,--,55,58849,卖盘
618,14:14:09,10.7,-0.01,4,4280,卖盘
619,14:14:06,10.71,0.01,9,9639,买盘
620,14:14:03,10.7,-0.01,64,68480,卖盘
621,14:14:00,10.71,0.01,55,58905,买盘
622,14:13:57,10.7,-0.01,59,63129,卖盘
623,14:13:51,10.71,--,12,12852,买盘
624,14:13:48,10.71,--,3,3213,买盘
625,14:13:45,10.71,0.01,1,1071,买盘
626,14:13:42,10.7,--,77,82390,卖盘
627,14:13:36,10.7,-0.01,3,3210,卖盘
628,14:13:33,10.71,0.01,4,4284,买盘
629,14:13:30,10.7,--,2,2140,卖盘
630,14:13:27,10.7,-0.01,23,24610,卖盘
631,14:13:24,10.71,--,1,1071,买盘
632,14:13:21,10.71,0.01,3,3213,买盘
633,14:13:18,10.7,--,52,55639,卖盘
634,14:13:15,10.7,--,55,58849,卖盘
635,14:13:09,10.7,--,12,12840,卖盘
636,14:13:06,10.7,--,81,86670,卖盘
637,14:13:03,10.7,--,17,18190,卖盘
638,14:13:00,10.7,--,1,1070,卖盘
639,14:12:57,10.7,-0.01,38,40660,卖盘
640,14:12:54,10.71,--,4,4284,买盘
641,14:12:51,10.71,--,118,126378,买盘
642,14:12:48,10.71,0.01,113,121023,买盘
643,14:12:42,10.7,--,8,8560,卖盘
644,14:12:39,10.7,-0.01,1,1070,卖盘
645,14:12:36,10.71,--,3,3213,买盘
646,14:12:33,10.71,0.01,6,6426,买盘
647,14:12:30,10.7,-0.01,12,12840,卖盘
648,14:12:27,10.71,--,1,1071,买盘
649,14:12:21,10.71,--,3,3213,买盘
650,14:12:18,10.71,--,4,4284,买盘
651,14:12:15,10.71,0.01,5,5355,买盘
652,14:12:12,10.7,-0.01,1,1070,卖盘
653,14:12:06,10.71,--,1,1071,买盘
654,14:12:03,10.71,--,5,5355,买盘
655,14:11:57,10.71,0.01,2,2142,买盘
656,14:11:54,10.7,-0.01,1,1070,卖盘
657,14:11:51,10.71,--,103,110313,买盘
658,14:11:48,10.71,--,2,2142,买盘
659,14:11:45,10.71,--,4,4284,买盘
660,14:11:42,10.71,--,71,76041,买盘
661,14:11:39,10.71,--,81,86751,买盘
662,14:11:36,10.71,--,103,110313,买盘
663,14:11:33,10.71,--,114,122094,买盘
664,14:11:30,10.71,0.01,10,10710,买盘
665,14:11:27,10.7,--,1,1070,卖盘
666,14:11:24,10.7,-0.01,4,4280,卖盘
667,14:11:21,10.71,0.01,3,3213,买盘
668,14:11:18,10.7,-0.01,48,51360,卖盘
669,14:11:09,10.71,--,12,12852,买盘
670,14:11:06,10.71,0.01,1,1071,买盘
671,14:11:03,10.7,-0.01,22,23540,卖盘
672,14:11:00,10.71,--,5,5355,买盘
673,14:10:57,10.71,--,17,18207,买盘
674,14:10:51,10.71,0.01,3,3213,买盘
675,14:10:48,10.7,-0.01,35,37450,卖盘
676,14:10:45,10.71,0.01,1,1071,买盘
677,14:10:39,10.7,-0.01,1,1070,卖盘
678,14:10:36,10.71,--,7,7497,买盘
679,14:10:33,10.71,--,5,5355,买盘
680,14:10:30,10.71,0.01,5,5355,买盘
681,14:10:27,10.7,-0.01,39,41730,卖盘
682,14:10:24,10.71,--,1,1071,买盘
683,14:10:21,10.71,0.01,3,3213,买盘
684,14:10:18,10.7,--,3,3210,卖盘
685,14:10:15,10.7,-0.01,1,1070,卖盘
686,14:10:12,10.71,--,30,32130,买盘
687,14:10:03,10.71,0.01,6,6426,买盘
688,14:10:00,10.7,-0.01,1,1070,卖盘
689,14:09:57,10.71,--,1,1071,买盘
690,14:09:51,10.71,0.01,3,3213,买盘
691,14:09:48,10.7,-0.01,1,1070,卖盘
692,14:09:45,10.71,0.01,1,1071,买盘
693,14:09:42,10.7,-0.01,1,1070,卖盘
694,14:09:36,10.71,--,100,107100,买盘
695,14:09:33,10.71,--,1,1071,买盘
696,14:09:30,10.71,--,4,4284,买盘
697,14:09:27,10.71,--,18,19278,买盘
698,14:09:24,10.71,0.01,1,1071,买盘
699,14:09:21,10.7,--,33,35310,卖盘
700,14:09:15,10.7,--,1,1070,卖盘
701,14:09:06,10.7,-0.01,352,376640,卖盘
702,14:09:03,10.71,--,11,11781,买盘
703,14:09:00,10.71,0.01,4,4284,买盘
704,14:08:57,10.7,-0.01,6,6420,卖盘
705,14:08:51,10.71,--,1,1071,买盘
706,14:08:45,10.71,--,6,6426,买盘
707,14:08:42,10.71,0.01,67,71757,买盘
708,14:08:36,10.7,-0.01,37,39590,卖盘
709,14:08:33,10.71,0.01,104,111384,买盘
710,14:08:27,10.7,--,6,6420,卖盘
711,14:08:24,10.7,--,1,1070,卖盘
712,14:08:15,10.7,--,1,1070,卖盘
713,14:08:09,10.7,--,5,5350,卖盘
714,14:08:06,10.7,-0.01,2,2140,卖盘
715,14:08:03,10.71,0.01,1,1071,买盘
716,14:07:57,10.7,-0.01,52,55639,卖盘
717,14:07:51,10.71,--,60,64260,买盘
718,14:07:45,10.71,0.01,2,2142,买盘
719,14:07:36,10.7,-0.01,20,21400,卖盘
720,14:07:33,10.71,0.01,1,1071,买盘
721,14:07:27,10.7,-0.01,4,4280,卖盘
722,14:07:24,10.71,0.01,1,1071,买盘
723,14:07:15,10.7,-0.01,1,1070,卖盘
724,14:07:12,10.71,0.01,5,5355,买盘
725,14:07:09,10.7,-0.01,7,7489,卖盘
726,14:07:06,10.71,--,56,59976,买盘
727,14:07:03,10.71,--,4,4284,买盘
728,14:06:57,10.71,0.01,110,117810,买盘
729,14:06:48,10.7,-0.01,5,5350,卖盘
730,14:06:45,10.71,--,66,70686,买盘
731,14:06:39,10.71,0.01,110,117810,买盘
732,14:06:33,10.7,-0.01,178,190460,卖盘
733,14:06:24,10.71,0.01,1,1071,买盘
734,14:06:15,10.7,--,3,3210,卖盘
735,14:06:06,10.7,-0.01,11,11770,卖盘
736,14:06:03,10.71,0.01,1,1071,买盘
737,14:05:57,10.7,-0.01,1,1070,卖盘
738,14:05:54,10.71,0.01,42,44982,买盘
739,14:05:48,10.7,--,15,16049,卖盘
740,14:05:45,10.7,--,6,6420,卖盘
741,14:05:33,10.7,-0.01,6,6420,卖盘
742,14:05:24,10.71,0.01,1,1071,买盘
743,14:05:15,10.7,--,11,11770,卖盘
744,14:05:12,10.7,-0.01,105,112349,卖盘
745,14:05:06,10.71,--,1,1071,买盘
746,14:05:03,10.71,--,33,35343,买盘
747,14:04:54,10.71,-0.01,210,224910,卖盘
748,14:04:51,10.72,0.01,5,5360,买盘
749,14:04:48,10.71,-0.01,1,1071,卖盘
750,14:04:45,10.72,--,2,2144,买盘
751,14:04:39,10.72,0.01,100,107200,买盘
752,14:04:33,10.71,--,101,108171,卖盘
753,14:04:27,10.71,--,11,11781,卖盘
754,14:04:21,10.71,--,5,5355,卖盘
755,14:04:15,10.71,--,1,1071,卖盘
756,14:04:09,10.71,--,10,10710,卖盘
757,14:04:06,10.71,-0.01,5,5355,卖盘
758,14:04:03,10.72,--,1,1072,买盘
759,14:04:00,10.72,0.01,50,53600,买盘
760,14:03:57,10.71,-0.01,12,12852,卖盘
761,14:03:54,10.72,0.01,2,2144,买盘
762,14:03:51,10.71,--,2,2142,卖盘
763,14:03:48,10.71,-0.01,18,19278,卖盘
764,14:03:45,10.72,0.01,2,2144,买盘
765,14:03:33,10.71,-0.01,111,118881,卖盘
766,14:03:30,10.72,0.01,95,101840,买盘
767,14:03:27,10.71,--,146,156366,卖盘
768,14:03:24,10.71,--,7,7497,卖盘
769,14:03:18,10.71,--,20,21420,卖盘
770,14:03:15,10.71,--,6,6426,卖盘
771,14:03:12,10.71,--,10,10710,卖盘
772,14:03:09,10.71,-0.01,15,16065,卖盘
773,14:03:06,10.72,--,19,20368,买盘
774,14:03:03,10.72,0.01,4,4288,买盘
775,14:02:57,10.71,--,2,2142,卖盘
776,14:02:54,10.71,-0.01,13,13923,卖盘
777,14:02:51,10.72,--,3,3216,买盘
778,14:02:45,10.72,0.01,2,2144,买盘
779,14:02:36,10.71,--,3,3213,卖盘
780,14:02:33,10.71,--,10,10710,卖盘
781,14:02:30,10.71,--,5,5355,卖盘
782,14:02:27,10.71,-0.01,2,2142,卖盘
783,14:02:24,10.72,0.01,1,1072,买盘
784,14:02:21,10.71,--,1,1071,卖盘
785,14:02:18,10.71,--,47,50337,卖盘
786,14:02:15,10.71,--,41,43911,卖盘
787,14:02:12,10.71,-0.01,250,267750,卖盘
788,14:02:06,10.72,--,1,1072,买盘
789,14:02:00,10.72,0.01,1,1072,买盘
790,14:01:57,10.71,--,2,2142,卖盘
791,14:01:54,10.71,--,60,64260,卖盘
792,14:01:48,10.71,--,45,48195,卖盘
793,14:01:45,10.71,-0.01,26,27846,卖盘
794,14:01:36,10.72,--,2,2144,买盘
795,14:01:30,10.72,--,219,234768,卖盘
796,14:01:27,10.72,-0.01,23,24656,卖盘
797,14:01:24,10.73,0.01,20,21460,买盘
798,14:01:15,10.72,--,1,1072,卖盘
799,14:01:09,10.72,-0.01,12,12864,卖盘
800,14:01:06,10.73,0.01,1,1073,买盘
801,14:01:00,10.72,--,1,1072,卖盘
802,14:00:57,10.72,--,21,22512,卖盘
803,14:00:54,10.72,--,7,7504,卖盘
804,14:00:51,10.72,--,9,9648,卖盘
805,14:00:48,10.72,--,10,10720,卖盘
806,14:00:45,10.72,--,2,2144,卖盘
807,14:00:39,10.72,--,39,41808,卖盘
808,14:00:36,10.72,--,10,10720,卖盘
809,14:00:30,10.72,--,11,11792,卖盘
810,14:00:27,10.72,-0.01,2,2144,卖盘
811,14:00:24,10.73,0.01,1,1073,买盘
812,14:00:15,10.72,--,1,1072,卖盘
813,14:00:12,10.72,--,10,10720,卖盘
814,14:00:03,10.72,-0.01,10,10720,卖盘
815,14:00:00,10.73,0.01,6,6438,买盘
816,13:59:57,10.72,--,2,2144,卖盘
817,13:59:54,10.72,-0.01,22,23584,卖盘
818,13:59:45,10.73,0.01,2,2146,买盘
819,13:59:42,10.72,--,12,12864,卖盘
820,13:59:39,10.72,0.01,101,108272,买盘
821,13:59:36,10.71,--,49,52479,卖盘
822,13:59:33,10.71,-0.01,54,57834,卖盘
823,13:59:30,10.72,--,19,20368,买盘
824,13:59:27,10.72,-0.01,6,6432,卖盘
825,13:59:24,10.73,0.01,11,11803,买盘
826,13:59:15,10.72,--,1,1072,卖盘
827,13:59:12,10.72,--,13,13936,卖盘
828,13:59:09,10.72,-0.01,100,107200,卖盘
829,13:59:06,10.73,--,35,37555,买盘
830,13:59:03,10.73,0.01,33,35409,买盘
831,13:59:00,10.72,--,25,26800,卖盘
832,13:58:57,10.72,--,42,45024,卖盘
833,13:58:54,10.72,--,92,98624,卖盘
834,13:58:51,10.72,--,49,52528,卖盘
835,13:58:48,10.72,--,8,8576,卖盘
836,13:58:45,10.72,--,1,1072,卖盘
837,13:58:39,10.72,--,11,11792,卖盘
838,13:58:36,10.72,--,23,24656,卖盘
839,13:58:30,10.72,--,1,1072,卖盘
840,13:58:27,10.72,-0.01,61,65392,卖盘
841,13:58:24,10.73,0.01,1,1073,买盘
842,13:58:21,10.72,--,48,51456,卖盘
843,13:58:15,10.72,-0.01,1,1072,卖盘
844,13:58:12,10.73,--,9,9657,买盘
845,13:58:06,10.73,--,1,1073,买盘
846,13:58:03,10.73,0.01,5,5365,买盘
847,13:58:00,10.72,--,14,15008,卖盘
848,13:57:57,10.72,-0.01,4,4288,卖盘
849,13:57:54,10.73,0.01,8,8584,买盘
850,13:57:51,10.72,-0.01,1,1072,卖盘
851,13:57:48,10.73,--,16,17168,买盘
852,13:57:45,10.73,0.01,2,2146,买盘
853,13:57:42,10.72,--,10,10720,卖盘
854,13:57:27,10.72,-0.01,60,64320,卖盘
855,13:57:24,10.73,--,31,33263,买盘
856,13:57:18,10.73,0.01,1,1073,买盘
857,13:57:15,10.72,--,1,1072,卖盘
858,13:57:12,10.72,--,11,11792,卖盘
859,13:57:09,10.72,-0.01,1,1072,卖盘
860,13:57:06,10.73,--,1,1073,买盘
861,13:56:57,10.73,0.01,102,109446,买盘
862,13:56:54,10.72,--,47,50384,卖盘
863,13:56:51,10.72,--,20,21440,卖盘
864,13:56:48,10.72,-0.01,10,10720,卖盘
865,13:56:45,10.73,0.01,32,34336,买盘
866,13:56:42,10.72,--,10,10720,卖盘
867,13:56:36,10.72,--,24,25728,卖盘
868,13:56:33,10.72,--,12,12864,卖盘
869,13:56:27,10.72,-0.01,73,78256,卖盘
870,13:56:24,10.73,--,101,108373,买盘
871,13:56:12,10.73,--,13,13949,买盘
872,13:56:09,10.73,--,2,2146,买盘
873,13:56:03,10.73,0.01,33,35409,买盘
874,13:55:57,10.72,-0.01,5,5360,卖盘
875,13:55:51,10.73,--,2,2146,买盘
876,13:55:48,10.73,--,16,17168,买盘
877,13:55:45,10.73,--,12,12876,买盘
878,13:55:33,10.73,--,4,4292,买盘
879,13:55:30,10.73,0.01,23,24679,买盘
880,13:55:27,10.72,-0.01,1,1072,卖盘
881,13:55:24,10.73,0.01,69,74037,买盘
882,13:55:21,10.72,-0.01,11,11792,卖盘
883,13:55:15,10.73,--,3,3219,买盘
884,13:55:06,10.73,0.01,1,1073,买盘
885,13:55:03,10.72,--,3,3216,卖盘
886,13:55:00,10.72,--,10,10720,卖盘
887,13:54:57,10.72,-0.01,10,10720,卖盘
888,13:54:54,10.73,0.01,30,32190,买盘
889,13:54:45,10.72,--,1,1072,卖盘
890,13:54:42,10.72,-0.01,11,11792,卖盘
891,13:54:33,10.73,0.01,480,515040,买盘
892,13:54:30,10.72,--,10,10720,卖盘
893,13:54:27,10.72,-0.01,59,63248,卖盘
894,13:54:24,10.73,0.01,12,12876,买盘
895,13:54:21,10.72,-0.01,15,16080,卖盘
896,13:54:18,10.73,0.01,100,107300,买盘
897,13:54:09,10.72,-0.01,1,1072,卖盘
898,13:54:06,10.73,0.01,1,1073,买盘
899,13:54:03,10.72,-0.01,39,41808,卖盘
900,13:54:00,10.73,0.01,28,30044,买盘
901,13:53:57,10.72,-0.01,2,2144,卖盘
902,13:53:51,10.73,0.01,12,12876,买盘
903,13:53:45,10.72,--,31,33232,卖盘
904,13:53:42,10.72,--,14,15008,卖盘
905,13:53:39,10.72,-0.01,11,11792,卖盘
906,13:53:36,10.73,--,9,9657,买盘
907,13:53:33,10.73,--,4,4292,买盘
908,13:53:30,10.73,0.01,30,32190,买盘
909,13:53:27,10.72,--,1,1072,卖盘
910,13:53:24,10.72,--,11,11792,卖盘
911,13:53:21,10.72,-0.01,11,11792,卖盘
912,13:53:18,10.73,--,65,69745,买盘
913,13:53:12,10.73,--,23,24679,买盘
914,13:53:06,10.73,--,62,66526,买盘
915,13:53:03,10.73,0.01,45,48285,买盘
916,13:53:00,10.72,--,1,1072,卖盘
917,13:52:57,10.72,-0.01,2,2144,卖盘
918,13:52:54,10.73,0.01,7,7511,买盘
919,13:52:51,10.72,--,3,3216,卖盘
920,13:52:48,10.72,-0.01,12,12864,卖盘
921,13:52:45,10.73,0.01,2,2146,买盘
922,13:52:42,10.72,-0.01,2,2144,卖盘
923,13:52:39,10.73,0.01,19,20387,买盘
924,13:52:36,10.72,-0.01,1,1072,卖盘
925,13:52:33,10.73,0.01,3,3219,买盘
926,13:52:30,10.72,--,3,3216,卖盘
927,13:52:27,10.72,-0.01,11,11792,卖盘
928,13:52:24,10.73,0.01,6,6438,买盘
929,13:52:21,10.72,-0.01,2,2144,卖盘
930,13:52:18,10.73,0.01,47,50431,买盘
931,13:52:12,10.72,--,13,13936,卖盘
932,13:52:09,10.72,-0.01,11,11792,卖盘
933,13:52:06,10.73,--,7,7511,买盘
934,13:52:03,10.73,--,12,12876,买盘
935,13:52:00,10.73,0.01,6,6438,买盘
936,13:51:57,10.72,--,1,1072,卖盘
937,13:51:54,10.72,--,50,53600,卖盘
938,13:51:45,10.72,--,12,12864,卖盘
939,13:51:39,10.72,-0.01,20,21440,卖盘
940,13:51:33,10.73,0.01,36,38628,买盘
941,13:51:27,10.72,--,255,273360,买盘
942,13:51:24,10.72,0.01,8,8576,买盘
943,13:51:18,10.71,--,60,64260,卖盘
944,13:51:09,10.71,--,16,17136,卖盘
945,13:51:06,10.71,-0.01,102,109242,卖盘
946,13:51:03,10.72,0.01,7,7504,买盘
947,13:50:54,10.71,--,39,41769,卖盘
948,13:50:51,10.71,--,205,219555,卖盘
949,13:50:48,10.71,-0.01,10,10710,卖盘
950,13:50:45,10.72,--,32,34304,买盘
951,13:50:42,10.72,0.01,5,5360,买盘
952,13:50:30,10.71,--,12,12852,卖盘
953,13:50:21,10.71,--,1,1071,卖盘
954,13:50:15,10.71,--,4,4284,卖盘
955,13:50:09,10.71,--,12,12852,卖盘
956,13:50:06,10.71,-0.01,64,68544,卖盘
957,13:50:03,10.72,--,2,2144,买盘
958,13:50:00,10.72,--,67,71824,买盘
959,13:49:57,10.72,--,43,46096,卖盘
960,13:49:51,10.72,-0.01,8,8576,卖盘
961,13:49:48,10.73,--,32,34336,买盘
962,13:49:45,10.73,0.01,2,2146,买盘
963,13:49:36,10.72,--,33,35376,卖盘
964,13:49:33,10.72,-0.01,8,8576,卖盘
965,13:49:30,10.73,0.01,14,15022,买盘
966,13:49:27,10.72,-0.01,12,12864,卖盘
967,13:49:24,10.73,0.01,21,22533,买盘
968,13:49:12,10.72,--,1,1072,卖盘
969,13:49:06,10.72,0.01,119,127568,买盘
970,13:49:00,10.71,--,1,1071,卖盘
971,13:48:57,10.71,-0.01,8,8568,卖盘
972,13:48:51,10.72,-0.01,94,100768,卖盘
973,13:48:48,10.73,0.01,1,1073,买盘
974,13:48:45,10.72,--,55,58960,卖盘
975,13:48:42,10.72,--,11,11792,卖盘
976,13:48:33,10.72,--,4,4288,卖盘
977,13:48:27,10.72,0.01,66,70752,买盘
978,13:48:24,10.71,--,10,10710,卖盘
979,13:48:18,10.71,-0.01,37,39627,卖盘
980,13:48:15,10.72,0.01,10,10720,买盘
981,13:48:09,10.71,-0.01,19,20349,卖盘
982,13:48:06,10.72,-0.01,99,106128,卖盘
983,13:48:03,10.73,0.01,47,50431,买盘
984,13:48:00,10.72,--,30,32160,卖盘
985,13:47:57,10.72,--,41,43952,卖盘
986,13:47:54,10.72,-0.01,37,39664,卖盘
987,13:47:51,10.73,--,17,18241,买盘
988,13:47:48,10.73,0.01,1,1073,买盘
989,13:47:45,10.72,--,1,1072,卖盘
990,13:47:42,10.72,--,32,34304,卖盘
991,13:47:39,10.72,-0.01,20,21440,卖盘
992,13:47:36,10.73,--,11,11803,买盘
993,13:47:33,10.73,--,1,1073,买盘
994,13:47:27,10.73,0.01,1,1073,买盘
995,13:47:24,10.72,-0.01,1,1072,卖盘
996,13:47:21,10.73,--,252,271179,卖盘
997,13:47:18,10.73,--,41,43993,卖盘
998,13:47:15,10.73,--,110,118030,卖盘
999,13:47:12,10.73,--,41,43993,卖盘
1000,13:47:09,10.73,-0.01,22,23606,卖盘
1001,13:47:06,10.74,0.01,2,2148,买盘
1002,13:47:03,10.73,--,36,38628,卖盘
1003,13:47:00,10.73,--,15,16095,卖盘
1004,13:46:57,10.73,--,63,67599,卖盘
1005,13:46:54,10.73,--,32,34336,卖盘
1006,13:46:48,10.73,--,42,45066,卖盘
1007,13:46:45,10.73,--,44,47212,卖盘
1008,13:46:42,10.73,--,15,16095,卖盘
1009,13:46:39,10.73,--,60,64380,卖盘
1010,13:46:36,10.73,-0.01,71,76183,卖盘
1011,13:46:33,10.74,0.01,123,132102,买盘
1012,13:46:30,10.73,--,33,35409,卖盘
1013,13:46:27,10.73,--,1,1073,卖盘
1014,13:46:21,10.73,--,1,1073,卖盘
1015,13:46:18,10.73,--,19,20387,卖盘
1016,13:46:15,10.73,--,10,10730,卖盘
1017,13:46:12,10.73,-0.01,40,42920,卖盘
1018,13:46:09,10.74,--,85,91290,买盘
1019,13:46:06,10.74,--,3,3222,买盘
1020,13:46:03,10.74,--,4,4296,买盘
1021,13:46:00,10.74,0.01,2,2148,买盘
1022,13:45:57,10.73,--,13,13949,卖盘
1023,13:45:54,10.73,--,10,10730,卖盘
1024,13:45:48,10.73,-0.01,48,51504,卖盘
1025,13:45:45,10.74,--,2,2148,买盘
1026,13:45:42,10.74,0.01,24,25776,买盘
1027,13:45:39,10.73,--,143,153439,卖盘
1028,13:45:36,10.73,--,20,21460,卖盘
1029,13:45:33,10.73,--,64,68672,卖盘
1030,13:45:27,10.73,-0.01,361,387353,卖盘
1031,13:45:24,10.74,0.01,13,13962,买盘
1032,13:45:18,10.73,-0.01,11,11803,卖盘
1033,13:45:12,10.74,0.01,10,10740,买盘
1034,13:45:09,10.73,-0.01,37,39701,卖盘
1035,13:45:06,10.74,0.01,100,107400,买盘
1036,13:45:03,10.73,--,5,5365,卖盘
1037,13:45:00,10.73,--,11,11803,卖盘
1038,13:44:57,10.73,-0.01,95,101935,卖盘
1039,13:44:54,10.74,0.01,488,524112,买盘
1040,13:44:51,10.73,-0.01,33,35409,卖盘
1041,13:44:48,10.74,--,14,15036,买盘
1042,13:44:45,10.74,0.01,2,2148,买盘
1043,13:44:42,10.73,--,10,10730,卖盘
1044,13:44:39,10.73,--,62,66526,卖盘
1045,13:44:36,10.73,--,255,273904,买盘
1046,13:44:27,10.73,0.01,1,1073,买盘
1047,13:44:24,10.72,-0.01,33,35376,卖盘
1048,13:44:21,10.73,0.01,164,175972,买盘
1049,13:44:12,10.72,-0.01,5,5360,卖盘
1050,13:44:06,10.73,0.01,11,11803,买盘
1051,13:44:00,10.72,--,66,70752,卖盘
1052,13:43:57,10.72,-0.01,28,30016,卖盘
1053,13:43:54,10.73,--,50,53650,买盘
1054,13:43:48,10.73,--,25,26825,买盘
1055,13:43:45,10.73,--,41,43993,买盘
1056,13:43:42,10.73,0.01,123,131979,买盘
1057,13:43:39,10.72,--,11,11792,卖盘
1058,13:43:27,10.72,-0.01,27,28944,卖盘
1059,13:43:24,10.73,0.01,11,11803,买盘
1060,13:43:21,10.72,--,110,117920,卖盘
1061,13:43:18,10.72,-0.01,11,11792,卖盘
1062,13:43:12,10.73,--,9,9657,买盘
1063,13:43:09,10.73,--,56,60088,买盘
1064,13:43:06,10.73,--,1,1073,买盘
1065,13:43:03,10.73,0.01,5,5365,买盘
1066,13:43:00,10.72,--,42,45024,卖盘
1067,13:42:57,10.72,--,35,37520,卖盘
1068,13:42:54,10.72,--,121,129712,买盘
1069,13:42:48,10.72,--,42,45024,买盘
1070,13:42:45,10.72,0.01,2,2144,买盘
1071,13:42:39,10.71,-0.01,11,11781,卖盘
1072,13:42:36,10.72,0.01,15,16080,买盘
1073,13:42:33,10.71,--,1,1071,卖盘
1074,13:42:30,10.71,--,13,13923,卖盘
1075,13:42:27,10.71,-0.01,21,22491,卖盘
1076,13:42:24,10.72,0.01,1,1072,买盘
1077,13:42:21,10.71,-0.01,32,34272,卖盘
1078,13:42:18,10.72,0.01,16,17152,买盘
1079,13:42:09,10.71,--,12,12852,卖盘
1080,13:42:00,10.71,--,11,11781,卖盘
1081,13:41:54,10.71,-0.02,3,3213,卖盘
1082,13:41:45,10.73,0.02,2,2146,买盘
1083,13:41:42,10.71,--,34,36414,卖盘
1084,13:41:39,10.71,--,31,33201,卖盘
1085,13:41:36,10.71,--,58,62118,卖盘
1086,13:41:33,10.71,-0.01,4,4284,卖盘
1087,13:41:30,10.72,0.01,201,215472,买盘
1088,13:41:27,10.71,-0.01,29,31059,卖盘
1089,13:41:24,10.72,0.01,3,3216,买盘
1090,13:41:18,10.71,--,36,38556,卖盘
1091,13:41:12,10.71,-0.01,57,61047,卖盘
1092,13:41:09,10.72,--,11,11792,买盘
1093,13:41:06,10.72,--,1,1072,买盘
1094,13:41:03,10.72,0.01,10,10720,买盘
1095,13:40:57,10.71,--,32,34272,卖盘
1096,13:40:54,10.71,--,10,10710,卖盘
1097,13:40:48,10.71,--,14,14994,卖盘
1098,13:40:45,10.71,-0.01,1,1071,卖盘
1099,13:40:42,10.72,0.01,42,45024,买盘
1100,13:40:39,10.71,--,5,5355,卖盘
1101,13:40:36,10.71,-0.01,65,69615,卖盘
1102,13:40:33,10.72,--,21,22512,买盘
1103,13:40:24,10.72,0.01,1,1072,买盘
1104,13:40:21,10.71,--,16,17136,卖盘
1105,13:40:18,10.71,-0.01,1,1071,卖盘
1106,13:40:15,10.72,0.01,234,250848,买盘
1107,13:40:12,10.71,-0.01,35,37485,卖盘
1108,13:40:09,10.72,--,57,61104,买盘
1109,13:40:06,10.72,0.01,6,6432,买盘
1110,13:39:57,10.71,-0.01,9,9639,卖盘
1111,13:39:54,10.72,0.01,69,73968,买盘
1112,13:39:51,10.71,-0.01,12,12852,卖盘
1113,13:39:45,10.72,0.01,122,130784,买盘
1114,13:39:42,10.71,--,68,72828,买盘
1115,13:39:39,10.71,--,25,26775,买盘
1116,13:39:36,10.71,--,146,156366,买盘
1117,13:39:33,10.71,0.01,182,194922,买盘
1118,13:39:30,10.7,--,9,9630,卖盘
1119,13:39:27,10.7,--,125,133750,卖盘
1120,13:39:24,10.7,--,3,3210,卖盘
1121,13:39:21,10.7,--,10,10700,卖盘
1122,13:39:15,10.7,-0.01,42,44940,卖盘
1123,13:39:09,10.71,--,2,2142,买盘
1124,13:39:06,10.71,--,6,6426,买盘
1125,13:39:03,10.71,--,13,13923,买盘
1126,13:38:57,10.71,--,91,97461,买盘
1127,13:38:51,10.71,--,3,3213,买盘
1128,13:38:48,10.71,--,4,4284,买盘
1129,13:38:45,10.71,0.01,13,13923,买盘
1130,13:38:42,10.7,-0.01,4,4280,卖盘
1131,13:38:36,10.71,--,3,3213,买盘
1132,13:38:33,10.71,0.01,1,1071,买盘
1133,13:38:30,10.7,--,11,11770,卖盘
1134,13:38:27,10.7,-0.01,31,33170,卖盘
1135,13:38:24,10.71,--,46,49266,买盘
1136,13:38:21,10.71,0.01,14,14994,买盘
1137,13:38:18,10.7,-0.01,7,7489,卖盘
1138,13:38:15,10.71,0.01,220,235620,买盘
1139,13:38:09,10.7,-0.01,2,2140,卖盘
1140,13:38:06,10.71,0.01,10,10710,买盘
1141,13:38:03,10.7,--,13,13909,卖盘
1142,13:38:00,10.7,--,12,12840,卖盘
1143,13:37:57,10.7,--,8,8560,卖盘
1144,13:37:54,10.7,-0.01,33,35310,卖盘
1145,13:37:51,10.71,0.01,3,3213,买盘
1146,13:37:48,10.7,-0.01,251,268570,卖盘
1147,13:37:45,10.71,0.01,52,55692,买盘
1148,13:37:42,10.7,-0.01,50,53500,卖盘
1149,13:37:39,10.71,0.01,123,131733,买盘
1150,13:37:36,10.7,-0.01,1,1070,卖盘
1151,13:37:33,10.71,--,28,29988,买盘
1152,13:37:30,10.71,0.01,3,3213,买盘
1153,13:37:27,10.7,-0.01,1,1070,卖盘
1154,13:37:24,10.71,--,15,16065,买盘
1155,13:37:21,10.71,--,33,35343,买盘
1156,13:37:15,10.71,0.01,3,3213,买盘
1157,13:37:12,10.7,-0.01,8,8560,卖盘
1158,13:37:06,10.71,--,12,12852,买盘
1159,13:37:03,10.71,--,9,9639,买盘
1160,13:37:00,10.71,0.01,1,1071,买盘
1161,13:36:57,10.7,--,14,14979,卖盘
1162,13:36:54,10.7,-0.01,1,1070,卖盘
1163,13:36:48,10.71,0.01,29,31059,买盘
1164,13:36:45,10.7,--,12,12840,卖盘
1165,13:36:42,10.7,--,1,1070,卖盘
1166,13:36:36,10.7,--,3,3210,卖盘
1167,13:36:30,10.7,--,61,65269,卖盘
1168,13:36:27,10.7,-0.01,1,1070,卖盘
1169,13:36:24,10.71,0.01,37,39627,买盘
1170,13:36:21,10.7,--,13,13909,卖盘
1171,13:36:18,10.7,--,6,6420,卖盘
1172,13:36:12,10.7,--,35,37450,卖盘
1173,13:36:09,10.7,-0.01,50,53500,卖盘
1174,13:36:06,10.71,--,1,1071,买盘
1175,13:36:03,10.71,0.01,11,11781,买盘
1176,13:35:57,10.7,--,2,2140,卖盘
1177,13:35:54,10.7,--,14,14979,卖盘
1178,13:35:51,10.7,--,11,11770,卖盘
1179,13:35:48,10.7,-0.01,2,2140,卖盘
1180,13:35:45,10.71,0.01,7,7497,买盘
1181,13:35:42,10.7,--,5,5350,卖盘
1182,13:35:33,10.7,--,11,11770,卖盘
1183,13:35:30,10.7,--,10,10700,卖盘
1184,13:35:27,10.7,-0.01,1,1070,卖盘
1185,13:35:24,10.71,--,11,11781,买盘
1186,13:35:15,10.71,0.01,10,10710,买盘
1187,13:35:12,10.7,-0.01,11,11770,卖盘
1188,13:35:09,10.71,0.01,137,146727,买盘
1189,13:35:03,10.7,--,1,1070,卖盘
1190,13:34:57,10.7,--,4,4280,卖盘
1191,13:34:54,10.7,--,19,20330,卖盘
1192,13:34:48,10.7,-0.01,19,20330,卖盘
1193,13:34:45,10.71,0.01,2,2142,买盘
1194,13:34:42,10.7,-0.01,1,1070,卖盘
1195,13:34:39,10.71,0.01,10,10710,买盘
1196,13:34:33,10.7,--,11,11770,卖盘
1197,13:34:27,10.7,-0.01,1,1070,卖盘
1198,13:34:24,10.71,0.01,2,2142,买盘
1199,13:34:18,10.7,-0.01,3,3210,卖盘
1200,13:34:15,10.71,0.01,36,38556,买盘
1201,13:34:12,10.7,-0.01,30,32099,卖盘
1202,13:34:06,10.71,0.01,1,1071,买盘
1203,13:34:03,10.7,--,15,16049,卖盘
1204,13:34:00,10.7,--,10,10700,卖盘
1205,13:33:57,10.7,--,6,6420,卖盘
1206,13:33:54,10.7,-0.01,5,5350,卖盘
1207,13:33:51,10.71,0.01,8,8568,买盘
1208,13:33:45,10.7,--,15,16049,卖盘
1209,13:33:42,10.7,--,17,18190,卖盘
1210,13:33:39,10.7,--,104,111279,卖盘
1211,13:33:36,10.7,--,20,21400,卖盘
1212,13:33:33,10.7,--,3,3210,卖盘
1213,13:33:27,10.7,-0.01,1,1070,卖盘
1214,13:33:24,10.71,0.01,1,1071,买盘
1215,13:33:21,10.7,--,21,22470,卖盘
1216,13:33:18,10.7,--,18,19260,卖盘
1217,13:33:15,10.7,--,10,10700,卖盘
1218,13:33:09,10.7,0.01,98,105801,买盘
1219,13:33:06,10.69,-0.01,15,16035,卖盘
1220,13:33:03,10.7,--,162,173340,买盘
1221,13:33:00,10.7,--,30,32099,买盘
1222,13:32:57,10.7,0.01,150,160500,买盘
1223,13:32:54,10.69,-0.01,1,1069,卖盘
1224,13:32:48,10.7,--,4,4280,买盘
1225,13:32:45,10.7,0.01,2,2140,买盘
1226,13:32:42,10.69,--,130,138970,卖盘
1227,13:32:30,10.69,--,8,8552,卖盘
1228,13:32:21,10.69,-0.01,11,11759,卖盘
1229,13:32:15,10.7,0.01,6,6420,买盘
1230,13:32:12,10.69,-0.01,1,1069,卖盘
1231,13:32:06,10.7,--,21,22470,买盘
1232,13:32:03,10.7,0.01,1,1070,买盘
1233,13:32:00,10.69,-0.01,72,77096,卖盘
1234,13:31:57,10.7,--,2,2140,卖盘
1235,13:31:54,10.7,--,1,1070,卖盘
1236,13:31:48,10.7,-0.01,3,3210,卖盘
1237,13:31:45,10.71,0.01,3,3213,买盘
1238,13:31:42,10.7,--,31,33170,卖盘
1239,13:31:27,10.7,-0.01,7,7489,卖盘
1240,13:31:24,10.71,0.01,62,66402,买盘
1241,13:31:18,10.7,--,11,11770,卖盘
1242,13:31:06,10.7,--,1,1070,卖盘
1243,13:31:00,10.7,--,10,10700,卖盘
1244,13:30:57,10.7,--,2,2140,卖盘
1245,13:30:54,10.7,-0.01,1,1070,卖盘
1246,13:30:48,10.71,--,525,562275,买盘
1247,13:30:45,10.71,0.01,2,2142,买盘
1248,13:30:42,10.7,--,38,40660,卖盘
1249,13:30:36,10.7,-0.01,221,236469,卖盘
1250,13:30:33,10.71,--,2,2142,买盘
1251,13:30:24,10.71,0.01,101,108171,买盘
1252,13:30:21,10.7,--,4,4280,卖盘
1253,13:30:12,10.7,--,37,39590,卖盘
1254,13:30:06,10.7,-0.01,66,70620,卖盘
1255,13:30:03,10.71,--,44,47124,买盘
1256,13:30:00,10.71,--,5,5355,买盘
1257,13:29:54,10.71,0.01,51,54621,买盘
1258,13:29:48,10.7,-0.01,22,23540,卖盘
1259,13:29:45,10.71,--,94,100674,卖盘
1260,13:29:39,10.71,0.01,37,39627,买盘
1261,13:29:36,10.7,-0.01,8,8560,卖盘
1262,13:29:33,10.71,0.01,33,35343,买盘
1263,13:29:30,10.7,--,31,33170,卖盘
1264,13:29:27,10.7,-0.01,9,9630,卖盘
1265,13:29:24,10.71,--,2,2142,买盘
1266,13:29:18,10.71,0.01,10,10710,买盘
1267,13:29:15,10.7,--,39,42671,买盘
1268,13:29:12,10.7,--,79,84658,卖盘
1269,13:29:09,10.7,-0.01,27,28889,卖盘
1270,13:29:06,10.71,0.01,12,12852,买盘
1271,13:29:03,10.7,-0.01,32,34240,卖盘
1272,13:29:00,10.71,0.01,38,40698,买盘
1273,13:28:54,10.7,-0.01,1,1070,卖盘
1274,13:28:51,10.71,--,18,19278,买盘
1275,13:28:45,10.71,0.01,37,39627,买盘
1276,13:28:33,10.7,-0.01,31,33170,卖盘
1277,13:28:18,10.71,0.01,88,94248,买盘
1278,13:28:15,10.7,0.01,644,690021,买盘
1279,13:28:09,10.69,-0.01,100,106900,卖盘
1280,13:28:06,10.7,--,1,1070,买盘
1281,13:28:00,10.7,--,10,10700,买盘
1282,13:27:57,10.7,--,103,110209,买盘
1283,13:27:54,10.7,--,101,108070,买盘
1284,13:27:48,10.7,--,297,317790,买盘
1285,13:27:45,10.7,--,2,2140,买盘
1286,13:27:33,10.7,--,19,20330,买盘
1287,13:27:30,10.7,0.01,46,49220,买盘
1288,13:27:27,10.69,-0.01,4,4276,卖盘
1289,13:27:24,10.7,--,53,56709,买盘
1290,13:27:18,10.7,0.01,15,16049,买盘
1291,13:27:15,10.69,-0.01,1,1069,卖盘
1292,13:27:06,10.7,--,1,1070,买盘
1293,13:27:03,10.7,0.01,16,17120,买盘
1294,13:27:00,10.69,--,6,6414,卖盘
1295,13:26:57,10.69,-0.01,1,1069,卖盘
1296,13:26:51,10.7,--,9,9630,买盘
1297,13:26:45,10.7,--,12,12840,买盘
1298,13:26:42,10.7,--,10,10700,买盘
1299,13:26:39,10.7,0.01,5,5350,买盘
1300,13:26:36,10.69,-0.01,1,1069,卖盘
1301,13:26:30,10.7,0.01,7,7489,买盘
1302,13:26:27,10.69,-0.01,1,1069,卖盘
1303,13:26:24,10.7,0.01,1,1070,买盘
1304,13:26:15,10.69,-0.01,1,1069,卖盘
1305,13:26:12,10.7,--,13,13909,买盘
1306,13:26:06,10.7,0.01,1,1070,买盘
1307,13:26:00,10.69,--,1,1069,卖盘
1308,13:25:57,10.69,--,2,2138,卖盘
1309,13:25:51,10.69,-0.01,4,4276,卖盘
1310,13:25:48,10.7,0.01,5,5350,买盘
1311,13:25:45,10.69,--,4,4276,卖盘
1312,13:25:39,10.69,--,15,16035,卖盘
1313,13:25:36,10.69,--,21,22449,卖盘
1314,13:25:33,10.69,--,338,361322,买盘
1315,13:25:30,10.69,--,10,10690,买盘
1316,13:25:21,10.69,0.01,50,53450,买盘
1317,13:25:15,10.68,-0.01,1,1068,卖盘
1318,13:25:06,10.69,--,1,1069,买盘
1319,13:25:03,10.69,--,32,34208,买盘
1320,13:25:00,10.69,--,7,7483,买盘
1321,13:24:57,10.69,--,1,1069,买盘
1322,13:24:48,10.69,--,5,5345,买盘
1323,13:24:45,10.69,0.01,2,2138,买盘
1324,13:24:42,10.68,--,1,1068,卖盘
1325,13:24:39,10.68,--,20,21360,卖盘
1326,13:24:36,10.68,--,2,2136,卖盘
1327,13:24:27,10.68,-0.01,33,35244,卖盘
1328,13:24:24,10.69,0.01,10,10690,买盘
1329,13:24:18,10.68,--,501,535068,卖盘
1330,13:24:15,10.68,-0.01,2,2136,卖盘
1331,13:24:12,10.69,0.01,10,10690,买盘
1332,13:24:06,10.68,-0.01,20,21360,卖盘
1333,13:24:03,10.69,0.01,33,35277,买盘
1334,13:24:00,10.68,0.01,4,4272,中性盘
1335,13:23:57,10.67,-0.01,347,370249,卖盘
1336,13:23:51,10.68,--,2,2136,卖盘
1337,13:23:48,10.68,--,1,1068,卖盘
1338,13:23:45,10.68,--,12,12816,卖盘
1339,13:23:42,10.68,--,4,4272,卖盘
1340,13:23:36,10.68,--,1,1068,卖盘
1341,13:23:33,10.68,-0.02,2,2136,卖盘
1342,13:23:30,10.7,--,5,5350,买盘
1343,13:23:27,10.7,--,2,2140,买盘
1344,13:23:24,10.7,0.03,6,6420,买盘
1345,13:23:21,10.67,--,4,4268,卖盘
1346,13:23:18,10.67,--,301,321167,卖盘
1347,13:23:15,10.67,-0.01,4,4268,卖盘
1348,13:23:09,10.68,0.01,50,53400,买盘
1349,13:23:06,10.67,--,2,2134,卖盘
1350,13:23:03,10.67,-0.01,2,2134,卖盘
1351,13:22:57,10.68,--,255,272340,卖盘
1352,13:22:51,10.68,-0.01,31,33108,卖盘
1353,13:22:48,10.69,--,1,1069,卖盘
1354,13:22:45,10.69,--,3,3207,卖盘
1355,13:22:42,10.69,--,1,1069,卖盘
1356,13:22:39,10.69,--,4,4276,卖盘
1357,13:22:36,10.69,--,17,18173,卖盘
1358,13:22:33,10.69,-0.01,3,3207,卖盘
1359,13:22:24,10.7,--,125,133750,买盘
1360,13:22:18,10.7,0.01,11,11770,买盘
1361,13:22:15,10.69,--,36,38484,买盘
1362,13:22:12,10.69,0.01,5,5345,买盘
1363,13:22:06,10.68,--,2,2136,卖盘
1364,13:22:00,10.68,--,35,37380,卖盘
1365,13:21:54,10.68,--,5,5340,卖盘
1366,13:21:51,10.68,--,2,2136,卖盘
1367,13:21:48,10.68,-0.01,1,1068,卖盘
1368,13:21:45,10.69,0.01,2,2138,买盘
1369,13:21:42,10.68,--,1,1068,卖盘
1370,13:21:39,10.68,--,303,323604,卖盘
1371,13:21:36,10.68,--,21,22428,卖盘
1372,13:21:30,10.68,-0.01,11,11748,卖盘
1373,13:21:24,10.69,0.01,10,10690,买盘
1374,13:21:21,10.68,-0.01,3,3204,卖盘
1375,13:21:18,10.69,0.01,301,321769,买盘
1376,13:21:15,10.68,-0.01,1,1068,卖盘
1377,13:21:09,10.69,0.01,60,64140,买盘
1378,13:21:06,10.68,--,2,2136,卖盘
1379,13:21:00,10.68,--,1,1068,卖盘
1380,13:20:48,10.68,-0.01,1,1068,卖盘
1381,13:20:45,10.69,0.01,2,2138,买盘
1382,13:20:42,10.68,--,14,14952,卖盘
1383,13:20:36,10.68,-0.01,17,18156,卖盘
1384,13:20:33,10.69,0.01,34,36346,买盘
1385,13:20:30,10.68,0.01,61,65148,买盘
1386,13:20:27,10.67,-0.01,5,5335,卖盘
1387,13:20:24,10.68,--,1,1068,买盘
1388,13:20:21,10.68,0.01,190,202920,买盘
1389,13:20:18,10.67,-0.01,57,60819,卖盘
1390,13:20:15,10.68,--,627,669636,买盘
1391,13:20:09,10.68,0.01,14,14952,买盘
1392,13:20:06,10.67,-0.01,1,1067,卖盘
1393,13:20:03,10.68,0.01,201,214668,买盘
1394,13:20:00,10.67,--,1,1067,卖盘
1395,13:19:57,10.67,-0.01,2,2134,卖盘
1396,13:19:54,10.68,0.01,5,5340,买盘
1397,13:19:51,10.67,--,100,106700,卖盘
1398,13:19:48,10.67,-0.01,1,1067,卖盘
1399,13:19:45,10.68,0.01,12,12816,买盘
1400,13:19:42,10.67,-0.01,11,11737,卖盘
1401,13:19:39,10.68,0.01,192,205056,买盘
1402,13:19:36,10.67,-0.01,1,1067,卖盘
1403,13:19:33,10.68,--,1,1068,买盘
1404,13:19:30,10.68,0.01,8,8544,买盘
1405,13:19:27,10.67,-0.01,2,2134,卖盘
1406,13:19:24,10.68,--,1,1068,买盘
1407,13:19:18,10.68,0.01,22,23496,买盘
1408,13:19:15,10.67,-0.01,1,1067,卖盘
1409,13:19:12,10.68,0.01,84,89712,买盘
1410,13:19:06,10.67,-0.01,2,2134,卖盘
1411,13:19:03,10.68,0.01,15,16020,买盘
1412,13:19:00,10.67,--,1,1067,卖盘
1413,13:18:57,10.67,--,8,8536,卖盘
1414,13:18:54,10.67,--,1,1067,卖盘
1415,13:18:51,10.67,--,20,21340,卖盘
1416,13:18:48,10.67,--,1,1067,卖盘
1417,13:18:45,10.67,--,2,2134,卖盘
1418,13:18:36,10.67,-0.01,1,1067,卖盘
1419,13:18:33,10.68,0.01,33,35244,买盘
1420,13:18:27,10.67,-0.01,1,1067,卖盘
1421,13:18:21,10.68,0.01,39,41652,买盘
1422,13:18:18,10.67,--,1,1067,卖盘
1423,13:18:15,10.67,--,1,1067,卖盘
1424,13:18:06,10.67,-0.01,2,2134,卖盘
1425,13:18:03,10.68,0.01,1,1068,买盘
1426,13:18:00,10.67,--,14,14938,卖盘
1427,13:17:57,10.67,--,2,2134,卖盘
1428,13:17:54,10.67,--,64,68288,卖盘
1429,13:17:48,10.67,-0.01,1,1067,卖盘
1430,13:17:45,10.68,0.01,1,1068,买盘
1431,13:17:39,10.67,--,273,291291,卖盘
1432,13:17:36,10.67,-0.01,1,1067,卖盘
1433,13:17:33,10.68,0.01,1,1068,买盘
1434,13:17:30,10.67,--,3,3201,卖盘
1435,13:17:27,10.67,-0.01,22,23474,卖盘
1436,13:17:24,10.68,0.01,1,1068,买盘
1437,13:17:21,10.67,--,2,2134,卖盘
1438,13:17:18,10.67,--,16,17072,卖盘
1439,13:17:09,10.67,--,3,3201,卖盘
1440,13:17:06,10.67,-0.01,1,1067,卖盘
1441,13:17:03,10.68,0.01,13,13884,买盘
1442,13:17:00,10.67,--,3,3201,卖盘
1443,13:16:57,10.67,--,2,2134,卖盘
1444,13:16:54,10.67,-0.01,31,33077,卖盘
1445,13:16:51,10.68,0.01,8,8544,买盘
1446,13:16:48,10.67,-0.01,1,1067,卖盘
1447,13:16:45,10.68,--,1,1068,买盘
1448,13:16:39,10.68,--,20,21360,买盘
1449,13:16:33,10.68,0.01,1,1068,买盘
1450,13:16:27,10.67,-0.01,1,1067,卖盘
1451,13:16:24,10.68,0.01,1,1068,买盘
1452,13:16:15,10.67,--,1,1067,卖盘
1453,13:16:12,10.67,-0.01,12,12804,卖盘
1454,13:16:06,10.68,--,1,1068,买盘
1455,13:16:03,10.68,0.01,1,1068,买盘
1456,13:16:00,10.67,--,15,16005,卖盘
1457,13:15:57,10.67,-0.01,2,2134,卖盘
1458,13:15:54,10.68,0.01,101,107868,买盘
1459,13:15:48,10.67,--,3,3201,卖盘
1460,13:15:45,10.67,-0.01,20,21340,卖盘
1461,13:15:33,10.68,0.01,1,1068,买盘
1462,13:15:27,10.67,-0.01,1,1067,卖盘
1463,13:15:24,10.68,0.01,1,1068,买盘
1464,13:15:18,10.67,--,8,8536,卖盘
1465,13:15:12,10.67,-0.01,40,42680,卖盘
1466,13:15:09,10.68,--,31,33108,买盘
1467,13:15:06,10.68,0.01,1,1068,买盘
1468,13:15:00,10.67,--,1,1067,卖盘
1469,13:14:57,10.67,-0.01,2,2134,卖盘
1470,13:14:45,10.68,0.01,1,1068,买盘
1471,13:14:42,10.67,-0.01,14,14938,卖盘
1472,13:14:36,10.68,--,22,23496,买盘
1473,13:14:33,10.68,--,20,21573,卖盘
1474,13:14:27,10.68,--,74,79032,卖盘
1475,13:14:21,10.68,--,13,13884,卖盘
1476,13:14:15,10.68,-0.01,32,34176,卖盘
1477,13:14:12,10.69,--,2,2138,买盘
1478,13:14:06,10.69,0.01,1,1069,买盘
1479,13:14:00,10.68,--,18,19224,卖盘
1480,13:13:57,10.68,--,27,28836,卖盘
1481,13:13:54,10.68,-0.01,43,45924,卖盘
1482,13:13:48,10.69,--,60,64140,买盘
1483,13:13:45,10.69,--,1,1069,买盘
1484,13:13:39,10.69,0.01,1,1069,买盘
1485,13:13:36,10.68,--,15,16020,卖盘
1486,13:13:33,10.68,-0.01,13,13884,卖盘
1487,13:13:24,10.69,--,127,135763,买盘
1488,13:13:18,10.69,--,26,27794,买盘
1489,13:13:15,10.69,0.01,10,10690,买盘
1490,13:13:12,10.68,--,13,13884,卖盘
1491,13:13:09,10.68,--,32,34176,卖盘
1492,13:13:06,10.68,--,8,8544,卖盘
1493,13:13:03,10.68,--,5,5340,卖盘
1494,13:13:00,10.68,--,42,44856,卖盘
1495,13:12:57,10.68,--,32,34176,卖盘
1496,13:12:54,10.68,--,16,17088,卖盘
1497,13:12:51,10.68,--,15,16020,卖盘
1498,13:12:48,10.68,-0.01,8,8544,卖盘
1499,13:12:45,10.69,0.01,1,1069,买盘
1500,13:12:36,10.68,-0.01,31,33108,卖盘
1501,13:12:33,10.69,0.01,33,35277,买盘
1502,13:12:27,10.68,-0.01,14,14952,卖盘
1503,13:12:24,10.69,--,1,1069,买盘
1504,13:12:06,10.69,--,1,1069,买盘
1505,13:12:03,10.69,0.01,1,1069,买盘
1506,13:12:00,10.68,-0.01,3,3204,卖盘
1507,13:11:54,10.69,0.01,242,258698,买盘
1508,13:11:51,10.68,-0.01,11,11748,卖盘
1509,13:11:45,10.69,--,5,5345,买盘
1510,13:11:36,10.69,0.01,232,248008,买盘
1511,13:11:33,10.68,-0.01,13,13884,卖盘
1512,13:11:24,10.69,--,1,1069,买盘
1513,13:11:15,10.69,0.01,2,2138,买盘
1514,13:11:12,10.68,-0.01,11,11748,卖盘
1515,13:11:06,10.69,--,6,6414,买盘
1516,13:11:00,10.69,0.01,4,4276,买盘
1517,13:10:57,10.68,--,12,12816,卖盘
1518,13:10:51,10.68,-0.01,11,11748,卖盘
1519,13:10:45,10.69,--,1,1069,买盘
1520,13:10:39,10.69,0.01,5,5345,买盘
1521,13:10:33,10.68,--,93,99324,卖盘
1522,13:10:30,10.68,--,482,514776,卖盘
1523,13:10:27,10.68,-0.01,2,2136,卖盘
1524,13:10:24,10.69,--,1,1069,买盘
1525,13:10:21,10.69,0.01,2,2138,买盘
1526,13:10:06,10.68,-0.01,10,10680,卖盘
1527,13:10:03,10.69,0.01,11,11759,买盘
1528,13:10:00,10.68,--,1,1068,卖盘
1529,13:09:57,10.68,-0.01,3,3204,卖盘
1530,13:09:51,10.69,--,2,2138,买盘
1531,13:09:48,10.69,--,9,9621,买盘
1532,13:09:45,10.69,--,11,11759,买盘
1533,13:09:33,10.69,0.01,1,1069,买盘
1534,13:09:27,10.68,-0.01,49,52332,卖盘
1535,13:09:24,10.69,--,1,1069,买盘
1536,13:09:18,10.69,--,57,60933,买盘
1537,13:09:06,10.69,--,1,1069,买盘
1538,13:09:03,10.69,0.01,15,16035,买盘
1539,13:09:00,10.68,-0.01,1,1068,卖盘
1540,13:08:57,10.69,0.01,37,39553,买盘
1541,13:08:54,10.68,--,1,1068,卖盘
1542,13:08:51,10.68,-0.01,33,35244,卖盘
1543,13:08:33,10.69,--,13,13897,买盘
1544,13:08:30,10.69,0.01,1,1069,买盘
1545,13:08:27,10.68,-0.01,3,3204,卖盘
1546,13:08:24,10.69,--,26,27794,买盘
1547,13:08:15,10.69,0.01,15,16035,买盘
1548,13:08:12,10.68,-0.01,20,21360,卖盘
1549,13:08:09,10.69,--,10,10690,买盘
1550,13:08:06,10.69,--,66,70554,买盘
1551,13:08:03,10.69,0.01,1,1069,买盘
1552,13:08:00,10.68,--,3,3204,卖盘
1553,13:07:57,10.68,-0.01,12,12816,卖盘
1554,13:07:45,10.69,--,1,1069,买盘
1555,13:07:39,10.69,0.01,10,10690,买盘
1556,13:07:36,10.68,-0.01,12,12816,卖盘
1557,13:07:33,10.69,--,4,4276,买盘
1558,13:07:30,10.69,0.01,2,2138,买盘
1559,13:07:27,10.68,-0.01,1,1068,卖盘
1560,13:07:15,10.69,--,18,19242,买盘
1561,13:07:09,10.69,--,10,10690,买盘
1562,13:07:06,10.69,--,1,1069,买盘
1563,13:07:03,10.69,0.01,33,35277,买盘
1564,13:07:00,10.68,--,3,3204,卖盘
1565,13:06:57,10.68,--,12,12816,卖盘
1566,13:06:54,10.68,-0.01,11,11748,卖盘
1567,13:06:48,10.69,--,11,11759,买盘
1568,13:06:45,10.69,0.01,1,1069,买盘
1569,13:06:36,10.68,-0.01,11,11748,卖盘
1570,13:06:33,10.69,--,1,1069,买盘
1571,13:06:30,10.69,0.01,2,2138,买盘
1572,13:06:27,10.68,-0.01,31,33108,卖盘
1573,13:06:24,10.69,--,9,9621,买盘
1574,13:06:18,10.69,0.01,20,21380,买盘
1575,13:06:15,10.68,-0.01,130,138840,卖盘
1576,13:06:12,10.69,--,24,25656,买盘
1577,13:06:03,10.69,--,1,1069,买盘
1578,13:06:00,10.69,0.01,3,3207,买盘
1579,13:05:57,10.68,-0.01,1,1068,卖盘
1580,13:05:54,10.69,0.01,20,21380,买盘
1581,13:05:51,10.68,-0.01,33,35244,卖盘
1582,13:05:48,10.69,--,289,308941,买盘
1583,13:05:45,10.69,--,1,1069,买盘
1584,13:05:42,10.69,--,5,5345,买盘
1585,13:05:39,10.69,--,19,20311,买盘
1586,13:05:33,10.69,--,12,12828,买盘
1587,13:05:30,10.69,0.01,36,38484,买盘
1588,13:05:27,10.68,-0.01,1,1068,卖盘
1589,13:05:24,10.69,--,1,1069,买盘
1590,13:05:21,10.69,--,3,3207,买盘
1591,13:05:18,10.69,--,20,21380,买盘
1592,13:05:12,10.69,0.01,36,38484,买盘
1593,13:05:09,10.68,-0.01,31,33108,卖盘
1594,13:05:06,10.69,--,1,1069,买盘
1595,13:05:03,10.69,--,1,1069,买盘
1596,13:05:00,10.69,0.01,53,56657,买盘
1597,13:04:57,10.68,--,2,2136,卖盘
1598,13:04:51,10.68,-0.01,11,11748,卖盘
1599,13:04:48,10.69,--,26,27794,买盘
1600,13:04:45,10.69,0.01,83,88727,买盘
1601,13:04:33,10.68,--,3,3204,卖盘
1602,13:04:27,10.68,-0.01,3,3204,卖盘
1603,13:04:24,10.69,0.01,17,18173,买盘
1604,13:04:18,10.68,-0.01,9,9612,卖盘
1605,13:04:09,10.69,--,2,2138,买盘
1606,13:04:06,10.69,0.01,1,1069,买盘
1607,13:04:03,10.68,--,59,63012,卖盘
1608,13:04:00,10.68,--,1,1068,卖盘
1609,13:03:57,10.68,--,1,1068,卖盘
1610,13:03:54,10.68,-0.01,7,7476,卖盘
1611,13:03:48,10.69,--,37,39553,买盘
1612,13:03:45,10.69,--,22,23518,买盘
1613,13:03:36,10.69,--,1,1069,买盘
1614,13:03:33,10.69,--,2,2138,买盘
1615,13:03:30,10.69,0.01,140,149660,买盘
1616,13:03:27,10.68,--,1,1068,卖盘
1617,13:03:21,10.68,--,12,12816,卖盘
1618,13:03:15,10.68,-0.01,11,11748,卖盘
1619,13:03:09,10.69,0.01,30,32070,买盘
1620,13:03:06,10.68,-0.01,22,23496,卖盘
1621,13:03:03,10.69,--,1,1069,买盘
1622,13:03:00,10.69,0.01,6,6414,买盘
1623,13:02:57,10.68,-0.01,1,1068,卖盘
1624,13:02:45,10.69,--,1,1069,买盘
1625,13:02:33,10.69,0.01,20,21380,买盘
1626,13:02:27,10.68,-0.01,55,58740,卖盘
1627,13:02:24,10.69,--,1,1069,买盘
1628,13:02:21,10.69,0.01,9,9621,买盘
1629,13:02:18,10.68,-0.01,16,17088,卖盘
1630,13:02:15,10.69,0.01,10,10690,买盘
1631,13:02:06,10.68,--,33,35244,卖盘
1632,13:02:03,10.68,-0.01,33,35244,卖盘
1633,13:02:00,10.69,0.01,6,6414,买盘
1634,13:01:57,10.68,--,2,2136,卖盘
1635,13:01:54,10.68,--,8,8544,卖盘
1636,13:01:48,10.68,--,9,9612,卖盘
1637,13:01:42,10.68,-0.01,5,5340,卖盘
1638,13:01:39,10.69,0.01,49,52381,买盘
1639,13:01:27,10.68,-0.01,12,12816,卖盘
1640,13:01:24,10.69,--,1,1069,买盘
1641,13:01:21,10.69,0.01,11,11759,买盘
1642,13:01:12,10.68,-0.01,55,58740,卖盘
1643,13:01:09,10.69,--,5,5345,买盘
1644,13:01:06,10.69,0.01,1,1069,买盘
1645,13:01:00,10.68,--,10,10680,卖盘
1646,13:00:57,10.68,--,60,64080,卖盘
1647,13:00:51,10.68,-0.01,487,520116,卖盘
1648,13:00:45,10.69,--,4,4276,买盘
1649,13:00:39,10.69,--,10,10690,买盘
1650,13:00:36,10.69,0.01,36,38484,买盘
1651,13:00:27,10.68,--,4,4272,卖盘
1652,13:00:24,10.68,--,3,3204,卖盘
1653,13:00:15,10.68,--,2,2136,卖盘
1654,13:00:12,10.68,--,23,24564,卖盘
1655,13:00:06,10.68,--,65,69420,卖盘
1656,13:00:03,10.68,--,537,573516,卖盘
1657,13:00:00,10.68,--,0,0,卖盘
1658,11:30:00,10.68,-0.01,52,55536,卖盘
1659,11:29:57,10.69,0.01,502,536638,买盘
1660,11:29:51,10.68,-0.01,11,11748,卖盘
1661,11:29:42,10.69,--,10,10690,买盘
1662,11:29:33,10.69,--,24,25656,买盘
1663,11:29:24,10.69,0.01,1,1069,买盘
1664,11:29:21,10.68,--,15,16020,卖盘
1665,11:29:15,10.68,--,20,21360,卖盘
1666,11:29:12,10.68,--,10,10680,卖盘
1667,11:28:57,10.68,-0.01,3,3204,卖盘
1668,11:28:51,10.69,--,77,82313,买盘
1669,11:28:45,10.69,--,1,1069,买盘
1670,11:28:42,10.69,--,102,109038,买盘
1671,11:28:39,10.69,0.01,1771,1893199,买盘
1672,11:28:27,10.68,--,1,1068,卖盘
1673,11:28:24,10.68,--,11,11748,卖盘
1674,11:28:06,10.68,-0.01,108,115344,卖盘
1675,11:28:03,10.69,0.01,1,1069,买盘
1676,11:27:57,10.68,--,2,2136,卖盘
1677,11:27:51,10.68,--,1,1068,卖盘
1678,11:27:48,10.68,--,12,12816,卖盘
1679,11:27:45,10.68,--,12,12816,卖盘
1680,11:27:36,10.68,--,49,52332,卖盘
1681,11:27:33,10.68,--,94,100392,卖盘
1682,11:27:27,10.68,-0.01,28,29904,卖盘
1683,11:27:24,10.69,0.01,3,3207,买盘
1684,11:27:18,10.68,-0.01,11,11748,卖盘
1685,11:27:06,10.69,--,30,32070,买盘
1686,11:27:03,10.69,0.01,41,43829,买盘
1687,11:27:00,10.68,--,11,11748,卖盘
1688,11:26:57,10.68,-0.01,29,30972,卖盘
1689,11:26:45,10.69,--,2,2138,买盘
1690,11:26:42,10.69,--,1,1069,买盘
1691,11:26:39,10.69,0.01,25,26725,买盘
1692,11:26:33,10.68,--,16,17088,卖盘
1693,11:26:27,10.68,-0.01,1,1068,卖盘
1694,11:26:21,10.69,0.01,48,51312,买盘
1695,11:26:09,10.68,--,86,91848,卖盘
1696,11:26:06,10.68,-0.01,16,17088,卖盘
1697,11:26:03,10.69,0.01,1,1069,买盘
1698,11:26:00,10.68,--,28,29904,卖盘
1699,11:25:57,10.68,--,1,1068,卖盘
1700,11:25:54,10.68,--,19,20292,卖盘
1701,11:25:51,10.68,-0.01,11,11748,卖盘
1702,11:25:48,10.69,0.01,32,34208,买盘
1703,11:25:45,10.68,-0.01,50,54254,卖盘
1704,11:25:42,10.69,0.01,1,1069,买盘
1705,11:25:36,10.68,--,19,20292,卖盘
1706,11:25:30,10.68,--,11,11748,卖盘
1707,11:25:27,10.68,-0.01,17,18156,卖盘
1708,11:25:24,10.69,0.01,1,1069,买盘
1709,11:25:09,10.68,--,11,11748,卖盘
1710,11:25:06,10.68,--,11,11748,卖盘
1711,11:24:57,10.68,-0.01,53,56604,卖盘
1712,11:24:54,10.69,0.01,5,5345,买盘
1713,11:24:48,10.68,-0.01,52,55536,卖盘
1714,11:24:45,10.69,--,175,187075,买盘
1715,11:24:42,10.69,0.01,1,1069,买盘
1716,11:24:39,10.68,--,16,17088,卖盘
1717,11:24:36,10.68,--,13,13884,卖盘
1718,11:24:27,10.68,-0.01,18,19224,卖盘
1719,11:24:24,10.69,0.01,1,1069,买盘
1720,11:24:21,10.68,--,11,11748,卖盘
1721,11:24:18,10.68,-0.01,22,23496,卖盘
1722,11:24:15,10.69,--,100,106900,买盘
1723,11:24:12,10.69,--,20,21380,买盘
1724,11:24:03,10.69,--,11,11759,买盘
1725,11:23:57,10.69,0.01,3,3207,买盘
1726,11:23:54,10.68,-0.01,30,32040,卖盘
1727,11:23:42,10.69,0.01,1,1069,买盘
1728,11:23:36,10.68,-0.01,11,11748,卖盘
1729,11:23:33,10.69,--,57,60933,买盘
1730,11:23:30,10.69,0.01,9,9621,买盘
1731,11:23:27,10.68,--,1,1068,卖盘
1732,11:23:21,10.68,-0.01,20,21360,卖盘
1733,11:23:15,10.69,0.01,8,8552,买盘
1734,11:23:12,10.68,-0.01,11,11748,卖盘
1735,11:23:03,10.69,--,1,1069,买盘
1736,11:23:00,10.69,0.01,9,9621,买盘
1737,11:22:57,10.68,-0.01,1,1068,卖盘
1738,11:22:54,10.69,0.01,9,9621,买盘
1739,11:22:51,10.68,-0.01,16,17088,卖盘
1740,11:22:42,10.69,--,11,11759,买盘
1741,11:22:39,10.69,0.01,50,53450,买盘
1742,11:22:30,10.68,--,19,20292,卖盘
1743,11:22:27,10.68,-0.01,6,6408,卖盘
1744,11:22:24,10.69,0.01,1,1069,买盘
1745,11:22:15,10.68,--,21,22428,卖盘
1746,11:22:12,10.68,-0.01,10,10680,卖盘
1747,11:22:09,10.69,0.01,50,53450,买盘
1748,11:21:57,10.68,-0.01,2,2136,卖盘
1749,11:21:54,10.69,0.01,10,10690,买盘
1750,11:21:51,10.68,-0.01,21,22428,卖盘
1751,11:21:42,10.69,0.01,1,1069,买盘
1752,11:21:30,10.68,--,10,10680,卖盘
1753,11:21:24,10.68,--,11,11748,卖盘
1754,11:21:09,10.68,-0.01,1,1068,卖盘
1755,11:21:03,10.69,0.01,1,1069,买盘
1756,11:21:00,10.68,--,7,7476,卖盘
1757,11:20:57,10.68,--,7,7476,卖盘
1758,11:20:51,10.68,-0.01,10,10680,卖盘
1759,11:20:42,10.69,0.01,48,51312,买盘
1760,11:20:39,10.68,--,10,10680,卖盘
1761,11:20:36,10.68,--,22,23496,卖盘
1762,11:20:30,10.68,--,11,11748,卖盘
1763,11:20:27,10.68,-0.01,229,244572,卖盘
1764,11:20:24,10.69,--,531,567639,卖盘
1765,11:20:18,10.69,--,50,53450,卖盘
1766,11:20:12,10.69,-0.01,12,12828,卖盘
1767,11:20:03,10.7,0.01,1,1070,买盘
1768,11:19:54,10.69,--,11,11759,卖盘
1769,11:19:51,10.69,-0.01,1,1069,卖盘
1770,11:19:42,10.7,0.01,1,1070,买盘
1771,11:19:33,10.69,--,10,10690,卖盘
1772,11:19:30,10.69,-0.01,40,42760,卖盘
1773,11:19:21,10.7,0.02,48,51360,买盘
1774,11:19:12,10.68,-0.02,11,11748,卖盘
1775,11:19:09,10.7,0.01,32,34240,买盘
1776,11:19:06,10.69,--,16,17104,买盘
1777,11:19:03,10.69,--,9,9621,买盘
1778,11:19:00,10.69,--,90,96210,卖盘
1779,11:18:57,10.69,--,6,6414,卖盘
1780,11:18:48,10.69,-0.01,12,12828,卖盘
1781,11:18:42,10.7,--,1,1070,买盘
1782,11:18:39,10.7,0.01,15,16049,买盘
1783,11:18:36,10.69,-0.01,40,42760,卖盘
1784,11:18:33,10.7,0.01,1,1070,买盘
1785,11:18:30,10.69,-0.01,11,11759,卖盘
1786,11:18:24,10.7,--,1,1070,买盘
1787,11:18:12,10.7,0.01,1,1070,买盘
1788,11:18:09,10.69,--,10,10690,卖盘
1789,11:18:03,10.69,--,45,48105,买盘
1790,11:18:00,10.69,--,48,51312,买盘
1791,11:17:57,10.69,0.01,5,5345,买盘
1792,11:17:51,10.68,-0.01,22,23496,卖盘
1793,11:17:42,10.69,0.01,2,2138,买盘
1794,11:17:33,10.68,--,13,13884,卖盘
1795,11:17:30,10.68,--,23,24564,卖盘
1796,11:17:27,10.68,-0.01,40,42720,卖盘
1797,11:17:24,10.69,0.01,1,1069,买盘
1798,11:17:18,10.68,-0.01,18,19224,卖盘
1799,11:17:12,10.69,--,20,21380,买盘
1800,11:17:09,10.69,--,4,4276,买盘
1801,11:17:03,10.69,0.01,1,1069,买盘
1802,11:16:54,10.68,--,10,10680,卖盘
1803,11:16:45,10.68,--,32,34176,卖盘
1804,11:16:39,10.68,--,27,28836,卖盘
1805,11:16:36,10.68,-0.01,50,53400,卖盘
1806,11:16:33,10.69,0.01,59,63071,买盘
1807,11:16:30,10.68,--,10,10680,卖盘
1808,11:16:27,10.68,-0.01,10,10680,卖盘
1809,11:16:24,10.69,0.01,11,11759,买盘
1810,11:16:21,10.68,--,22,23496,卖盘
1811,11:16:12,10.68,-0.01,81,86508,卖盘
1812,11:16:06,10.69,--,10,10690,买盘
1813,11:16:03,10.69,0.01,5,5345,买盘
1814,11:15:51,10.68,-0.02,11,11748,卖盘
1815,11:15:42,10.7,--,1,1070,买盘
1816,11:15:36,10.7,0.02,32,34240,买盘
1817,11:15:33,10.68,-0.01,16,17088,卖盘
1818,11:15:24,10.69,--,1,1069,买盘
1819,11:15:15,10.69,0.02,65,69485,买盘
1820,11:15:09,10.67,--,10,10670,卖盘
1821,11:15:06,10.67,-0.02,105,112035,卖盘
1822,11:14:57,10.69,0.02,4,4276,买盘
1823,11:14:51,10.67,--,36,38412,卖盘
1824,11:14:48,10.67,-0.02,11,11737,卖盘
1825,11:14:42,10.69,--,1,1069,买盘
1826,11:14:36,10.69,0.01,48,51312,买盘
1827,11:14:33,10.68,--,584,623712,卖盘
1828,11:14:30,10.68,--,10,10680,卖盘
1829,11:14:27,10.68,-0.01,6,6408,卖盘
1830,11:14:24,10.69,0.01,8,8552,买盘
1831,11:14:21,10.68,-0.01,26,27768,卖盘
1832,11:14:18,10.69,--,2,2138,买盘
1833,11:14:15,10.69,--,47,50243,卖盘
1834,11:14:09,10.69,--,11,11759,卖盘
1835,11:14:06,10.69,-0.01,67,71623,卖盘
1836,11:14:03,10.7,--,1,1070,买盘
1837,11:13:54,10.7,--,4,4280,买盘
1838,11:13:51,10.7,0.01,2,2140,买盘
1839,11:13:48,10.69,--,21,22449,卖盘
1840,11:13:45,10.69,--,40,42760,卖盘
1841,11:13:36,10.69,--,10,10690,卖盘
1842,11:13:33,10.69,-0.01,66,70554,卖盘
1843,11:13:24,10.7,0.01,1,1070,买盘
1844,11:13:21,10.69,--,10,10690,卖盘
1845,11:13:18,10.69,-0.01,38,40622,卖盘
1846,11:13:15,10.7,0.01,5,5350,买盘
1847,11:13:12,10.69,--,186,198834,卖盘
1848,11:13:09,10.69,-0.01,4,4276,卖盘
1849,11:13:03,10.7,0.01,8,8560,买盘
1850,11:13:00,10.69,--,58,62002,卖盘
1851,11:12:57,10.69,-0.01,32,34208,卖盘
1852,11:12:51,10.7,--,40,42800,买盘
1853,11:12:48,10.7,--,4,4280,买盘
1854,11:12:42,10.7,0.01,1,1070,买盘
1855,11:12:36,10.69,-0.01,32,34208,卖盘
1856,11:12:33,10.7,--,26,27819,卖盘
1857,11:12:30,10.7,--,49,52430,卖盘
1858,11:12:27,10.7,-0.01,1,1070,卖盘
1859,11:12:21,10.71,0.01,27,28917,买盘
1860,11:12:18,10.7,--,172,184040,卖盘
1861,11:12:15,10.7,--,32,34240,卖盘
1862,11:12:09,10.7,--,10,10700,卖盘
1863,11:12:06,10.7,-0.01,10,10700,卖盘
1864,11:12:03,10.71,0.01,1,1071,买盘
1865,11:12:00,10.7,--,40,42800,卖盘
1866,11:11:57,10.7,--,2,2140,卖盘
1867,11:11:48,10.7,--,10,10700,卖盘
1868,11:11:45,10.7,-0.01,60,64199,卖盘
1869,11:11:42,10.71,--,15,16065,买盘
1870,11:11:30,10.71,0.01,26,27846,买盘
1871,11:11:27,10.7,-0.01,45,48150,卖盘
1872,11:11:24,10.71,--,423,453033,卖盘
1873,11:11:18,10.71,--,7,7497,卖盘
1874,11:11:12,10.71,--,11,11781,卖盘
1875,11:11:09,10.71,--,10,10710,卖盘
1876,11:10:57,10.71,-0.01,11,11781,卖盘
1877,11:10:54,10.72,0.01,1,1072,买盘
1878,11:10:48,10.71,--,33,35343,卖盘
1879,11:10:45,10.71,-0.01,68,72828,卖盘
1880,11:10:42,10.72,--,1,1072,买盘
1881,11:10:36,10.72,--,4,4288,买盘
1882,11:10:33,10.72,0.02,48,51456,买盘
1883,11:10:30,10.7,--,298,318860,卖盘
1884,11:10:27,10.7,-0.02,241,257869,卖盘
1885,11:10:24,10.72,--,1,1072,买盘
1886,11:10:18,10.72,0.01,1,1072,买盘
1887,11:10:15,10.71,--,50,53550,卖盘
1888,11:10:03,10.71,--,11,11781,卖盘
1889,11:10:00,10.71,--,10,10710,卖盘
1890,11:09:57,10.71,--,1,1071,卖盘
1891,11:09:54,10.71,-0.01,11,11781,卖盘
1892,11:09:48,10.72,0.01,1,1072,买盘
1893,11:09:39,10.71,--,3,3213,卖盘
1894,11:09:36,10.71,-0.01,33,35343,卖盘
1895,11:09:33,10.72,0.01,4,4288,买盘
1896,11:09:27,10.71,-0.01,34,36414,卖盘
1897,11:09:24,10.72,0.01,6,6432,买盘
1898,11:09:18,10.71,-0.01,28,29988,卖盘
1899,11:09:03,10.72,0.01,9,9648,买盘
1900,11:09:00,10.71,--,71,76041,卖盘
1901,11:08:57,10.71,-0.01,2,2142,卖盘
1902,11:08:45,10.72,--,1,1072,买盘
1903,11:08:42,10.72,0.01,1,1072,买盘
1904,11:08:39,10.71,--,10,10710,卖盘
1905,11:08:36,10.71,-0.01,1,1071,卖盘
1906,11:08:33,10.72,0.01,1,1072,买盘
1907,11:08:27,10.71,--,31,33201,卖盘
1908,11:08:21,10.71,0.01,49,52479,买盘
1909,11:08:18,10.7,-0.01,7,7489,卖盘
1910,11:08:09,10.71,--,20,21420,买盘
1911,11:08:06,10.71,--,20,21420,买盘
1912,11:08:03,10.71,--,1,1071,买盘
1913,11:08:00,10.71,--,5,5355,买盘
1914,11:07:57,10.71,0.01,2,2142,买盘
1915,11:07:54,10.7,--,12,12840,卖盘
1916,11:07:51,10.7,-0.01,7,7489,卖盘
1917,11:07:45,10.71,--,1,1071,买盘
1918,11:07:42,10.71,--,1,1071,买盘
1919,11:07:36,10.71,-0.01,30,32130,中性盘
1920,11:07:33,10.72,--,33,35376,买盘
1921,11:07:27,10.72,0.01,4,4288,买盘
1922,11:07:24,10.71,--,6,6426,买盘
1923,11:07:21,10.71,--,14,14994,中性盘
1924,11:07:15,10.71,-0.01,10,10710,中性盘
1925,11:07:09,10.72,--,30,32160,买盘
1926,11:07:03,10.72,0.02,201,215472,买盘
1927,11:06:57,10.7,-0.01,11,11770,卖盘
1928,11:06:54,10.71,-0.01,2,2142,卖盘
1929,11:06:45,10.72,0.02,1,1072,买盘
1930,11:06:39,10.7,-0.02,10,10700,卖盘
1931,11:06:24,10.72,--,1,1072,买盘
1932,11:06:21,10.72,0.03,403,432016,买盘
1933,11:06:18,10.69,--,26,27794,卖盘
1934,11:06:15,10.69,-0.01,46,49174,卖盘
1935,11:06:12,10.7,-0.01,238,254659,卖盘
1936,11:06:06,10.71,--,216,231336,买盘
1937,11:06:03,10.71,0.01,6,6426,买盘
1938,11:05:57,10.7,--,10,10700,卖盘
1939,11:05:54,10.7,-0.01,11,11770,卖盘
1940,11:05:48,10.71,--,54,57834,买盘
1941,11:05:45,10.71,--,50,53550,买盘
1942,11:05:42,10.71,0.01,1,1071,买盘
1943,11:05:39,10.7,--,2,2140,卖盘
1944,11:05:36,10.7,-0.01,10,10700,卖盘
1945,11:05:27,10.71,--,24,25704,买盘
1946,11:05:21,10.71,0.01,4,4284,买盘
1947,11:05:18,10.7,--,20,21400,卖盘
1948,11:05:12,10.7,--,24,25680,卖盘
1949,11:05:06,10.7,--,38,40660,卖盘
1950,11:05:03,10.7,--,55,58849,卖盘
1951,11:05:00,10.7,--,1,1070,卖盘
1952,11:04:57,10.7,-0.01,15,16049,卖盘
1953,11:04:45,10.71,--,40,42840,买盘
1954,11:04:42,10.71,--,31,33201,买盘
1955,11:04:39,10.71,--,6,6426,买盘
1956,11:04:30,10.71,0.01,13,13923,买盘
1957,11:04:24,10.7,-0.01,11,11770,卖盘
1958,11:04:06,10.71,0.01,6,6426,卖盘
1959,11:04:00,10.7,-0.01,98,104860,卖盘
1960,11:03:51,10.71,-0.01,209,223839,卖盘
1961,11:03:45,10.72,--,1,1072,买盘
1962,11:03:42,10.72,0.01,1,1072,买盘
1963,11:03:39,10.71,--,11,11781,卖盘
1964,11:03:33,10.71,--,107,114597,卖盘
1965,11:03:30,10.71,-0.01,50,53550,卖盘
1966,11:03:24,10.72,0.01,10,10720,买盘
1967,11:03:21,10.71,--,43,46053,卖盘
1968,11:03:18,10.71,--,28,29988,卖盘
1969,11:03:12,10.71,--,415,444465,卖盘
1970,11:03:09,10.71,--,1,1071,卖盘
1971,11:03:06,10.71,-0.01,68,72828,卖盘
1972,11:03:03,10.72,--,33,35376,买盘
1973,11:03:00,10.72,0.01,51,54672,买盘
1974,11:02:54,10.71,--,30,32130,卖盘
1975,11:02:51,10.71,-0.01,8,8568,卖盘
1976,11:02:48,10.72,0.01,300,321600,买盘
1977,11:02:45,10.71,--,26,27846,卖盘
1978,11:02:42,10.71,--,168,179928,卖盘
1979,11:02:36,10.71,-0.01,7,7497,卖盘
1980,11:02:30,10.72,0.01,123,131856,买盘
1981,11:02:27,10.71,-0.01,8,8568,卖盘
1982,11:02:24,10.72,0.01,1,1072,买盘
1983,11:02:21,10.71,--,11,11781,卖盘
1984,11:02:15,10.71,-0.01,46,49266,卖盘
1985,11:02:12,10.72,--,21,22512,买盘
1986,11:02:09,10.72,--,69,73968,买盘
1987,11:02:03,10.72,0.01,1,1072,买盘
1988,11:02:00,10.71,--,18,19278,卖盘
1989,11:01:57,10.71,-0.01,4,4284,卖盘
1990,11:01:54,10.72,--,4,4288,买盘
1991,11:01:45,10.72,--,20,21440,买盘
1992,11:01:42,10.72,0.01,11,11792,买盘
1993,11:01:33,10.71,-0.01,6,6426,卖盘
1994,11:01:24,10.72,--,3,3216,买盘
1995,11:01:21,10.72,0.01,32,34304,买盘
1996,11:01:18,10.71,--,5,5355,卖盘
1997,11:01:03,10.71,--,19,20349,卖盘
1998,11:01:00,10.71,-0.01,10,10710,卖盘
1999,11:00:57,10.72,0.01,104,111488,买盘
2000,11:00:51,10.71,-0.01,17,18207,卖盘
2001,11:00:45,10.72,--,1,1072,买盘
2002,11:00:42,10.72,0.02,38,40736,买盘
2003,11:00:39,10.7,-0.01,12,12840,卖盘
2004,11:00:36,10.71,--,10,10710,买盘
2005,11:00:24,10.71,0.01,1,1071,买盘
2006,11:00:21,10.7,-0.01,11,11770,卖盘
2007,11:00:18,10.71,0.01,1,1071,买盘
2008,11:00:09,10.7,--,42,44940,卖盘
2009,11:00:06,10.7,--,68,72760,卖盘
2010,11:00:03,10.7,-0.01,30,32099,卖盘
2011,10:59:57,10.71,0.01,16,17136,买盘
2012,10:59:54,10.7,-0.01,1,1070,卖盘
2013,10:59:51,10.71,0.01,4,4284,买盘
2014,10:59:48,10.7,--,30,32099,卖盘
2015,10:59:45,10.7,-0.01,16,17120,卖盘
2016,10:59:42,10.71,--,62,66402,买盘
2017,10:59:33,10.71,0.01,1,1071,买盘
2018,10:59:30,10.7,--,18,19260,卖盘
2019,10:59:27,10.7,-0.01,12,12840,卖盘
2020,10:59:24,10.71,--,1,1071,买盘
2021,10:59:21,10.71,--,60,64260,买盘
2022,10:59:18,10.71,-0.01,11,11781,卖盘
2023,10:59:15,10.72,0.01,154,165088,买盘
2024,10:59:09,10.71,-0.01,11,11781,卖盘
2025,10:59:03,10.72,--,9,9648,买盘
2026,10:58:45,10.72,--,53,56816,买盘
2027,10:58:42,10.72,0.01,2,2144,买盘
2028,10:58:39,10.71,--,46,49266,卖盘
2029,10:58:36,10.71,-0.01,5,5355,卖盘
2030,10:58:33,10.72,0.01,101,108272,买盘
2031,10:58:27,10.71,-0.01,165,176715,卖盘
2032,10:58:24,10.72,--,20,21440,买盘
2033,10:58:21,10.72,--,13,14986,卖盘
2034,10:58:18,10.72,--,5,5360,卖盘
2035,10:58:12,10.72,--,60,64320,卖盘
2036,10:58:09,10.72,-0.01,10,10720,卖盘
2037,10:58:06,10.73,0.01,26,27898,买盘
2038,10:58:03,10.72,--,4,4288,卖盘
2039,10:58:00,10.72,--,33,35376,卖盘
2040,10:57:57,10.72,--,52,55744,卖盘
2041,10:57:54,10.72,--,6,6432,卖盘
2042,10:57:51,10.72,--,100,107200,卖盘
2043,10:57:48,10.72,--,43,46096,卖盘
2044,10:57:45,10.72,-0.01,37,39664,卖盘
2045,10:57:42,10.73,--,2,2146,买盘
2046,10:57:36,10.73,--,4,4292,买盘
2047,10:57:33,10.73,0.01,8,8584,买盘
2048,10:57:30,10.72,-0.01,11,11792,卖盘
2049,10:57:24,10.73,--,1,1073,买盘
2050,10:57:21,10.73,--,4,4292,买盘
2051,10:57:18,10.73,0.01,4,4292,买盘
2052,10:57:12,10.72,-0.01,11,11792,卖盘
2053,10:57:09,10.73,0.01,100,107300,买盘
2054,10:57:06,10.72,-0.01,129,138288,卖盘
2055,10:57:03,10.73,--,235,252155,买盘
2056,10:57:00,10.73,--,10,10730,买盘
2057,10:56:57,10.73,--,35,37555,买盘
2058,10:56:54,10.73,--,200,215243,卖盘
2059,10:56:51,10.73,--,52,55796,卖盘
2060,10:56:48,10.73,-0.01,334,358382,卖盘
2061,10:56:42,10.74,0.01,7,7518,买盘
2062,10:56:39,10.73,--,205,219965,卖盘
2063,10:56:36,10.73,--,25,26825,卖盘
2064,10:56:33,10.73,-0.01,17,18241,卖盘
2065,10:56:30,10.74,0.01,9,9666,买盘
2066,10:56:27,10.73,--,220,236060,卖盘
2067,10:56:24,10.73,--,46,49358,卖盘
2068,10:56:18,10.73,--,222,238206,卖盘
2069,10:56:12,10.73,-0.01,30,32190,卖盘
2070,10:56:09,10.74,0.01,60,64440,买盘
2071,10:56:06,10.73,--,205,219965,卖盘
2072,10:56:03,10.73,--,27,28971,卖盘
2073,10:56:00,10.73,--,11,11803,卖盘
2074,10:55:57,10.73,--,81,86913,卖盘
2075,10:55:54,10.73,--,8,8584,卖盘
2076,10:55:45,10.73,--,182,195715,买盘
2077,10:55:42,10.73,--,12,12876,买盘
2078,10:55:39,10.73,0.01,151,162023,买盘
2079,10:55:36,10.72,-0.01,7,7504,卖盘
2080,10:55:33,10.73,0.01,2,2146,买盘
2081,10:55:30,10.72,-0.01,12,12864,卖盘
2082,10:55:27,10.73,--,46,49358,买盘
2083,10:55:24,10.73,0.01,15,16095,买盘
2084,10:55:21,10.72,--,17,18224,卖盘
2085,10:55:18,10.72,--,11,11792,卖盘
2086,10:55:15,10.72,-0.01,41,43952,卖盘
2087,10:55:12,10.73,--,10,10730,买盘
2088,10:55:09,10.73,0.01,34,36482,买盘
2089,10:55:06,10.72,-0.01,344,368768,卖盘
2090,10:55:03,10.73,0.01,2,2146,买盘
2091,10:54:57,10.72,--,12,12864,卖盘
2092,10:54:54,10.72,-0.01,2,2144,卖盘
2093,10:54:51,10.73,0.01,41,43993,买盘
2094,10:54:48,10.72,-0.01,485,519920,卖盘
2095,10:54:42,10.73,--,134,143782,买盘
2096,10:54:33,10.73,0.01,32,34336,买盘
2097,10:54:30,10.72,--,10,10720,卖盘
2098,10:54:27,10.72,--,52,55744,卖盘
2099,10:54:24,10.72,-0.01,10,10720,卖盘
2100,10:54:18,10.73,--,4,4292,买盘
2101,10:54:15,10.73,0.01,17,18241,买盘
2102,10:54:12,10.72,-0.01,12,12864,卖盘
2103,10:54:09,10.73,-0.01,98,105154,卖盘
2104,10:54:06,10.74,--,26,27924,买盘
2105,10:54:03,10.74,0.01,34,36516,买盘
2106,10:53:57,10.73,--,3,3219,卖盘
2107,10:53:54,10.73,-0.01,11,11803,卖盘
2108,10:53:48,10.74,0.01,51,54774,买盘
2109,10:53:45,10.73,-0.01,319,342287,卖盘
2110,10:53:42,10.74,0.01,22,23628,买盘
2111,10:53:39,10.73,--,50,53650,卖盘
2112,10:53:36,10.73,-0.01,10,10730,卖盘
2113,10:53:33,10.74,--,11,11814,买盘
2114,10:53:27,10.74,--,60,64440,买盘
2115,10:53:24,10.74,--,193,207282,卖盘
2116,10:53:21,10.74,--,133,142842,卖盘
2117,10:53:18,10.74,-0.01,50,53700,卖盘
2118,10:53:15,10.75,--,9,9675,买盘
2119,10:53:12,10.75,0.01,70,75250,买盘
2120,10:53:09,10.74,--,10,10740,卖盘
2121,10:53:06,10.74,0.01,378,405972,买盘
2122,10:53:03,10.73,-0.01,26,27898,卖盘
2123,10:52:57,10.74,--,1,1074,买盘
2124,10:52:54,10.74,--,18,19332,买盘
2125,10:52:51,10.74,--,10,10740,买盘
2126,10:52:45,10.74,--,10,10740,买盘
2127,10:52:42,10.74,--,35,37590,买盘
2128,10:52:36,10.74,--,25,26850,买盘
2129,10:52:33,10.74,--,136,146064,卖盘
2130,10:52:30,10.74,--,115,123510,卖盘
2131,10:52:27,10.74,--,13,13962,卖盘
2132,10:52:24,10.74,--,24,25776,卖盘
2133,10:52:18,10.74,--,1,1074,卖盘
2134,10:52:15,10.74,-0.01,164,176136,卖盘
2135,10:52:12,10.75,0.01,29,31175,买盘
2136,10:52:06,10.74,-0.01,100,107400,卖盘
2137,10:52:03,10.75,--,4,4300,买盘
2138,10:52:00,10.75,0.01,270,290250,买盘
2139,10:51:57,10.74,--,5,5370,卖盘
2140,10:51:54,10.74,--,973,1045002,买盘
2141,10:51:51,10.74,0.01,5,5370,买盘
2142,10:51:45,10.73,-0.01,10,10730,卖盘
2143,10:51:42,10.74,--,67,71958,买盘
2144,10:51:39,10.74,0.01,263,282462,买盘
2145,10:51:36,10.73,--,501,537573,买盘
2146,10:51:33,10.73,0.01,1,1073,买盘
2147,10:51:30,10.72,-0.01,36,38592,卖盘
2148,10:51:24,10.73,0.01,10,10730,买盘
2149,10:51:21,10.72,--,585,627141,买盘
2150,10:51:18,10.72,--,83,88976,买盘
2151,10:51:15,10.72,--,303,324816,买盘
2152,10:51:12,10.72,--,205,219760,买盘
2153,10:51:09,10.72,--,33,35376,买盘
2154,10:51:06,10.72,--,6,6432,买盘
2155,10:51:03,10.72,0.01,139,149222,买盘
2156,10:51:00,10.71,--,405,433755,买盘
2157,10:50:57,10.71,--,132,141372,买盘
2158,10:50:54,10.71,--,217,232407,买盘
2159,10:50:51,10.71,--,7,7497,买盘
2160,10:50:48,10.71,0.01,131,140301,买盘
2161,10:50:45,10.7,-0.01,32,34240,卖盘
2162,10:50:42,10.71,--,1,1071,买盘
2163,10:50:39,10.71,--,1,1071,买盘
2164,10:50:33,10.71,0.01,35,37485,买盘
2165,10:50:27,10.7,--,127,136104,买盘
2166,10:50:24,10.7,0.01,31,33170,买盘
2167,10:50:21,10.69,-0.01,10,10690,卖盘
2168,10:50:15,10.7,0.01,30,32099,买盘
2169,10:50:12,10.69,-0.01,1,1069,卖盘
2170,10:50:09,10.7,--,2,2140,买盘
2171,10:50:03,10.7,--,3,3210,买盘
2172,10:50:00,10.7,--,60,64199,买盘
2173,10:49:42,10.7,--,1,1070,买盘
2174,10:49:36,10.7,0.01,4,4280,买盘
2175,10:49:27,10.69,-0.01,4,4276,卖盘
2176,10:49:24,10.7,--,1,1070,买盘
2177,10:49:15,10.7,--,4,4280,买盘
2178,10:49:12,10.7,--,4,4280,买盘
2179,10:49:03,10.7,0.01,1,1070,买盘
2180,10:49:00,10.69,--,20,21380,卖盘
2181,10:48:45,10.69,--,8,8552,卖盘
2182,10:48:42,10.69,-0.01,8,8552,卖盘
2183,10:48:36,10.7,0.01,10,10700,买盘
2184,10:48:30,10.69,--,19,20311,卖盘
2185,10:48:24,10.69,-0.01,130,138970,卖盘
2186,10:48:03,10.7,--,34,36380,买盘
2187,10:47:57,10.7,--,1,1070,买盘
2188,10:47:54,10.7,--,1,1070,买盘
2189,10:47:48,10.7,--,37,39590,买盘
2190,10:47:42,10.7,--,1,1070,买盘
2191,10:47:36,10.7,--,12,12840,买盘
2192,10:47:33,10.7,--,1,1070,买盘
2193,10:47:24,10.7,--,2,2140,买盘
2194,10:47:21,10.7,--,5,5350,买盘
2195,10:47:18,10.7,--,2,2140,买盘
2196,10:47:15,10.7,--,3,3210,买盘
2197,10:47:12,10.7,0.01,5,5350,买盘
2198,10:47:09,10.69,-0.01,45,48105,卖盘
2199,10:47:03,10.7,--,1,1070,买盘
2200,10:46:54,10.7,--,14,14979,买盘
2201,10:46:42,10.7,--,1,1070,买盘
2202,10:46:39,10.7,0.01,22,23540,买盘
2203,10:46:33,10.69,-0.01,20,21380,卖盘
2204,10:46:30,10.7,0.01,14,14979,买盘
2205,10:46:24,10.69,-0.01,41,43829,卖盘
2206,10:46:18,10.7,--,20,21400,买盘
2207,10:46:15,10.7,--,16,17120,买盘
2208,10:46:09,10.7,--,20,21400,买盘
2209,10:46:03,10.7,--,30,32099,买盘
2210,10:45:57,10.7,--,11,11770,买盘
2211,10:45:48,10.7,--,44,47080,买盘
2212,10:45:42,10.7,0.01,1,1070,买盘
2213,10:45:39,10.69,--,88,94659,买盘
2214,10:45:33,10.69,--,68,72692,买盘
2215,10:45:30,10.69,--,200,213800,买盘
2216,10:45:24,10.69,--,201,214869,买盘
2217,10:45:21,10.69,0.01,200,213800,买盘
2218,10:45:18,10.68,-0.01,61,65148,卖盘
2219,10:45:15,10.69,--,201,214869,买盘
2220,10:45:12,10.69,--,208,222352,买盘
2221,10:45:09,10.69,--,5,5345,买盘
2222,10:45:03,10.69,0.01,256,273664,买盘
2223,10:44:57,10.68,0.01,10,10680,买盘
2224,10:44:54,10.67,-0.01,117,125809,卖盘
2225,10:44:51,10.68,--,21,22428,买盘
2226,10:44:45,10.68,--,101,107868,买盘
2227,10:44:39,10.68,0.01,100,106800,买盘
2228,10:44:36,10.67,-0.01,1,1067,卖盘
2229,10:44:33,10.68,--,101,107868,买盘
2230,10:44:30,10.68,0.01,101,107868,买盘
2231,10:44:27,10.67,-0.01,47,50149,卖盘
2232,10:44:24,10.68,--,109,116412,买盘
2233,10:44:15,10.68,--,1,1068,买盘
2234,10:44:12,10.68,0.01,200,213600,买盘
2235,10:44:03,10.67,--,5,5335,卖盘
2236,10:43:57,10.67,--,2,2134,卖盘
2237,10:43:51,10.67,--,335,357445,买盘
2238,10:43:45,10.67,--,10,10670,买盘
2239,10:43:42,10.67,--,72,76824,买盘
2240,10:43:39,10.67,--,3,3201,买盘
2241,10:43:36,10.67,--,109,116303,买盘
2242,10:43:33,10.67,--,32,34144,买盘
2243,10:43:30,10.67,0.01,2,2134,买盘
2244,10:43:27,10.66,--,102,108732,卖盘
2245,10:43:21,10.66,--,100,106600,卖盘
2246,10:43:18,10.66,-0.01,11,11726,卖盘
2247,10:43:15,10.67,--,40,42680,买盘
2248,10:43:12,10.67,--,206,219802,买盘
2249,10:43:09,10.67,--,4,4268,买盘
2250,10:43:03,10.67,0.01,154,164318,买盘
2251,10:43:00,10.66,--,2,2132,卖盘
2252,10:42:57,10.66,-0.01,2,2132,卖盘
2253,10:42:54,10.67,--,100,106700,买盘
2254,10:42:51,10.67,0.01,200,213400,买盘
2255,10:42:48,10.66,-0.01,201,214266,卖盘
2256,10:42:42,10.67,--,1,1067,买盘
2257,10:42:39,10.67,--,30,32010,买盘
2258,10:42:30,10.67,--,9,9603,买盘
2259,10:42:27,10.67,0.01,16,17072,买盘
2260,10:42:24,10.66,--,109,116194,卖盘
2261,10:42:21,10.66,-0.01,1,1066,卖盘
2262,10:42:18,10.67,--,100,106700,买盘
2263,10:42:12,10.67,--,2,2134,买盘
2264,10:42:06,10.67,0.01,339,361713,买盘
2265,10:42:03,10.66,-0.01,2,2132,卖盘
2266,10:41:57,10.67,--,25,26675,买盘
2267,10:41:54,10.67,0.01,20,21340,买盘
2268,10:41:42,10.66,--,6,6396,买盘
2269,10:41:39,10.66,--,10,10660,买盘
2270,10:41:36,10.66,--,10,10660,买盘
2271,10:41:33,10.66,--,8,8528,买盘
2272,10:41:27,10.66,--,143,152438,买盘
2273,10:41:24,10.66,--,18,19188,买盘
2274,10:41:21,10.66,--,10,10660,买盘
2275,10:41:12,10.66,--,9,9594,买盘
2276,10:41:09,10.66,--,4,4264,买盘
2277,10:41:06,10.66,--,4,4264,买盘
2278,10:41:03,10.66,--,1,1066,买盘
2279,10:41:00,10.66,0.01,20,21320,买盘
2280,10:40:51,10.65,--,1,1065,卖盘
2281,10:40:48,10.65,--,54,57510,买盘
2282,10:40:45,10.65,--,52,55380,买盘
2283,10:40:42,10.65,--,13,13845,买盘
2284,10:40:36,10.65,0.01,11,11715,买盘
2285,10:40:33,10.64,-0.01,49,52136,卖盘
2286,10:40:30,10.65,--,41,43665,买盘
2287,10:40:27,10.65,--,11,11715,买盘
2288,10:40:24,10.65,--,10,10650,买盘
2289,10:40:21,10.65,--,1,1065,买盘
2290,10:40:12,10.65,--,8,8520,买盘
2291,10:40:06,10.65,--,2,2130,买盘
2292,10:40:03,10.65,--,26,27690,买盘
2293,10:39:57,10.65,--,2,2130,买盘
2294,10:39:48,10.65,--,26,27690,买盘
2295,10:39:42,10.65,--,1,1065,买盘
2296,10:39:39,10.65,--,52,55380,卖盘
2297,10:39:33,10.65,-0.01,1,1065,卖盘
2298,10:39:30,10.66,--,9,9594,买盘
2299,10:39:27,10.66,0.01,20,21320,买盘
2300,10:39:24,10.65,0.02,1,1065,买盘
2301,10:39:12,10.63,-0.01,36,38268,卖盘
2302,10:39:09,10.64,--,23,24472,买盘
2303,10:39:06,10.64,--,68,72352,买盘
2304,10:39:03,10.64,--,29,30856,买盘
2305,10:39:00,10.64,--,5,5320,买盘
2306,10:38:57,10.64,--,70,74480,买盘
2307,10:38:54,10.64,--,44,46816,买盘
2308,10:38:51,10.64,--,13,13832,买盘
2309,10:38:48,10.64,--,63,67032,买盘
2310,10:38:42,10.64,--,25,26600,买盘
2311,10:38:39,10.64,--,23,24472,买盘
2312,10:38:36,10.64,--,21,22344,买盘
2313,10:38:27,10.64,--,20,21280,买盘
2314,10:38:24,10.64,--,1,1064,买盘
2315,10:38:18,10.64,-0.02,678,721392,卖盘
2316,10:38:12,10.66,0.01,15,15990,买盘
2317,10:38:09,10.65,-0.01,230,244950,卖盘
2318,10:38:03,10.66,0.01,19,20254,买盘
2319,10:38:00,10.65,--,5,5325,卖盘
2320,10:37:51,10.65,--,16,17040,卖盘
2321,10:37:48,10.65,--,4,4260,卖盘
2322,10:37:42,10.65,--,1,1065,卖盘
2323,10:37:33,10.65,--,13,13845,买盘
2324,10:37:30,10.65,--,14,14910,买盘
2325,10:37:27,10.65,-0.01,35,37275,卖盘
2326,10:37:24,10.66,--,17,18122,买盘
2327,10:37:21,10.66,0.01,15,15990,买盘
2328,10:37:18,10.65,--,100,106500,卖盘
2329,10:37:15,10.65,-0.01,1,1065,卖盘
2330,10:37:12,10.66,--,5,5330,买盘
2331,10:37:09,10.66,--,18,19188,买盘
2332,10:37:03,10.66,--,6,6396,买盘
2333,10:37:00,10.66,--,21,22386,买盘
2334,10:36:57,10.66,--,15,15990,买盘
2335,10:36:54,10.66,0.02,16,17056,买盘
2336,10:36:51,10.64,-0.01,248,263872,卖盘
2337,10:36:45,10.65,--,2,2130,买盘
2338,10:36:42,10.65,--,31,33015,买盘
2339,10:36:36,10.65,--,126,134190,买盘
2340,10:36:30,10.65,--,30,31950,买盘
2341,10:36:27,10.65,--,68,72420,买盘
2342,10:36:21,10.65,--,198,210870,卖盘
2343,10:36:15,10.65,--,4,4260,卖盘
2344,10:36:12,10.65,--,429,456885,买盘
2345,10:36:03,10.65,--,51,54315,买盘
2346,10:36:00,10.65,0.01,5,5325,买盘
2347,10:35:54,10.64,-0.01,3,3192,卖盘
2348,10:35:51,10.65,--,4,4260,买盘
2349,10:35:48,10.65,--,1,1065,买盘
2350,10:35:45,10.65,-0.01,21,22365,卖盘
2351,10:35:42,10.66,0.01,1,1066,买盘
2352,10:35:39,10.65,0.01,116,123540,买盘
2353,10:35:36,10.64,-0.01,500,532000,卖盘
2354,10:35:33,10.65,0.01,1,1065,买盘
2355,10:35:30,10.64,--,65,69160,买盘
2356,10:35:27,10.64,0.01,19,20216,买盘
2357,10:35:24,10.63,-0.01,29,30827,卖盘
2358,10:35:18,10.64,0.01,3,3192,买盘
2359,10:35:15,10.63,-0.01,125,132875,卖盘
2360,10:35:09,10.64,-0.01,328,348992,卖盘
2361,10:35:03,10.65,0.01,36,38340,买盘
2362,10:35:00,10.64,-0.01,14,14896,卖盘
2363,10:34:57,10.65,--,6,6390,买盘
2364,10:34:45,10.65,--,6,6390,买盘
2365,10:34:42,10.65,--,2,2130,买盘
2366,10:34:39,10.65,0.01,109,116085,买盘
2367,10:34:27,10.64,--,1,1064,卖盘
2368,10:34:24,10.64,--,37,39368,卖盘
2369,10:34:21,10.64,--,11,11704,卖盘
2370,10:34:12,10.64,-0.01,5,5320,卖盘
2371,10:34:09,10.65,--,21,22365,买盘
2372,10:34:03,10.65,0.01,6,6390,买盘
2373,10:34:00,10.64,0.01,3,3192,中性盘
2374,10:33:57,10.63,-0.02,10,10630,卖盘
2375,10:33:51,10.65,0.01,42,44730,买盘
2376,10:33:48,10.64,-0.01,50,53200,中性盘
2377,10:33:45,10.65,0.01,20,21300,买盘
2378,10:33:42,10.64,0.01,1,1064,中性盘
2379,10:33:39,10.63,-0.02,40,42520,卖盘
2380,10:33:36,10.65,0.02,2,2130,买盘
2381,10:33:27,10.63,-0.02,4,4252,卖盘
2382,10:33:24,10.65,--,11,11715,买盘
2383,10:33:21,10.65,0.01,1052,1120380,买盘
2384,10:33:18,10.64,-0.01,86,91504,卖盘
2385,10:33:15,10.65,--,19,20235,买盘
2386,10:33:09,10.65,--,5,5325,买盘
2387,10:33:03,10.65,--,24,25560,买盘
2388,10:33:00,10.65,0.01,6,6390,买盘
2389,10:32:57,10.64,--,40,42560,卖盘
2390,10:32:54,10.64,-0.01,2,2128,卖盘
2391,10:32:51,10.65,--,50,53250,买盘
2392,10:32:48,10.65,--,10,10650,买盘
2393,10:32:45,10.65,--,62,66030,买盘
2394,10:32:42,10.65,--,33,35145,买盘
2395,10:32:36,10.65,--,19,20235,买盘
2396,10:32:30,10.65,--,19,20235,买盘
2397,10:32:24,10.65,--,11,11715,买盘
2398,10:32:21,10.65,--,81,86265,卖盘
2399,10:32:15,10.65,--,35,37275,买盘
2400,10:32:06,10.65,0.01,5,5325,买盘
2401,10:32:03,10.64,-0.01,360,383040,卖盘
2402,10:31:57,10.65,-0.01,71,75615,卖盘
2403,10:31:51,10.66,0.01,447,476502,买盘
2404,10:31:48,10.65,--,25,26625,买盘
2405,10:31:45,10.65,--,89,94785,买盘
2406,10:31:42,10.65,--,2,2130,买盘
2407,10:31:39,10.65,--,360,383400,买盘
2408,10:31:36,10.65,0.01,27,28755,卖盘
2409,10:31:33,10.64,-0.01,30,31920,卖盘
2410,10:31:30,10.65,0.01,47,51109,买盘
2411,10:31:27,10.64,-0.01,413,439442,卖盘
2412,10:31:24,10.65,0.01,21,22365,买盘
2413,10:31:21,10.64,-0.01,60,63840,卖盘
2414,10:31:18,10.65,0.01,28,30874,买盘
2415,10:31:15,10.64,-0.02,294,312826,卖盘
2416,10:31:12,10.66,0.01,119,126854,中性盘
2417,10:31:09,10.65,--,14,14910,卖盘
2418,10:31:06,10.65,--,43,45795,卖盘
2419,10:31:03,10.65,-0.01,333,354645,卖盘
2420,10:31:00,10.66,0.01,9,9594,买盘
2421,10:30:57,10.65,--,33,35145,卖盘
2422,10:30:54,10.65,-0.01,60,63900,卖盘
2423,10:30:51,10.66,-0.01,432,460512,卖盘
2424,10:30:48,10.67,0.01,58,61886,买盘
2425,10:30:45,10.66,--,13,13858,卖盘
2426,10:30:42,10.66,--,43,45838,卖盘
2427,10:30:36,10.66,-0.01,33,35178,卖盘
2428,10:30:33,10.67,--,149,158983,卖盘
2429,10:30:27,10.67,-0.01,36,38412,卖盘
2430,10:30:24,10.68,--,10,10680,卖盘
2431,10:30:15,10.68,--,309,330012,卖盘
2432,10:30:12,10.68,-0.01,37,39516,卖盘
2433,10:30:09,10.69,--,20,21380,买盘
2434,10:30:03,10.69,--,1,1069,买盘
2435,10:29:57,10.69,--,93,99898,卖盘
2436,10:29:51,10.69,-0.01,31,33139,卖盘
2437,10:29:48,10.7,0.01,32,34240,买盘
2438,10:29:45,10.69,--,11,12346,买盘
2439,10:29:42,10.69,--,278,297663,卖盘
2440,10:29:30,10.69,--,39,41691,卖盘
2441,10:29:27,10.69,-0.01,32,34208,卖盘
2442,10:29:24,10.7,--,10,10700,买盘
2443,10:29:18,10.7,--,1,1070,买盘
2444,10:29:15,10.7,--,51,54570,买盘
2445,10:29:03,10.7,--,31,33170,买盘
2446,10:29:00,10.7,--,19,20330,买盘
2447,10:28:57,10.7,0.01,17,18190,卖盘
2448,10:28:51,10.69,--,33,35277,卖盘
2449,10:28:45,10.69,-0.02,3,3207,卖盘
2450,10:28:42,10.71,0.02,1,1071,买盘
2451,10:28:39,10.69,-0.01,943,1008654,卖盘
2452,10:28:36,10.7,0.01,1,1070,买盘
2453,10:28:33,10.69,-0.01,39,41691,卖盘
2454,10:28:30,10.7,0.01,50,53500,买盘
2455,10:28:27,10.69,-0.01,69,73761,卖盘
2456,10:28:24,10.7,0.01,73,78110,买盘
2457,10:28:21,10.69,--,80,85520,卖盘
2458,10:28:18,10.69,--,40,42760,卖盘
2459,10:28:15,10.69,--,10,10690,卖盘
2460,10:28:12,10.69,--,100,106900,卖盘
2461,10:28:03,10.69,-0.01,3,3207,卖盘
2462,10:28:00,10.7,0.01,1,1070,买盘
2463,10:27:51,10.69,-0.01,53,56657,卖盘
2464,10:27:48,10.7,--,2,2140,买盘
2465,10:27:42,10.7,--,1,1070,买盘
2466,10:27:36,10.7,--,3,3210,买盘
2467,10:27:33,10.7,--,2,2140,买盘
2468,10:27:24,10.7,--,1,1070,买盘
2469,10:27:12,10.7,0.01,27,28889,买盘
2470,10:27:06,10.69,-0.01,1,1069,卖盘
2471,10:27:03,10.7,--,44,47080,买盘
2472,10:27:00,10.7,--,10,10700,买盘
2473,10:26:57,10.7,--,8,8560,买盘
2474,10:26:51,10.7,--,10,10700,卖盘
2475,10:26:48,10.7,--,2,2140,卖盘
2476,10:26:42,10.7,--,55,58849,卖盘
2477,10:26:39,10.7,--,9,9630,卖盘
2478,10:26:36,10.7,--,114,121979,卖盘
2479,10:26:33,10.7,--,18,19260,卖盘
2480,10:26:27,10.7,--,2,2140,卖盘
2481,10:26:24,10.7,--,9,9630,卖盘
2482,10:26:21,10.7,--,3,3210,卖盘
2483,10:26:12,10.7,--,6,6420,卖盘
2484,10:26:06,10.7,-0.01,61,65269,卖盘
2485,10:26:03,10.71,0.01,1,1071,买盘
2486,10:26:00,10.7,--,50,53500,卖盘
2487,10:25:57,10.7,-0.01,3,3210,卖盘
2488,10:25:51,10.71,--,10,10710,买盘
2489,10:25:48,10.71,--,64,68544,买盘
2490,10:25:42,10.71,0.01,1,1071,买盘
2491,10:25:39,10.7,-0.01,10,10700,卖盘
2492,10:25:33,10.71,0.01,1,1071,买盘
2493,10:25:30,10.7,--,3,3210,卖盘
2494,10:25:27,10.7,-0.01,17,18190,卖盘
2495,10:25:24,10.71,0.01,11,11781,买盘
2496,10:25:21,10.7,--,9,9630,卖盘
2497,10:25:18,10.7,-0.01,27,28889,卖盘
2498,10:25:15,10.71,0.01,39,41769,买盘
2499,10:25:12,10.7,--,109,116629,卖盘
2500,10:25:03,10.7,--,20,21400,卖盘
2501,10:25:00,10.7,--,6,6420,卖盘
2502,10:24:57,10.7,-0.01,76,81320,卖盘
2503,10:24:54,10.71,0.01,61,65331,买盘
2504,10:24:51,10.7,--,172,184040,卖盘
2505,10:24:48,10.7,-0.01,16,17120,卖盘
2506,10:24:45,10.71,--,50,53550,买盘
2507,10:24:42,10.71,0.01,136,145656,买盘
2508,10:24:39,10.7,--,11,11770,卖盘
2509,10:24:36,10.7,--,51,54570,卖盘
2510,10:24:33,10.7,--,1,1070,卖盘
2511,10:24:30,10.7,--,1,1070,卖盘
2512,10:24:27,10.7,--,31,33170,卖盘
2513,10:24:24,10.7,--,7,7489,卖盘
2514,10:24:15,10.7,-0.01,8,8560,卖盘
2515,10:24:12,10.71,--,58,62118,买盘
2516,10:24:06,10.71,--,332,355572,买盘
2517,10:24:03,10.71,0.01,1,1071,买盘
2518,10:23:57,10.7,--,2,2140,卖盘
2519,10:23:51,10.7,-0.01,34,36380,卖盘
2520,10:23:39,10.71,--,1,1071,卖盘
2521,10:23:36,10.71,--,75,80325,卖盘
2522,10:23:33,10.71,--,133,142443,卖盘
2523,10:23:27,10.71,--,102,109242,卖盘
2524,10:23:24,10.71,--,54,57834,卖盘
2525,10:23:21,10.71,--,64,68544,卖盘
2526,10:23:15,10.71,--,1,1071,卖盘
2527,10:23:09,10.71,--,4,4284,卖盘
2528,10:23:06,10.71,--,32,34272,卖盘
2529,10:23:03,10.71,--,10,10710,卖盘
2530,10:22:57,10.71,-0.01,82,87822,卖盘
2531,10:22:54,10.72,0.01,5,5360,买盘
2532,10:22:51,10.71,--,43,46053,卖盘
2533,10:22:45,10.71,-0.01,33,35343,卖盘
2534,10:22:42,10.72,--,238,255136,卖盘
2535,10:22:36,10.72,--,13,13936,卖盘
2536,10:22:33,10.72,--,40,42880,卖盘
2537,10:22:30,10.72,--,20,21440,卖盘
2538,10:22:24,10.72,--,31,33232,卖盘
2539,10:22:21,10.72,--,75,80400,卖盘
2540,10:22:18,10.72,--,3,3216,卖盘
2541,10:22:15,10.72,--,9,9648,卖盘
2542,10:22:12,10.72,--,42,45024,卖盘
2543,10:22:09,10.72,--,35,37520,卖盘
2544,10:22:06,10.72,-0.01,9,9648,卖盘
2545,10:22:03,10.73,0.01,1,1073,买盘
2546,10:22:00,10.72,--,9,9648,卖盘
2547,10:21:57,10.72,--,42,45024,卖盘
2548,10:21:54,10.72,--,25,26800,卖盘
2549,10:21:51,10.72,--,32,34304,卖盘
2550,10:21:48,10.72,--,124,132928,买盘
2551,10:21:42,10.72,--,51,54672,买盘
2552,10:21:39,10.72,--,35,37520,买盘
2553,10:21:36,10.72,0.01,62,66464,买盘
2554,10:21:33,10.71,-0.01,42,44982,卖盘
2555,10:21:30,10.72,--,82,87904,买盘
2556,10:21:27,10.72,--,1,1072,买盘
2557,10:21:24,10.72,0.01,11,11792,买盘
2558,10:21:18,10.71,-0.01,106,113526,卖盘
2559,10:21:15,10.72,--,40,42880,买盘
2560,10:21:12,10.72,0.01,22,23584,买盘
2561,10:21:09,10.71,--,3,3213,卖盘
2562,10:21:00,10.71,--,133,142443,卖盘
2563,10:20:57,10.71,-0.01,7,7497,卖盘
2564,10:20:54,10.72,--,4,4288,买盘
2565,10:20:51,10.72,0.01,4,4288,买盘
2566,10:20:48,10.71,-0.01,101,108171,卖盘
2567,10:20:42,10.72,--,35,37520,买盘
2568,10:20:36,10.72,--,1,1072,买盘
2569,10:20:24,10.72,0.01,11,11792,买盘
2570,10:20:21,10.71,--,57,61047,卖盘
2571,10:20:18,10.71,--,131,140301,卖盘
2572,10:20:12,10.71,-0.01,84,89964,卖盘
2573,10:20:09,10.72,0.01,100,107200,买盘
2574,10:20:06,10.71,-0.01,69,73899,卖盘
2575,10:20:03,10.72,0.01,34,36448,买盘
2576,10:20:00,10.71,--,31,33201,卖盘
2577,10:19:57,10.71,-0.01,1,1071,卖盘
2578,10:19:51,10.72,0.01,200,214400,买盘
2579,10:19:48,10.71,--,1,1071,卖盘
2580,10:19:45,10.71,--,1,1071,卖盘
2581,10:19:39,10.71,-0.01,2,2142,卖盘
2582,10:19:33,10.72,0.01,32,34304,买盘
2583,10:19:30,10.71,-0.01,33,35343,卖盘
2584,10:19:27,10.72,0.01,2,2144,买盘
2585,10:19:24,10.71,--,58,62118,卖盘
2586,10:19:21,10.71,--,11,11781,卖盘
2587,10:19:18,10.71,--,14,14994,卖盘
2588,10:19:15,10.71,--,10,10710,卖盘
2589,10:19:12,10.71,--,10,10710,卖盘
2590,10:19:09,10.71,--,10,10710,卖盘
2591,10:19:06,10.71,-0.01,32,34272,卖盘
2592,10:19:03,10.72,0.02,49,52528,买盘
2593,10:19:00,10.7,-0.01,37,39590,卖盘
2594,10:18:57,10.71,--,17,18207,买盘
2595,10:18:54,10.71,-0.01,55,58905,卖盘
2596,10:18:51,10.72,--,4,4288,买盘
2597,10:18:48,10.72,--,19,20368,买盘
2598,10:18:42,10.72,0.01,48,51456,买盘
2599,10:18:33,10.71,--,10,10710,卖盘
2600,10:18:30,10.71,--,60,64260,卖盘
2601,10:18:27,10.71,--,14,14994,卖盘
2602,10:18:24,10.71,-0.01,9,9639,卖盘
2603,10:18:21,10.72,0.01,47,50384,买盘
2604,10:18:18,10.71,--,33,35343,卖盘
2605,10:18:15,10.71,-0.01,1,1071,卖盘
2606,10:18:12,10.72,0.01,13,13936,买盘
2607,10:18:09,10.71,-0.01,134,143514,卖盘
2608,10:18:06,10.72,--,14,15008,买盘
2609,10:18:03,10.72,0.01,51,54672,买盘
2610,10:18:00,10.71,--,10,10710,卖盘
2611,10:17:57,10.71,--,32,34272,卖盘
2612,10:17:54,10.71,--,34,36414,卖盘
2613,10:17:51,10.71,--,32,34272,卖盘
2614,10:17:48,10.71,--,31,33201,卖盘
2615,10:17:45,10.71,-0.01,27,28917,卖盘
2616,10:17:42,10.72,-0.01,9,9648,买盘
2617,10:17:39,10.73,0.02,60,64380,买盘
2618,10:17:36,10.71,--,18,19278,卖盘
2619,10:17:33,10.71,--,70,74970,卖盘
2620,10:17:30,10.71,-0.02,59,63189,卖盘
2621,10:17:27,10.73,0.02,883,947459,买盘
2622,10:17:24,10.71,-0.02,66,70686,卖盘
2623,10:17:18,10.73,0.01,10,10730,买盘
2624,10:17:15,10.72,--,1,1072,卖盘
2625,10:17:12,10.72,0.01,119,127568,中性盘
2626,10:17:09,10.71,-0.02,180,192780,卖盘
2627,10:17:06,10.73,--,136,145928,买盘
2628,10:17:03,10.73,0.02,55,59015,买盘
2629,10:17:00,10.71,-0.01,19,20349,卖盘
2630,10:16:57,10.72,--,12,12864,卖盘
2631,10:16:54,10.72,--,132,141504,卖盘
2632,10:16:51,10.72,-0.01,27,28944,卖盘
2633,10:16:48,10.73,--,5,5365,买盘
2634,10:16:45,10.73,0.01,87,93351,买盘
2635,10:16:42,10.72,--,62,66464,卖盘
2636,10:16:39,10.72,-0.01,2,2144,卖盘
2637,10:16:33,10.73,--,2,2146,买盘
2638,10:16:30,10.73,0.01,4,4292,买盘
2639,10:16:27,10.72,0.01,23,24656,买盘
2640,10:16:24,10.71,-0.01,211,225981,卖盘
2641,10:16:21,10.72,0.01,40,42880,买盘
2642,10:16:18,10.71,-0.01,32,34272,卖盘
2643,10:16:15,10.72,--,94,100768,买盘
2644,10:16:12,10.72,0.01,357,382704,买盘
2645,10:16:06,10.71,-0.01,3,3213,卖盘
2646,10:16:03,10.72,--,2,2144,买盘
2647,10:15:57,10.72,--,112,120064,卖盘
2648,10:15:54,10.72,-0.01,33,35376,卖盘
2649,10:15:51,10.73,0.01,1,1073,买盘
2650,10:15:48,10.72,--,3,3216,卖盘
2651,10:15:45,10.72,-0.01,1,1072,卖盘
2652,10:15:42,10.73,0.02,539,578347,买盘
2653,10:15:36,10.71,--,32,34272,卖盘
2654,10:15:33,10.71,--,57,61047,买盘
2655,10:15:27,10.71,--,1,1071,买盘
2656,10:15:24,10.71,--,45,48195,买盘
2657,10:15:21,10.71,0.01,20,21420,买盘
2658,10:15:15,10.7,-0.01,32,34240,卖盘
2659,10:15:12,10.71,0.01,3,3213,买盘
2660,10:15:09,10.7,-0.01,3,3210,卖盘
2661,10:15:03,10.71,--,15,16065,买盘
2662,10:15:00,10.71,--,10,10710,买盘
2663,10:14:57,10.71,0.01,22,23562,买盘
2664,10:14:54,10.7,-0.01,47,50290,卖盘
2665,10:14:48,10.71,--,4,4284,买盘
2666,10:14:42,10.71,0.01,204,218484,买盘
2667,10:14:36,10.7,--,36,38520,卖盘
2668,10:14:33,10.7,--,33,35310,卖盘
2669,10:14:30,10.7,-0.01,19,20330,卖盘
2670,10:14:27,10.71,--,1,1071,买盘
2671,10:14:24,10.71,0.01,1,1071,买盘
2672,10:14:18,10.7,--,214,228979,卖盘
2673,10:14:15,10.7,--,3,3210,卖盘
2674,10:14:12,10.7,--,141,150870,买盘
2675,10:14:09,10.7,--,20,21400,买盘
2676,10:14:06,10.7,--,20,21400,买盘
2677,10:14:00,10.7,--,43,46010,卖盘
2678,10:13:57,10.7,-0.01,66,70620,卖盘
2679,10:13:51,10.71,--,715,765765,买盘
2680,10:13:48,10.71,0.01,13,13923,买盘
2681,10:13:45,10.7,-0.01,41,43870,卖盘
2682,10:13:42,10.71,0.01,73,78183,买盘
2683,10:13:39,10.7,0.01,126,134820,买盘
2684,10:13:33,10.69,--,7,7483,卖盘
2685,10:13:30,10.69,--,1,1069,卖盘
2686,10:13:27,10.69,-0.01,3,3207,卖盘
2687,10:13:24,10.7,0.01,10,10700,买盘
2688,10:13:21,10.69,--,6,6414,卖盘
2689,10:13:15,10.69,-0.02,32,34208,卖盘
2690,10:13:09,10.71,--,531,568701,买盘
2691,10:13:03,10.71,0.01,1,1071,买盘
2692,10:12:57,10.7,--,31,33170,卖盘
2693,10:12:54,10.7,--,33,35310,卖盘
2694,10:12:36,10.7,--,201,215070,买盘
2695,10:12:24,10.7,0.01,1,1070,买盘
2696,10:12:21,10.69,-0.02,11,11759,卖盘
2697,10:12:18,10.71,0.01,749,802179,买盘
2698,10:12:15,10.7,-0.01,80,85600,卖盘
2699,10:12:12,10.71,0.01,2,2142,买盘
2700,10:12:09,10.7,-0.01,3,3210,卖盘
2701,10:12:06,10.71,--,11,11781,买盘
2702,10:12:03,10.71,--,18,19278,买盘
2703,10:11:57,10.71,--,32,34272,买盘
2704,10:11:51,10.71,0.01,15,16065,买盘
2705,10:11:48,10.7,-0.01,12,12840,卖盘
2706,10:11:42,10.71,0.01,12,12852,买盘
2707,10:11:36,10.7,--,32,34240,卖盘
2708,10:11:33,10.7,--,61,65269,卖盘
2709,10:11:24,10.7,0.01,110,117699,买盘
2710,10:11:21,10.69,--,5,5345,卖盘
2711,10:11:12,10.69,0.01,50,53450,中性盘
2712,10:11:06,10.68,-0.01,33,35244,卖盘
2713,10:11:03,10.69,--,3,3207,卖盘
2714,10:10:57,10.69,0.01,6,6414,买盘
2715,10:10:54,10.68,-0.01,43,46938,卖盘
2716,10:10:48,10.69,-0.01,23,24640,卖盘
2717,10:10:45,10.7,--,1,1070,买盘
2718,10:10:42,10.7,0.01,5,5350,买盘
2719,10:10:39,10.69,--,12,12828,卖盘
2720,10:10:36,10.69,-0.01,2,2138,卖盘
2721,10:10:33,10.7,0.01,17,18190,买盘
2722,10:10:27,10.69,-0.01,31,33139,卖盘
2723,10:10:24,10.7,0.01,4,4280,买盘
2724,10:10:18,10.69,-0.01,32,34208,卖盘
2725,10:10:15,10.7,--,13,13909,卖盘
2726,10:10:12,10.7,0.01,36,38520,买盘
2727,10:10:09,10.69,-0.01,3,3207,卖盘
2728,10:10:06,10.7,0.01,34,36380,买盘
2729,10:10:03,10.69,--,34,36346,卖盘
2730,10:10:00,10.69,-0.01,114,121866,卖盘
2731,10:09:57,10.7,-0.01,24,25680,买盘
2732,10:09:54,10.71,--,151,161721,买盘
2733,10:09:51,10.71,--,170,182070,买盘
2734,10:09:45,10.71,--,19,20349,买盘
2735,10:09:42,10.71,0.01,58,62118,买盘
2736,10:09:39,10.7,-0.01,108,115559,卖盘
2737,10:09:36,10.71,--,41,43911,买盘
2738,10:09:33,10.71,--,53,56763,买盘
2739,10:09:30,10.71,-0.01,22,23562,买盘
2740,10:09:24,10.72,0.01,32,34304,买盘
2741,10:09:21,10.71,0.01,25,26775,中性盘
2742,10:09:18,10.7,--,24,25680,卖盘
2743,10:09:15,10.7,--,29,31029,卖盘
2744,10:09:12,10.7,--,32,34240,卖盘
2745,10:09:09,10.7,-0.03,28,29959,卖盘
2746,10:09:03,10.73,0.01,75,80475,买盘
2747,10:09:00,10.72,0.01,92,98624,买盘
2748,10:08:54,10.71,--,68,72828,卖盘
2749,10:08:51,10.71,0.02,229,246276,买盘
2750,10:08:48,10.69,-0.02,24,25656,卖盘
2751,10:08:45,10.71,--,14,14994,买盘
2752,10:08:42,10.71,0.01,15,16065,买盘
2753,10:08:39,10.7,--,63,67410,卖盘
2754,10:08:36,10.7,--,36,38520,卖盘
2755,10:08:33,10.7,--,32,34240,卖盘
2756,10:08:27,10.7,0.01,330,353100,买盘
2757,10:08:24,10.69,--,37,39553,卖盘
2758,10:08:18,10.69,-0.01,19,20311,卖盘
2759,10:08:15,10.7,0.01,131,140170,买盘
2760,10:08:12,10.69,--,51,54519,买盘
2761,10:08:09,10.69,--,10,10690,买盘
2762,10:08:06,10.69,0.01,3,3207,买盘
2763,10:08:03,10.68,-0.01,72,76896,卖盘
2764,10:08:00,10.69,--,6,6414,买盘
2765,10:07:57,10.69,0.01,5,5345,买盘
2766,10:07:54,10.68,--,33,35244,卖盘
2767,10:07:51,10.68,-0.01,32,34176,卖盘
2768,10:07:48,10.69,--,100,106900,买盘
2769,10:07:42,10.69,--,153,163557,买盘
2770,10:07:39,10.69,--,72,76968,买盘
2771,10:07:33,10.69,0.01,58,62002,买盘
2772,10:07:30,10.68,--,105,112140,卖盘
2773,10:07:27,10.68,--,62,66216,卖盘
2774,10:07:24,10.68,-0.01,2,2136,卖盘
2775,10:07:21,10.69,--,79,84451,买盘
2776,10:07:18,10.69,0.01,30,32070,买盘
2777,10:07:15,10.68,-0.01,50,53400,卖盘
2778,10:07:12,10.69,--,33,35277,买盘
2779,10:07:09,10.69,--,101,107969,买盘
2780,10:07:06,10.69,--,10,10690,买盘
2781,10:07:03,10.69,--,34,36346,买盘
2782,10:07:00,10.69,--,40,42760,买盘
2783,10:06:57,10.69,0.01,4,4276,买盘
2784,10:06:54,10.68,--,116,123888,卖盘
2785,10:06:51,10.68,--,31,33108,卖盘
2786,10:06:48,10.68,--,10,10680,卖盘
2787,10:06:45,10.68,-0.01,1,1068,卖盘
2788,10:06:42,10.69,0.01,11,11759,买盘
2789,10:06:39,10.68,-0.01,104,111072,卖盘
2790,10:06:36,10.69,--,45,48105,买盘
2791,10:06:30,10.69,--,131,140039,买盘
2792,10:06:27,10.69,0.01,3,3207,买盘
2793,10:06:24,10.68,-0.01,2,2136,卖盘
2794,10:06:18,10.69,0.01,9,9621,买盘
2795,10:06:15,10.68,-0.01,17,18156,卖盘
2796,10:06:12,10.69,0.01,1,1069,买盘
2797,10:06:06,10.68,-0.01,13,13884,卖盘
2798,10:06:03,10.69,0.01,78,83382,买盘
2799,10:05:57,10.68,--,4,4272,卖盘
2800,10:05:54,10.68,--,7,7476,卖盘
2801,10:05:48,10.68,--,10,10680,卖盘
2802,10:05:45,10.68,-0.01,2,2136,卖盘
2803,10:05:42,10.69,0.01,8,8552,买盘
2804,10:05:39,10.68,--,123,131364,买盘
2805,10:05:33,10.68,0.01,1,1068,买盘
2806,10:05:30,10.67,-0.01,133,141911,卖盘
2807,10:05:27,10.68,--,1,1068,买盘
2808,10:05:24,10.68,0.01,1,1068,买盘
2809,10:05:18,10.67,--,7,7469,卖盘
2810,10:05:15,10.67,-0.01,5,5335,卖盘
2811,10:05:12,10.68,--,1,1068,买盘
2812,10:05:09,10.68,0.01,1,1068,买盘
2813,10:05:06,10.67,-0.01,27,28809,卖盘
2814,10:05:03,10.68,--,46,49128,买盘
2815,10:04:57,10.68,0.01,1,1068,买盘
2816,10:04:54,10.67,-0.01,17,18139,卖盘
2817,10:04:48,10.68,0.01,82,87576,买盘
2818,10:04:42,10.67,--,8,8536,卖盘
2819,10:04:30,10.67,--,7,7469,卖盘
2820,10:04:27,10.67,--,20,21340,卖盘
2821,10:04:24,10.67,--,50,53350,卖盘
2822,10:04:21,10.67,--,7,7469,卖盘
2823,10:04:18,10.67,--,102,108834,买盘
2824,10:04:12,10.67,0.01,1,1067,买盘
2825,10:04:09,10.66,-0.01,48,51168,卖盘
2826,10:04:06,10.67,0.01,50,53350,买盘
2827,10:04:03,10.66,-0.01,8,8528,卖盘
2828,10:04:00,10.67,0.01,235,250745,买盘
2829,10:03:57,10.66,--,9,9594,卖盘
2830,10:03:51,10.66,-0.01,2,2132,卖盘
2831,10:03:48,10.67,--,156,166452,买盘
2832,10:03:42,10.67,0.01,62,66154,买盘
2833,10:03:39,10.66,--,10,10660,卖盘
2834,10:03:36,10.66,-0.01,7,7462,卖盘
2835,10:03:33,10.67,--,1,1067,买盘
2836,10:03:30,10.67,0.01,14,14938,买盘
2837,10:03:27,10.66,-0.01,10,10660,卖盘
2838,10:03:24,10.67,0.01,31,33077,买盘
2839,10:03:21,10.66,--,8,8528,卖盘
2840,10:03:18,10.66,-0.01,3,3198,卖盘
2841,10:03:15,10.67,0.01,10,10670,买盘
2842,10:03:12,10.66,-0.01,3,3198,卖盘
2843,10:03:09,10.67,0.01,17,18139,买盘
2844,10:03:03,10.66,--,15,15990,卖盘
2845,10:03:00,10.66,--,9,9594,卖盘
2846,10:02:54,10.66,--,4,4264,卖盘
2847,10:02:51,10.66,--,11,11726,卖盘
2848,10:02:45,10.66,-0.01,58,61828,卖盘
2849,10:02:42,10.67,0.01,1,1067,买盘
