,time,price,change,volume,amount,type
0,15:00:03,11.62,0.02,8729,10143098,买盘
1,14:57:00,11.6,--,0,0,买盘
2,14:56:57,11.6,-0.01,37,42920,中性盘
3,14:56:54,11.61,0.02,101,117261,买盘
4,14:56:51,11.59,-0.01,1000,1159475,卖盘
5,14:56:48,11.6,--,71,82360,卖盘
6,14:56:45,11.6,--,15,17400,卖盘
7,14:56:42,11.6,0.01,33,38280,卖盘
8,14:56:39,11.59,--,68,78812,卖盘
9,14:56:36,11.59,-0.01,2212,2563708,卖盘
10,14:56:33,11.6,--,24,27840,买盘
11,14:56:30,11.6,--,131,151960,买盘
12,14:56:27,11.6,0.01,550,638000,买盘
13,14:56:24,11.59,-0.01,209,242231,卖盘
14,14:56:21,11.6,--,5,5800,买盘
15,14:56:18,11.6,0.01,11,12760,买盘
16,14:56:15,11.59,--,34,39406,卖盘
17,14:56:09,11.59,--,404,468236,买盘
18,14:56:06,11.59,0.01,37,42883,买盘
19,14:56:03,11.58,--,4,4632,卖盘
20,14:56:00,11.58,--,5,5790,卖盘
21,14:55:57,11.58,--,33,38214,卖盘
22,14:55:54,11.58,-0.01,10,11580,卖盘
23,14:55:51,11.59,-0.01,34,39406,卖盘
24,14:55:48,11.6,0.02,31,35960,买盘
25,14:55:45,11.58,-0.02,281,325398,卖盘
26,14:55:42,11.6,0.01,80,92800,买盘
27,14:55:39,11.59,--,50,57950,卖盘
28,14:55:36,11.59,--,59,68381,卖盘
29,14:55:33,11.59,--,135,156465,卖盘
30,14:55:30,11.59,--,15,17385,卖盘
31,14:55:27,11.59,--,266,309313,买盘
32,14:55:24,11.59,0.01,15,17385,买盘
33,14:55:21,11.58,-0.01,55,63690,卖盘
34,14:55:18,11.59,--,11,12749,买盘
35,14:55:15,11.59,0.01,20,23180,买盘
36,14:55:12,11.58,-0.01,53,61374,卖盘
37,14:55:09,11.59,0.01,170,197030,买盘
38,14:55:00,11.58,-0.02,371,429618,卖盘
39,14:54:57,11.6,0.01,22,25520,买盘
40,14:54:54,11.59,--,45,52155,卖盘
41,14:54:51,11.59,--,315,365085,买盘
42,14:54:45,11.59,0.01,92,106628,买盘
43,14:54:42,11.58,--,38,44004,卖盘
44,14:54:39,11.58,0.01,57,66006,买盘
45,14:54:36,11.57,-0.01,19,21983,卖盘
46,14:54:33,11.58,--,438,507204,卖盘
47,14:54:30,11.58,-0.01,5,5790,卖盘
48,14:54:27,11.59,0.02,349,404491,买盘
49,14:54:24,11.57,-0.01,16,18512,卖盘
50,14:54:21,11.58,-0.01,361,418038,卖盘
51,14:54:18,11.59,--,15,17385,买盘
52,14:54:12,11.59,0.01,139,161101,买盘
53,14:54:09,11.58,-0.01,35,40530,卖盘
54,14:54:06,11.59,0.01,34,39406,买盘
55,14:54:03,11.58,-0.01,167,193386,卖盘
56,14:53:57,11.59,0.02,48,55632,买盘
57,14:53:54,11.57,--,30,34710,卖盘
58,14:53:51,11.57,-0.01,184,212888,卖盘
59,14:53:48,11.58,-0.01,12,13896,卖盘
60,14:53:45,11.59,0.01,1,1159,买盘
61,14:53:42,11.58,--,19,22002,卖盘
62,14:53:39,11.58,0.01,442,511836,买盘
63,14:53:33,11.57,-0.01,26,30082,卖盘
64,14:53:30,11.58,--,107,123906,买盘
65,14:53:27,11.58,-0.01,317,367086,卖盘
66,14:53:24,11.59,--,100,115900,买盘
67,14:53:21,11.59,--,30,34770,买盘
68,14:53:18,11.59,--,50,57950,买盘
69,14:53:15,11.59,-0.01,500,579500,卖盘
70,14:53:12,11.6,--,20,23200,买盘
71,14:53:09,11.6,0.01,30,34800,买盘
72,14:53:06,11.59,-0.01,52,60268,卖盘
73,14:53:03,11.6,--,11,12760,买盘
74,14:53:00,11.6,-0.01,15,17400,买盘
75,14:52:57,11.61,0.01,30,34830,买盘
76,14:52:54,11.6,--,101,117160,卖盘
77,14:52:51,11.6,--,59,68440,卖盘
78,14:52:48,11.6,--,66,76560,卖盘
79,14:52:45,11.6,--,82,95120,卖盘
80,14:52:42,11.6,-0.01,45,52200,买盘
81,14:52:39,11.61,0.01,42,48762,买盘
82,14:52:36,11.6,--,17,19720,卖盘
83,14:52:33,11.6,--,52,60320,卖盘
84,14:52:30,11.6,--,839,973240,买盘
85,14:52:27,11.6,--,224,259840,卖盘
86,14:52:24,11.6,--,167,193720,卖盘
87,14:52:18,11.6,--,69,80040,卖盘
88,14:52:15,11.6,--,31,35960,卖盘
89,14:52:12,11.6,-0.01,83,96280,卖盘
90,14:52:09,11.61,0.01,36,41796,买盘
91,14:52:03,11.6,--,47,54520,卖盘
92,14:52:00,11.6,--,3,3480,卖盘
93,14:51:57,11.6,--,198,229680,买盘
94,14:51:54,11.6,0.01,225,261000,买盘
95,14:51:51,11.59,--,135,156835,卖盘
96,14:51:48,11.59,--,20,23180,卖盘
97,14:51:45,11.59,0.01,41,47519,买盘
98,14:51:42,11.58,--,5051,5849058,卖盘
99,14:51:39,11.58,--,21,24318,卖盘
100,14:51:36,11.58,--,6,6948,卖盘
101,14:51:33,11.58,--,30,34740,卖盘
102,14:51:30,11.58,--,801,927558,买盘
103,14:51:27,11.58,--,16,18528,买盘
104,14:51:21,11.58,--,51,59058,买盘
105,14:51:18,11.58,--,4,4632,买盘
106,14:51:15,11.58,--,15,17370,买盘
107,14:51:12,11.58,0.01,104,120432,买盘
108,14:51:09,11.57,-0.01,75,86775,卖盘
109,14:51:03,11.58,0.01,130,150540,买盘
110,14:50:57,11.57,--,2,2314,卖盘
111,14:50:54,11.57,-0.01,90,104130,卖盘
112,14:50:51,11.58,0.01,15,17370,买盘
113,14:50:48,11.57,0.01,30,34710,买盘
114,14:50:45,11.56,--,21,24276,卖盘
115,14:50:42,11.56,-0.01,618,714408,卖盘
116,14:50:39,11.57,0.01,74,85618,买盘
117,14:50:36,11.56,--,1,1156,卖盘
118,14:50:33,11.56,--,22,25986,买盘
119,14:50:24,11.56,--,24,27744,买盘
120,14:50:18,11.56,--,1,1156,买盘
121,14:50:15,11.56,--,30,34680,买盘
122,14:50:12,11.56,--,10,11560,买盘
123,14:50:09,11.56,0.01,4,4624,买盘
124,14:50:06,11.55,-0.01,46,53130,卖盘
125,14:50:03,11.56,0.01,72,83232,买盘
126,14:50:00,11.55,-0.01,17,19635,卖盘
127,14:49:57,11.56,--,20,23120,买盘
128,14:49:54,11.56,0.01,11,12716,买盘
129,14:49:51,11.55,-0.01,15,17325,卖盘
130,14:49:42,11.56,--,6,7537,卖盘
131,14:49:39,11.56,--,62,72226,买盘
132,14:49:36,11.56,--,20,23120,买盘
133,14:49:33,11.56,0.01,10,11560,买盘
134,14:49:30,11.55,-0.01,16,18480,卖盘
135,14:49:21,11.56,--,103,119068,买盘
136,14:49:18,11.56,--,9,10404,买盘
137,14:49:15,11.56,0.01,3,3468,买盘
138,14:49:12,11.55,-0.01,5,5775,卖盘
139,14:49:09,11.56,--,108,124848,买盘
140,14:49:06,11.56,--,35,40460,买盘
141,14:49:03,11.56,--,70,80920,买盘
142,14:48:57,11.56,--,63,72828,卖盘
143,14:48:54,11.56,--,753,870468,卖盘
144,14:48:51,11.56,--,38,43928,卖盘
145,14:48:48,11.56,-0.01,13,15028,卖盘
146,14:48:45,11.57,0.01,50,57850,买盘
147,14:48:39,11.56,--,220,254320,卖盘
148,14:48:30,11.56,-0.01,21,24276,卖盘
149,14:48:24,11.57,0.01,7,8099,买盘
150,14:48:21,11.56,--,15,17340,卖盘
151,14:48:18,11.56,-0.01,3,3468,中性盘
152,14:48:09,11.57,0.01,133,153881,买盘
153,14:48:06,11.56,--,7,8092,卖盘
154,14:48:03,11.56,--,57,65892,卖盘
155,14:48:00,11.56,--,10,11560,卖盘
156,14:47:57,11.56,--,14,16184,卖盘
157,14:47:54,11.56,--,20,23120,卖盘
158,14:47:48,11.56,-0.01,49,56644,卖盘
159,14:47:45,11.57,--,65,75205,买盘
160,14:47:42,11.57,0.01,35,40495,买盘
161,14:47:39,11.56,-0.01,60,69360,卖盘
162,14:47:33,11.57,0.01,42,48594,买盘
163,14:47:27,11.56,--,119,137564,买盘
164,14:47:21,11.56,0.01,165,190740,买盘
165,14:47:18,11.55,-0.01,121,139755,卖盘
166,14:47:15,11.56,-0.01,58,67048,卖盘
167,14:47:12,11.57,0.01,11,12727,买盘
168,14:47:06,11.56,-0.01,4,4624,中性盘
169,14:47:03,11.57,0.01,18,20826,中性盘
170,14:47:00,11.56,--,2,2312,卖盘
171,14:46:57,11.56,--,63,72828,卖盘
172,14:46:54,11.56,-0.01,70,80920,卖盘
173,14:46:51,11.57,-0.02,129,149253,卖盘
174,14:46:48,11.59,0.01,435,504165,买盘
175,14:46:45,11.58,--,86,99588,卖盘
176,14:46:42,11.58,--,27,31266,卖盘
177,14:46:39,11.58,--,245,283710,卖盘
178,14:46:36,11.58,--,4,4632,卖盘
179,14:46:33,11.58,--,281,325398,买盘
180,14:46:30,11.58,--,124,143592,买盘
181,14:46:27,11.58,--,19,22002,买盘
182,14:46:24,11.58,--,14,16212,买盘
183,14:46:21,11.58,0.01,15,17370,买盘
184,14:46:18,11.57,-0.01,30,34710,卖盘
185,14:46:15,11.58,0.01,1179,1365282,买盘
186,14:46:12,11.57,--,189,218673,卖盘
187,14:46:09,11.57,--,78,90246,买盘
188,14:46:06,11.57,--,324,374868,买盘
189,14:46:00,11.57,0.01,76,87932,买盘
190,14:45:57,11.56,--,68,78608,买盘
191,14:45:54,11.56,--,419,484364,买盘
192,14:45:51,11.56,--,19,21964,买盘
193,14:45:48,11.56,--,36,41616,买盘
194,14:45:42,11.56,--,14,16184,买盘
195,14:45:39,11.56,0.01,31,35836,买盘
196,14:45:36,11.55,--,5,5775,卖盘
197,14:45:27,11.55,-0.01,10,11550,卖盘
198,14:45:24,11.56,0.01,20,23120,买盘
199,14:45:21,11.55,-0.01,175,202125,卖盘
200,14:45:15,11.56,0.01,46,53176,买盘
201,14:45:12,11.55,--,10,11550,卖盘
202,14:45:06,11.55,-0.01,3,3465,卖盘
203,14:45:03,11.56,0.01,8,9248,买盘
204,14:44:57,11.55,-0.01,75,86625,卖盘
205,14:44:54,11.56,0.01,20,23120,买盘
206,14:44:51,11.55,--,6,6930,卖盘
207,14:44:48,11.55,--,3,3465,卖盘
208,14:44:45,11.55,-0.01,3,3465,卖盘
209,14:44:42,11.56,--,139,160684,买盘
210,14:44:39,11.56,--,50,57800,买盘
211,14:44:36,11.56,0.01,5,5780,买盘
212,14:44:33,11.55,--,10,11550,中性盘
213,14:44:30,11.55,-0.01,64,73920,卖盘
214,14:44:27,11.56,--,51,58956,买盘
215,14:44:24,11.56,0.01,70,80920,买盘
216,14:44:21,11.55,--,420,485100,买盘
217,14:44:18,11.55,--,3,3465,买盘
218,14:44:15,11.55,--,113,130515,买盘
219,14:44:06,11.55,0.01,54,62370,买盘
220,14:44:03,11.54,-0.01,40,46160,卖盘
221,14:44:00,11.55,--,7,8085,买盘
222,14:43:54,11.55,0.01,104,120120,买盘
223,14:43:51,11.54,--,1,1154,卖盘
224,14:43:48,11.54,--,39,45929,买盘
225,14:43:42,11.54,--,102,117707,买盘
226,14:43:33,11.54,--,11,12693,买盘
227,14:43:30,11.54,0.01,9,10386,买盘
228,14:43:27,11.53,0.01,302,348206,中性盘
229,14:43:24,11.52,-0.02,11,12672,卖盘
230,14:43:21,11.54,--,242,279268,买盘
231,14:43:12,11.54,0.01,145,167330,买盘
232,14:43:09,11.53,-0.01,187,215611,卖盘
233,14:43:06,11.54,0.01,43,49621,买盘
234,14:42:57,11.53,--,13,14989,卖盘
235,14:42:54,11.53,--,121,139513,卖盘
236,14:42:42,11.53,--,21,24213,卖盘
237,14:42:39,11.53,--,29,33437,卖盘
238,14:42:27,11.53,--,1,1153,卖盘
239,14:42:24,11.53,--,150,172950,买盘
240,14:42:21,11.53,0.01,11,12683,买盘
241,14:42:18,11.52,-0.01,30,34560,卖盘
242,14:42:12,11.53,0.01,17,19601,买盘
243,14:42:09,11.52,--,3,3456,卖盘
244,14:42:06,11.52,--,5,5760,卖盘
245,14:42:03,11.52,-0.01,182,209664,买盘
246,14:42:00,11.53,0.01,7,8071,买盘
247,14:41:57,11.52,--,97,111744,卖盘
248,14:41:54,11.52,--,11,12672,卖盘
249,14:41:51,11.52,--,1,1152,卖盘
250,14:41:45,11.52,-0.01,11,12672,卖盘
251,14:41:42,11.53,0.01,46,53038,买盘
252,14:41:36,11.52,0.01,16,18432,买盘
253,14:41:33,11.51,--,134,154234,卖盘
254,14:41:30,11.51,--,38,43738,卖盘
255,14:41:21,11.51,--,11,12661,卖盘
256,14:41:18,11.51,-0.01,0,563,卖盘
257,14:41:15,11.52,--,3,3456,买盘
258,14:41:09,11.52,0.01,2,2304,买盘
259,14:41:06,11.51,--,2,2302,卖盘
260,14:40:57,11.51,-0.01,8,9208,卖盘
261,14:40:48,11.52,--,34,39168,卖盘
262,14:40:42,11.52,-0.01,4,4608,卖盘
263,14:40:30,11.53,--,15,17295,卖盘
264,14:40:27,11.53,--,1,1153,卖盘
265,14:40:21,11.53,--,11,12683,卖盘
266,14:40:18,11.53,-0.01,11,12683,中性盘
267,14:40:09,11.54,0.02,294,339276,买盘
268,14:40:06,11.52,--,3,3456,卖盘
269,14:40:00,11.52,-0.01,27,31104,卖盘
270,14:39:51,11.53,--,114,131442,买盘
271,14:39:48,11.53,0.01,147,169491,买盘
272,14:39:33,11.52,--,21,24192,买盘
273,14:39:30,11.52,0.01,3,3456,买盘
274,14:39:27,11.51,--,1,1151,卖盘
275,14:39:18,11.51,-0.01,36,41436,卖盘
276,14:39:12,11.52,--,17,19584,卖盘
277,14:39:06,11.52,--,2,2304,卖盘
278,14:39:03,11.52,--,205,236160,卖盘
279,14:38:51,11.52,0.01,11,12672,买盘
280,14:38:48,11.51,0.01,1,1151,中性盘
281,14:38:45,11.5,-0.02,47,54050,卖盘
282,14:38:42,11.52,--,39,44928,买盘
283,14:38:39,11.52,0.02,10,11520,买盘
284,14:38:36,11.5,--,46,53360,卖盘
285,14:38:30,11.5,--,20,23000,卖盘
286,14:38:27,11.5,--,20,23000,卖盘
287,14:38:12,11.5,-0.03,2,2300,买盘
288,14:38:06,11.53,0.03,283,326299,买盘
289,14:38:03,11.5,--,244,280600,卖盘
290,14:38:00,11.5,--,205,235750,卖盘
291,14:37:57,11.5,--,376,432400,卖盘
292,14:37:54,11.5,--,150,172500,卖盘
293,14:37:51,11.5,-0.01,44,50600,卖盘
294,14:37:48,11.51,0.01,121,139271,买盘
295,14:37:45,11.5,--,38,43700,卖盘
296,14:37:42,11.5,-0.01,27,31050,卖盘
297,14:37:39,11.51,--,34,39134,卖盘
298,14:37:36,11.51,0.01,82,94382,中性盘
299,14:37:33,11.5,-0.01,309,355350,卖盘
300,14:37:30,11.51,0.01,38,43738,买盘
301,14:37:27,11.5,-0.03,51,58650,卖盘
302,14:37:24,11.53,0.01,238,274414,买盘
303,14:37:21,11.52,0.01,25,28800,买盘
304,14:37:18,11.51,0.01,196,225596,买盘
305,14:37:15,11.5,--,63,72450,卖盘
306,14:37:12,11.5,--,121,139150,卖盘
307,14:37:09,11.5,--,41,47150,卖盘
308,14:37:06,11.5,--,32,36800,卖盘
309,14:37:03,11.5,--,22,25300,卖盘
310,14:37:00,11.5,--,218,250700,买盘
311,14:36:57,11.5,-0.03,110,126500,卖盘
312,14:36:54,11.53,0.03,64,73792,买盘
313,14:36:51,11.5,--,48,55200,卖盘
314,14:36:48,11.5,--,112,128800,卖盘
315,14:36:45,11.5,-0.03,67,77050,中性盘
316,14:36:33,11.53,0.03,90,103770,买盘
317,14:36:30,11.5,0.01,59,67850,买盘
318,14:36:27,11.49,-0.01,41,47109,卖盘
319,14:36:24,11.5,--,26,29900,卖盘
320,14:36:21,11.5,--,51,58650,卖盘
321,14:36:18,11.5,--,111,127650,卖盘
322,14:36:15,11.5,--,57,65550,卖盘
323,14:36:12,11.5,-0.02,110,126500,卖盘
324,14:36:09,11.52,0.02,302,347904,买盘
325,14:36:06,11.5,--,59,67850,卖盘
326,14:36:03,11.5,--,30,34500,卖盘
327,14:36:00,11.5,--,195,224250,买盘
328,14:35:57,11.5,--,2,2300,买盘
329,14:35:54,11.5,--,5,5750,卖盘
330,14:35:51,11.5,--,38,43700,卖盘
331,14:35:48,11.5,--,62,71300,卖盘
332,14:35:45,11.5,0.01,13,14950,买盘
333,14:35:39,11.49,-0.02,1,1149,卖盘
334,14:35:36,11.51,0.02,135,155385,买盘
335,14:35:30,11.49,-0.01,20,22980,卖盘
336,14:35:18,11.5,--,51,59501,卖盘
337,14:35:15,11.5,0.01,94,108399,买盘
338,14:35:09,11.49,--,167,191883,卖盘
339,14:35:06,11.49,--,2,2298,中性盘
340,14:35:03,11.49,--,113,130422,买盘
341,14:35:00,11.49,--,199,228651,买盘
342,14:34:57,11.49,0.01,2,2298,买盘
343,14:34:54,11.48,-0.01,51,58548,卖盘
344,14:34:51,11.49,--,153,175797,买盘
345,14:34:48,11.49,--,61,70089,买盘
346,14:34:45,11.49,--,140,160860,买盘
347,14:34:42,11.49,-0.01,451,518762,卖盘
348,14:34:39,11.5,--,261,300150,买盘
349,14:34:36,11.5,--,82,94300,买盘
350,14:34:33,11.5,--,812,934651,卖盘
351,14:34:30,11.5,--,60,69000,卖盘
352,14:34:27,11.5,--,102,117300,卖盘
353,14:34:21,11.5,--,144,165899,买盘
354,14:34:18,11.5,--,20,23000,买盘
355,14:34:15,11.5,--,123,142301,卖盘
356,14:34:12,11.5,--,26,29900,卖盘
357,14:34:09,11.5,--,228,262200,卖盘
358,14:34:06,11.5,-0.01,53,60950,卖盘
359,14:34:03,11.51,0.01,136,156536,买盘
360,14:34:00,11.5,--,283,325450,卖盘
361,14:33:57,11.5,--,76,87400,卖盘
362,14:33:54,11.5,--,44,50600,卖盘
363,14:33:51,11.5,--,88,101200,卖盘
364,14:33:45,11.5,-0.01,26,29900,卖盘
365,14:33:42,11.51,0.01,104,120003,买盘
366,14:33:39,11.5,--,173,198950,卖盘
367,14:33:36,11.5,--,122,140300,卖盘
368,14:33:33,11.5,-0.01,3,3450,卖盘
369,14:33:30,11.51,--,3,4304,卖盘
370,14:33:27,11.51,--,97,111647,卖盘
371,14:33:24,11.51,--,40,46040,卖盘
372,14:33:21,11.51,--,291,335240,买盘
373,14:33:18,11.51,0.01,136,156536,买盘
374,14:33:15,11.5,--,136,156400,卖盘
375,14:33:12,11.5,--,32,36800,卖盘
376,14:33:09,11.5,-0.01,63,72450,卖盘
377,14:33:06,11.51,-0.02,184,212635,卖盘
378,14:33:03,11.53,0.01,87,100311,买盘
379,14:33:00,11.52,0.01,231,266112,买盘
380,14:32:57,11.51,--,46,52946,卖盘
381,14:32:54,11.51,-0.01,114,131214,卖盘
382,14:32:51,11.52,0.01,1,1152,买盘
383,14:32:48,11.51,--,110,126610,卖盘
384,14:32:45,11.51,--,48,55248,卖盘
385,14:32:42,11.51,-0.01,105,120855,卖盘
386,14:32:39,11.52,-0.01,11,12672,卖盘
387,14:32:33,11.53,--,490,565754,卖盘
388,14:32:30,11.53,--,152,175256,卖盘
389,14:32:27,11.53,0.02,311,358951,买盘
390,14:32:24,11.51,--,107,123157,卖盘
391,14:32:21,11.51,--,63,72513,卖盘
392,14:32:18,11.51,--,73,84023,卖盘
393,14:32:15,11.51,-0.02,31,35681,卖盘
394,14:32:12,11.53,0.01,60,69180,买盘
395,14:32:09,11.52,-0.01,71,81792,卖盘
396,14:32:03,11.53,--,125,144125,卖盘
397,14:32:00,11.53,0.01,160,184480,买盘
398,14:31:57,11.52,--,61,70272,卖盘
399,14:31:54,11.52,--,65,74880,卖盘
400,14:31:51,11.52,--,79,91008,卖盘
401,14:31:48,11.52,--,169,194688,卖盘
402,14:31:45,11.52,--,57,65664,卖盘
403,14:31:42,11.52,--,130,149760,买盘
404,14:31:39,11.52,0.01,22,25344,卖盘
405,14:31:36,11.51,-0.02,56,64456,卖盘
406,14:31:33,11.53,0.02,462,532985,买盘
407,14:31:30,11.51,-0.01,81,93231,卖盘
408,14:31:27,11.52,--,91,105684,卖盘
409,14:31:24,11.52,--,97,111744,卖盘
410,14:31:21,11.52,0.01,460,530219,买盘
411,14:31:18,11.51,--,71,81721,卖盘
412,14:31:15,11.51,--,97,111647,卖盘
413,14:31:12,11.51,--,23,26473,卖盘
414,14:31:09,11.51,0.01,165,189915,买盘
415,14:31:06,11.5,--,4,4600,买盘
416,14:31:03,11.5,--,70,80500,卖盘
417,14:31:00,11.5,--,141,162150,买盘
418,14:30:54,11.5,--,31,35650,买盘
419,14:30:51,11.5,-0.01,26,29900,卖盘
420,14:30:48,11.51,0.01,85,97835,买盘
421,14:30:42,11.5,--,20,23000,买盘
422,14:30:39,11.5,--,11,12650,买盘
423,14:30:33,11.5,-0.01,70,80500,卖盘
424,14:30:30,11.51,0.01,37,42587,买盘
425,14:30:27,11.5,--,120,138000,卖盘
426,14:30:24,11.5,--,66,75900,卖盘
427,14:30:21,11.5,--,111,127650,卖盘
428,14:30:18,11.5,--,103,118450,卖盘
429,14:30:15,11.5,--,67,77050,卖盘
430,14:30:12,11.5,--,69,79350,卖盘
431,14:30:09,11.5,--,20,23000,卖盘
432,14:30:06,11.5,--,63,72450,买盘
433,14:30:00,11.5,--,244,280600,卖盘
434,14:29:57,11.5,--,93,106950,卖盘
435,14:29:54,11.5,--,82,94300,卖盘
436,14:29:51,11.5,--,125,143750,卖盘
437,14:29:48,11.5,--,10,11500,卖盘
438,14:29:45,11.5,--,131,150650,卖盘
439,14:29:42,11.5,--,83,95450,卖盘
440,14:29:39,11.5,-0.01,91,104650,卖盘
441,14:29:36,11.51,0.01,2,2302,买盘
442,14:29:33,11.5,-0.01,61,70150,卖盘
443,14:29:30,11.51,0.01,64,73664,买盘
444,14:29:27,11.5,-0.01,1,1150,中性盘
445,14:29:24,11.51,0.01,53,61003,买盘
446,14:29:21,11.5,-0.01,24,27600,中性盘
447,14:29:18,11.51,0.01,237,272787,买盘
448,14:29:15,11.5,--,41,47150,卖盘
449,14:29:12,11.5,-0.01,14,16100,卖盘
450,14:29:09,11.51,--,3,3453,卖盘
451,14:29:06,11.51,0.01,56,64456,买盘
452,14:29:03,11.5,-0.01,206,236900,卖盘
453,14:29:00,11.51,--,159,183009,买盘
454,14:28:57,11.51,0.01,134,154234,买盘
455,14:28:54,11.5,--,57,65550,卖盘
456,14:28:51,11.5,--,63,72450,卖盘
457,14:28:48,11.5,--,67,77050,卖盘
458,14:28:45,11.5,--,43,49450,卖盘
459,14:28:42,11.5,--,99,113850,卖盘
460,14:28:39,11.5,--,79,90850,卖盘
461,14:28:36,11.5,--,175,201250,卖盘
462,14:28:33,11.5,--,17,19550,卖盘
463,14:28:30,11.5,--,101,116150,卖盘
464,14:28:27,11.5,--,56,64400,卖盘
465,14:28:24,11.5,--,66,75900,卖盘
466,14:28:21,11.5,-0.01,4,4600,卖盘
467,14:28:18,11.51,--,78,89778,卖盘
468,14:28:15,11.51,--,119,136969,卖盘
469,14:28:12,11.51,--,90,103590,买盘
470,14:28:09,11.51,--,67,77117,卖盘
471,14:28:06,11.51,--,39,44889,卖盘
472,14:28:03,11.51,-0.01,109,125459,卖盘
473,14:28:00,11.52,0.01,263,302976,买盘
474,14:27:57,11.51,--,96,110496,卖盘
475,14:27:54,11.51,0.01,77,88627,买盘
476,14:27:51,11.5,--,199,228850,卖盘
477,14:27:48,11.5,--,86,98900,卖盘
478,14:27:45,11.5,-0.01,64,73600,卖盘
479,14:27:39,11.51,--,8,10059,卖盘
480,14:27:36,11.51,--,120,138120,卖盘
481,14:27:33,11.51,--,135,155684,买盘
482,14:27:30,11.51,0.01,90,103590,买盘
483,14:27:27,11.5,--,165,189750,卖盘
484,14:27:21,11.5,-0.01,9,10350,卖盘
485,14:27:18,11.51,--,69,80270,卖盘
486,14:27:12,11.51,--,128,147627,买盘
487,14:27:09,11.51,0.01,11,12661,买盘
488,14:27:06,11.5,--,71,81650,卖盘
489,14:27:03,11.5,--,64,73600,卖盘
490,14:27:00,11.5,--,260,299000,卖盘
491,14:26:57,11.5,-0.01,86,98900,卖盘
492,14:26:54,11.51,0.01,51,58701,买盘
493,14:26:51,11.5,--,144,165600,卖盘
494,14:26:48,11.5,--,51,58650,卖盘
495,14:26:45,11.5,-0.01,71,81650,卖盘
496,14:26:42,11.51,0.01,8,9208,买盘
497,14:26:39,11.5,--,102,117300,买盘
498,14:26:36,11.5,0.01,8,9200,买盘
499,14:26:30,11.49,-0.01,52,59748,卖盘
500,14:26:27,11.5,0.01,112,128800,买盘
501,14:26:21,11.49,-0.01,1,1149,卖盘
502,14:26:18,11.5,--,24,27600,买盘
503,14:26:15,11.5,--,52,59800,卖盘
504,14:26:12,11.5,--,100,115000,卖盘
505,14:26:06,11.5,--,124,142600,卖盘
506,14:26:03,11.5,--,38,43700,卖盘
507,14:26:00,11.5,--,78,89700,买盘
508,14:25:57,11.5,--,10,11500,买盘
509,14:25:54,11.5,--,34,39100,买盘
510,14:25:51,11.5,--,2,2300,买盘
511,14:25:48,11.5,--,63,72450,卖盘
512,14:25:45,11.5,-0.01,3,3450,卖盘
513,14:25:42,11.51,0.01,74,85174,买盘
514,14:25:39,11.5,0.01,42,48300,买盘
515,14:25:36,11.49,-0.01,18,20682,卖盘
516,14:25:33,11.5,--,114,131100,卖盘
517,14:25:30,11.5,--,26,29900,卖盘
518,14:25:27,11.5,--,129,148350,卖盘
519,14:25:24,11.5,--,269,309350,卖盘
520,14:25:21,11.5,--,141,162150,卖盘
521,14:25:18,11.5,--,49,56350,卖盘
522,14:25:15,11.5,--,82,94300,卖盘
523,14:25:12,11.5,--,27,31050,卖盘
524,14:25:09,11.5,--,129,148350,卖盘
525,14:25:06,11.5,--,2,2300,卖盘
526,14:25:03,11.5,--,112,128800,买盘
527,14:25:00,11.5,--,216,248400,卖盘
528,14:24:57,11.5,--,10,11500,卖盘
529,14:24:54,11.5,0.01,10,11500,买盘
530,14:24:51,11.49,-0.01,18,20682,卖盘
531,14:24:48,11.5,--,23,26450,买盘
532,14:24:42,11.5,0.01,85,97750,买盘
533,14:24:36,11.49,-0.01,16,18384,卖盘
534,14:24:33,11.5,--,11,12650,买盘
535,14:24:27,11.5,--,17,19550,买盘
536,14:24:21,11.5,--,33,39042,卖盘
537,14:24:18,11.5,--,102,117300,卖盘
538,14:24:15,11.5,--,50,57557,买盘
539,14:24:12,11.5,--,28,32200,买盘
540,14:24:09,11.5,--,40,47092,卖盘
541,14:24:06,11.5,--,106,121900,卖盘
542,14:24:00,11.5,--,73,84007,买盘
543,14:23:57,11.5,--,4,4600,买盘
544,14:23:54,11.5,0.01,12,13800,买盘
545,14:23:45,11.49,--,45,51705,卖盘
546,14:23:42,11.49,--,9,10341,卖盘
547,14:23:39,11.49,-0.01,1,1149,卖盘
548,14:23:36,11.5,--,54,62100,买盘
549,14:23:33,11.5,--,10,11500,买盘
550,14:23:30,11.5,0.01,8,9200,买盘
551,14:23:27,11.49,-0.01,16,18384,卖盘
552,14:23:21,11.5,--,5,5750,买盘
553,14:23:18,11.5,0.01,12,13800,买盘
554,14:23:15,11.49,-0.01,10,11490,卖盘
555,14:23:09,11.5,--,22,25300,买盘
556,14:23:06,11.5,--,26,29900,卖盘
557,14:23:00,11.5,--,188,216200,买盘
558,14:22:54,11.5,--,50,57500,买盘
559,14:22:51,11.5,--,39,44850,买盘
560,14:22:48,11.5,0.01,2,2300,买盘
561,14:22:45,11.49,-0.01,1,1149,卖盘
562,14:22:36,11.5,--,28,32200,卖盘
563,14:22:33,11.5,--,15,17250,卖盘
564,14:22:30,11.5,--,117,134550,买盘
565,14:22:21,11.5,--,53,60950,买盘
566,14:22:18,11.5,--,58,66700,卖盘
567,14:22:15,11.5,--,70,80500,卖盘
568,14:22:12,11.5,--,57,65550,卖盘
569,14:22:06,11.5,--,27,31050,买盘
570,14:22:00,11.5,--,223,256450,买盘
571,14:21:54,11.5,0.01,2,2300,买盘
572,14:21:45,11.49,-0.01,103,118347,卖盘
573,14:21:42,11.5,--,10,11500,买盘
574,14:21:30,11.5,--,38,43700,买盘
575,14:21:27,11.5,0.01,13,14950,买盘
576,14:21:15,11.49,-0.01,42,48258,卖盘
577,14:21:12,11.5,--,108,124200,卖盘
578,14:21:09,11.5,--,70,80500,卖盘
579,14:21:06,11.5,--,128,147200,卖盘
580,14:21:00,11.5,--,81,93150,买盘
581,14:20:54,11.5,--,11,12650,买盘
582,14:20:51,11.5,0.01,2,2300,买盘
583,14:20:42,11.49,-0.01,3,3447,卖盘
584,14:20:33,11.5,0.01,28,32200,买盘
585,14:20:27,11.49,-0.01,51,58599,卖盘
586,14:20:21,11.5,--,18,20700,买盘
587,14:20:18,11.5,--,1,1150,买盘
588,14:20:12,11.5,--,41,47150,买盘
589,14:20:09,11.5,0.01,45,51750,买盘
590,14:20:06,11.49,--,1,1149,卖盘
591,14:20:03,11.49,-0.01,30,34470,卖盘
592,14:20:00,11.5,--,198,227700,买盘
593,14:19:54,11.5,--,15,17250,买盘
594,14:19:51,11.5,0.01,2,2300,买盘
595,14:19:45,11.49,-0.01,1,1149,卖盘
596,14:19:39,11.5,--,11,12650,买盘
597,14:19:33,11.5,--,11,12650,买盘
598,14:19:30,11.5,--,1,1150,中性盘
599,14:19:24,11.5,--,40,46000,卖盘
600,14:19:21,11.5,--,61,70150,买盘
601,14:19:18,11.5,--,1,1150,买盘
602,14:19:06,11.5,--,40,46000,卖盘
603,14:19:03,11.5,--,26,29900,卖盘
604,14:19:00,11.5,--,133,152950,买盘
605,14:18:51,11.5,--,17,19550,买盘
606,14:18:48,11.5,--,11,13006,买盘
607,14:18:39,11.5,0.01,62,71300,买盘
608,14:18:36,11.49,--,14,16086,卖盘
609,14:18:27,11.49,-0.01,1,1149,卖盘
610,14:18:21,11.5,0.01,30,34500,买盘
611,14:18:18,11.49,--,8,9192,卖盘
612,14:18:12,11.49,-0.01,1,1149,卖盘
613,14:18:06,11.5,--,5,5750,买盘
614,14:18:00,11.5,--,216,248400,买盘
615,14:17:51,11.5,--,4,4600,买盘
616,14:17:48,11.5,0.01,11,12650,买盘
617,14:17:33,11.49,-0.01,9,10341,卖盘
618,14:17:30,11.5,0.01,10,11500,买盘
619,14:17:27,11.49,-0.01,10,11719,卖盘
620,14:17:21,11.5,0.01,18,20700,买盘
621,14:17:18,11.49,-0.01,54,62046,卖盘
622,14:17:12,11.5,--,20,23000,买盘
623,14:17:06,11.5,0.01,11,12650,买盘
624,14:17:03,11.49,-0.01,11,12639,卖盘
625,14:17:00,11.5,--,198,227700,买盘
626,14:16:54,11.5,--,10,11500,买盘
627,14:16:51,11.5,--,22,25300,买盘
628,14:16:48,11.5,--,8,9200,买盘
629,14:16:45,11.5,--,24,27600,买盘
630,14:16:42,11.5,--,20,23000,买盘
631,14:16:27,11.5,0.01,3,3450,买盘
632,14:16:24,11.49,--,9,10341,卖盘
633,14:16:21,11.49,-0.01,5,5745,卖盘
634,14:16:18,11.5,--,10,11500,买盘
635,14:16:06,11.5,--,22,25300,卖盘
636,14:16:03,11.5,--,83,95450,卖盘
637,14:16:00,11.5,--,25,28750,卖盘
638,14:15:57,11.5,--,83,95450,买盘
639,14:15:51,11.5,--,2,2300,买盘
640,14:15:48,11.5,0.01,11,12650,买盘
641,14:15:45,11.49,--,12,13788,卖盘
642,14:15:30,11.49,--,43,49407,卖盘
643,14:15:27,11.49,-0.01,1,1149,卖盘
644,14:15:12,11.5,--,22,25300,卖盘
645,14:15:09,11.5,--,48,55200,卖盘
646,14:15:06,11.5,--,94,108100,卖盘
647,14:15:03,11.5,--,36,41400,卖盘
648,14:15:00,11.5,--,39,44850,卖盘
649,14:14:57,11.5,0.01,125,143750,买盘
650,14:14:51,11.49,-0.01,1,1149,卖盘
651,14:14:48,11.5,--,2,2300,买盘
652,14:14:27,11.5,--,34,39100,买盘
653,14:14:18,11.5,--,17,19550,买盘
654,14:14:09,11.5,--,11,12857,卖盘
655,14:14:06,11.5,--,96,110400,卖盘
656,14:14:03,11.5,--,43,50186,卖盘
657,14:14:00,11.5,--,5,5750,卖盘
658,14:13:57,11.5,--,52,60007,买盘
659,14:13:54,11.5,--,51,58650,买盘
660,14:13:51,11.5,--,20,23000,买盘
661,14:13:48,11.5,0.01,2,2300,买盘
662,14:13:42,11.49,-0.01,200,229800,卖盘
663,14:13:27,11.5,--,3,3450,买盘
664,14:13:24,11.5,--,40,46000,买盘
665,14:13:18,11.5,--,1,1150,买盘
666,14:13:12,11.5,--,50,57500,买盘
667,14:13:06,11.5,--,87,100199,卖盘
668,14:13:03,11.5,--,74,85100,卖盘
669,14:13:00,11.5,--,13,14950,卖盘
670,14:12:57,11.5,--,82,95300,买盘
671,14:12:51,11.5,--,2,2300,买盘
672,14:12:48,11.5,0.01,34,39100,买盘
673,14:12:45,11.49,--,1,1149,卖盘
674,14:12:42,11.49,-0.01,9,10341,卖盘
675,14:12:39,11.5,--,8,9200,买盘
676,14:12:36,11.5,--,22,25300,卖盘
677,14:12:33,11.5,--,36,41400,卖盘
678,14:12:30,11.5,--,57,65550,卖盘
679,14:12:27,11.5,0.01,148,170200,买盘
680,14:12:24,11.49,--,52,59748,卖盘
681,14:12:21,11.49,-0.01,1,1149,卖盘
682,14:12:18,11.5,--,42,48300,卖盘
683,14:12:15,11.5,--,32,36800,卖盘
684,14:12:12,11.5,--,23,26450,买盘
685,14:12:00,11.5,--,9,10350,买盘
686,14:11:57,11.5,--,205,235750,买盘
687,14:11:54,11.5,--,23,26450,买盘
688,14:11:48,11.5,--,5,5750,买盘
689,14:11:45,11.5,--,78,89700,卖盘
690,14:11:39,11.5,--,60,69000,买盘
691,14:11:36,11.5,--,5,5750,卖盘
692,14:11:33,11.5,0.01,1,1150,中性盘
693,14:11:30,11.49,-0.02,2,2298,卖盘
694,14:11:27,11.51,0.02,10,11510,买盘
695,14:11:24,11.49,-0.02,130,149370,卖盘
696,14:11:21,11.51,--,17,19567,卖盘
697,14:11:18,11.51,0.01,173,199123,买盘
698,14:11:09,11.5,--,12,13800,买盘
699,14:11:06,11.5,--,61,70150,卖盘
700,14:11:00,11.5,--,61,70150,卖盘
701,14:10:57,11.5,0.01,84,96600,买盘
702,14:10:48,11.49,-0.01,1,1149,卖盘
703,14:10:45,11.5,--,24,27600,买盘
704,14:10:42,11.5,--,20,23000,买盘
705,14:10:33,11.5,--,13,14950,买盘
706,14:10:30,11.5,0.01,11,12650,买盘
707,14:10:27,11.49,--,1,1149,卖盘
708,14:10:24,11.49,--,8,9192,卖盘
709,14:10:21,11.49,--,5,5745,卖盘
710,14:10:15,11.49,--,14,16086,卖盘
711,14:10:12,11.49,-0.01,10,11490,卖盘
712,14:10:09,11.5,--,74,85790,卖盘
713,14:10:06,11.5,--,38,43700,卖盘
714,14:10:03,11.5,--,110,126500,卖盘
715,14:10:00,11.5,--,1,1150,卖盘
716,14:09:57,11.5,--,4,5060,买盘
717,14:09:54,11.5,--,2,2300,买盘
718,14:09:51,11.5,0.01,67,77050,买盘
719,14:09:45,11.49,-0.01,2,2298,卖盘
720,14:09:42,11.5,--,38,43700,买盘
721,14:09:36,11.5,--,3,3450,买盘
722,14:09:33,11.5,--,10,11500,买盘
723,14:09:27,11.5,--,40,46000,买盘
724,14:09:21,11.5,--,10,12190,卖盘
725,14:09:18,11.5,--,27,31510,买盘
726,14:09:15,11.5,--,10,11500,买盘
727,14:09:09,11.5,0.01,20,23000,买盘
728,14:09:06,11.49,-0.01,74,85026,卖盘
729,14:09:00,11.5,--,17,19550,买盘
730,14:08:57,11.5,--,223,256450,买盘
731,14:08:54,11.5,--,11,12650,买盘
732,14:08:51,11.5,0.01,2,2300,买盘
733,14:08:45,11.49,-0.01,1,1149,卖盘
734,14:08:33,11.5,--,3,3450,买盘
735,14:08:30,11.5,0.01,2,2300,买盘
736,14:08:27,11.49,-0.01,2,2298,卖盘
737,14:08:24,11.5,--,10,11500,买盘
738,14:08:09,11.5,--,81,94047,卖盘
739,14:08:06,11.5,--,77,88550,卖盘
740,14:08:03,11.5,--,59,67850,卖盘
741,14:08:00,11.5,-0.01,104,119600,卖盘
742,14:07:57,11.51,0.01,158,181858,买盘
743,14:07:54,11.5,--,18,20700,卖盘
744,14:07:48,11.5,--,19,22103,买盘
745,14:07:45,11.5,--,23,26450,买盘
746,14:07:39,11.5,--,5,5750,买盘
747,14:07:36,11.5,--,50,57500,买盘
748,14:07:33,11.5,0.01,43,49450,买盘
749,14:07:30,11.49,-0.01,21,24129,卖盘
750,14:07:15,11.5,--,34,39997,卖盘
751,14:07:12,11.5,--,92,105800,卖盘
752,14:07:09,11.5,--,94,108100,卖盘
753,14:07:06,11.5,-0.01,79,90850,卖盘
754,14:07:03,11.51,--,28,32228,买盘
755,14:07:00,11.51,--,101,116251,卖盘
756,14:06:57,11.51,--,152,174952,买盘
757,14:06:54,11.51,0.01,51,58701,买盘
758,14:06:51,11.5,--,52,59800,卖盘
759,14:06:48,11.5,--,106,121900,卖盘
760,14:06:45,11.5,--,64,73600,卖盘
761,14:06:42,11.5,--,112,128800,卖盘
762,14:06:39,11.5,--,96,110400,卖盘
763,14:06:36,11.5,--,95,109250,卖盘
764,14:06:33,11.5,--,60,69000,卖盘
765,14:06:30,11.5,--,114,131100,卖盘
766,14:06:27,11.5,--,118,135700,卖盘
767,14:06:24,11.5,--,62,71300,卖盘
768,14:06:21,11.5,--,41,47150,卖盘
769,14:06:18,11.5,--,90,103500,卖盘
770,14:06:15,11.5,--,23,26450,卖盘
771,14:06:12,11.5,--,116,133400,卖盘
772,14:06:09,11.5,--,61,70150,卖盘
773,14:06:06,11.5,--,59,67850,卖盘
774,14:06:03,11.5,--,152,174800,卖盘
775,14:06:00,11.5,--,30,34500,卖盘
776,14:05:57,11.5,0.01,166,191153,买盘
777,14:05:51,11.49,-0.01,11,12639,卖盘
778,14:05:48,11.5,--,2,2300,买盘
779,14:05:45,11.5,--,22,26197,卖盘
780,14:05:42,11.5,--,92,105800,卖盘
781,14:05:39,11.5,-0.01,219,251850,卖盘
782,14:05:36,11.51,0.01,60,69060,买盘
783,14:05:33,11.5,--,108,124200,卖盘
784,14:05:30,11.5,--,71,81650,卖盘
785,14:05:27,11.5,--,53,60950,卖盘
786,14:05:24,11.5,--,8,9200,卖盘
787,14:05:21,11.5,--,90,103753,买盘
788,14:05:18,11.5,--,10,11500,买盘
789,14:05:15,11.5,--,11,12650,买盘
790,14:05:12,11.5,--,70,80500,买盘
791,14:05:09,11.5,--,3,3450,买盘
792,14:05:06,11.5,--,62,71472,卖盘
793,14:05:03,11.5,--,41,47150,卖盘
794,14:05:00,11.5,--,67,77050,卖盘
795,14:04:57,11.5,--,38,44677,买盘
796,14:04:54,11.5,--,25,28750,买盘
797,14:04:51,11.5,--,2,2300,买盘
798,14:04:48,11.5,--,23,26450,买盘
799,14:04:42,11.5,0.01,9,10350,买盘
800,14:04:39,11.49,--,10,11490,卖盘
801,14:04:33,11.49,-0.01,1,1149,卖盘
802,14:04:30,11.5,--,2,2300,买盘
803,14:04:27,11.5,--,2,2300,买盘
804,14:04:24,11.5,0.01,20,23000,买盘
805,14:04:09,11.49,-0.01,9,10341,卖盘
806,14:04:06,11.5,--,123,141450,买盘
807,14:04:03,11.5,--,16,18400,买盘
808,14:04:00,11.5,--,115,132422,卖盘
809,14:03:57,11.5,0.01,102,118277,买盘
810,14:03:48,11.49,-0.01,6,6894,卖盘
811,14:03:45,11.5,0.01,17,19550,买盘
812,14:03:42,11.49,-0.01,2,2298,卖盘
813,14:03:27,11.5,--,11,12650,买盘
814,14:03:24,11.5,0.01,10,11500,买盘
815,14:03:18,11.49,-0.01,2,2298,卖盘
816,14:03:15,11.5,--,38,43700,买盘
817,14:03:12,11.5,--,3,3450,买盘
818,14:03:09,11.5,--,65,74750,卖盘
819,14:03:06,11.5,--,47,54050,卖盘
820,14:03:03,11.5,--,86,98900,卖盘
821,14:02:57,11.5,0.01,67,77050,买盘
822,14:02:54,11.49,-0.01,9,10341,卖盘
823,14:02:48,11.5,--,3,3450,买盘
824,14:02:45,11.5,--,25,28750,买盘
825,14:02:30,11.5,--,10,11500,买盘
826,14:02:27,11.5,--,16,18400,买盘
827,14:02:24,11.5,--,45,51750,买盘
828,14:02:21,11.5,--,11,12650,买盘
829,14:02:15,11.5,--,31,35650,卖盘
830,14:02:12,11.5,--,68,78200,卖盘
831,14:02:09,11.5,--,121,139150,卖盘
832,14:02:06,11.5,--,54,62100,卖盘
833,14:02:03,11.5,--,54,62100,卖盘
834,14:02:00,11.5,-0.01,20,23000,卖盘
835,14:01:57,11.51,0.02,83,95533,买盘
836,14:01:54,11.49,-0.01,13,14937,卖盘
837,14:01:51,11.5,--,33,37950,卖盘
838,14:01:48,11.5,--,118,135700,卖盘
839,14:01:42,11.5,--,48,55200,买盘
840,14:01:33,11.5,--,8,9200,买盘
841,14:01:30,11.5,--,39,44850,卖盘
842,14:01:27,11.5,--,48,55200,买盘
843,14:01:24,11.5,--,87,100050,买盘
844,14:01:21,11.5,--,30,34500,买盘
845,14:01:18,11.5,-0.02,36,41400,卖盘
846,14:01:15,11.52,--,115,132480,买盘
847,14:01:09,11.52,--,4,4608,卖盘
848,14:01:06,11.52,--,65,74880,卖盘
849,14:01:03,11.52,--,48,55296,卖盘
850,14:01:00,11.52,--,51,58752,卖盘
851,14:00:57,11.52,0.02,87,100224,买盘
852,14:00:54,11.5,-0.01,84,96600,卖盘
853,14:00:51,11.51,0.01,38,43738,中性盘
854,14:00:48,11.5,--,48,55200,卖盘
855,14:00:45,11.5,--,45,51750,卖盘
856,14:00:42,11.5,--,83,95450,卖盘
857,14:00:39,11.5,--,62,71300,卖盘
858,14:00:36,11.5,--,62,71300,卖盘
859,14:00:33,11.5,--,62,71300,卖盘
860,14:00:27,11.5,-0.03,1,1150,中性盘
861,14:00:24,11.53,0.03,252,290556,买盘
862,14:00:21,11.5,--,13,14950,买盘
863,14:00:15,11.5,--,69,79350,卖盘
864,14:00:12,11.5,--,81,93150,卖盘
865,14:00:09,11.5,--,50,57500,卖盘
866,14:00:06,11.5,--,49,56350,卖盘
867,14:00:03,11.5,--,92,105800,卖盘
868,14:00:00,11.5,-0.02,27,31050,卖盘
869,13:59:57,11.52,0.02,217,249984,买盘
870,13:59:54,11.5,--,195,224250,卖盘
871,13:59:51,11.5,--,126,144900,卖盘
872,13:59:45,11.5,--,13,14950,买盘
873,13:59:42,11.5,--,21,24150,买盘
874,13:59:39,11.5,0.01,41,47150,买盘
875,13:59:36,11.49,-0.01,1,1149,卖盘
876,13:59:33,11.5,--,69,79350,卖盘
877,13:59:30,11.5,--,5,5750,买盘
878,13:59:27,11.5,-0.01,9,10350,中性盘
879,13:59:24,11.51,0.01,175,201425,买盘
880,13:59:21,11.5,--,56,64400,买盘
881,13:59:15,11.5,--,8,9200,卖盘
882,13:59:12,11.5,--,80,92000,卖盘
883,13:59:06,11.5,-0.01,15,17250,卖盘
884,13:59:03,11.51,--,60,69060,卖盘
885,13:59:00,11.51,--,106,122006,卖盘
886,13:58:57,11.51,--,32,36832,买盘
887,13:58:54,11.51,0.01,51,58701,买盘
888,13:58:51,11.5,--,55,63250,卖盘
889,13:58:48,11.5,--,137,157550,卖盘
890,13:58:45,11.5,-0.01,54,62100,卖盘
891,13:58:42,11.51,0.01,12,13812,买盘
892,13:58:39,11.5,--,110,126500,买盘
893,13:58:36,11.5,--,20,23000,买盘
894,13:58:30,11.5,--,47,54050,买盘
895,13:58:27,11.5,--,29,33350,卖盘
896,13:58:24,11.5,--,89,102350,卖盘
897,13:58:21,11.5,--,83,95450,买盘
898,13:58:18,11.5,0.01,27,31050,买盘
899,13:58:15,11.49,-0.01,55,63195,卖盘
900,13:58:12,11.5,--,50,57500,卖盘
901,13:58:09,11.5,--,48,55200,卖盘
902,13:58:06,11.5,-0.01,43,49450,卖盘
903,13:58:03,11.51,--,12,13812,卖盘
904,13:58:00,11.51,--,113,130063,卖盘
905,13:57:57,11.51,0.01,92,105892,买盘
906,13:57:54,11.5,--,105,120750,买盘
907,13:57:51,11.5,--,5,5750,买盘
908,13:57:48,11.5,--,26,29900,卖盘
909,13:57:45,11.5,--,65,74750,卖盘
910,13:57:42,11.5,0.01,72,82800,买盘
911,13:57:39,11.49,-0.01,1,1149,卖盘
912,13:57:36,11.5,--,3,3450,买盘
913,13:57:24,11.5,--,16,18400,买盘
914,13:57:21,11.5,--,2,2300,买盘
915,13:57:18,11.5,--,112,128800,买盘
916,13:57:06,11.5,--,10,11500,卖盘
917,13:57:03,11.5,-0.01,126,144900,卖盘
918,13:56:57,11.51,--,81,93231,买盘
919,13:56:54,11.51,--,169,194519,买盘
920,13:56:51,11.51,0.02,121,139271,买盘
921,13:56:48,11.49,--,3,3447,卖盘
922,13:56:45,11.49,-0.01,1,1149,卖盘
923,13:56:42,11.5,--,2,2300,卖盘
924,13:56:39,11.5,--,8,9200,买盘
925,13:56:36,11.5,0.01,103,118450,买盘
926,13:56:33,11.49,-0.01,30,34470,卖盘
927,13:56:30,11.5,--,8,9200,买盘
928,13:56:24,11.5,--,10,11500,买盘
929,13:56:18,11.5,--,3,3450,买盘
930,13:56:12,11.5,--,59,67850,卖盘
931,13:56:06,11.5,0.01,1,1150,中性盘
932,13:56:03,11.49,--,14,16086,卖盘
933,13:56:00,11.49,-0.01,1,1149,卖盘
934,13:55:57,11.5,--,219,251850,买盘
935,13:55:51,11.5,--,1,1150,买盘
936,13:55:45,11.5,--,122,140300,买盘
937,13:55:42,11.5,--,10,11500,买盘
938,13:55:39,11.5,--,2,2300,买盘
939,13:55:30,11.5,0.01,1,1150,买盘
940,13:55:27,11.49,-0.01,44,50556,卖盘
941,13:55:24,11.5,--,13,14950,买盘
942,13:55:21,11.5,0.01,144,165600,买盘
943,13:55:15,11.49,-0.01,6,6894,卖盘
944,13:55:12,11.5,--,12,13800,卖盘
945,13:55:09,11.5,0.01,89,102350,买盘
946,13:55:06,11.49,-0.01,11,12639,卖盘
947,13:55:03,11.5,--,104,119600,卖盘
948,13:54:57,11.5,--,94,108100,买盘
949,13:54:54,11.5,--,14,16100,买盘
950,13:54:48,11.5,--,10,11500,买盘
951,13:54:42,11.5,--,1,1150,买盘
952,13:54:39,11.5,--,50,57500,卖盘
953,13:54:36,11.5,--,25,28750,卖盘
954,13:54:33,11.5,--,82,94300,卖盘
955,13:54:30,11.5,-0.01,20,23000,卖盘
956,13:54:27,11.51,0.02,93,107043,买盘
957,13:54:21,11.49,--,79,90771,卖盘
958,13:54:09,11.49,--,4,4596,卖盘
959,13:54:06,11.49,-0.02,4,4596,卖盘
960,13:53:57,11.51,0.02,183,210633,买盘
961,13:53:54,11.49,--,77,88473,卖盘
962,13:53:51,11.49,--,35,40215,卖盘
963,13:53:45,11.49,-0.01,1,1149,卖盘
964,13:53:42,11.5,0.01,2,2300,买盘
965,13:53:39,11.49,--,7,8043,卖盘
966,13:53:36,11.49,--,27,31023,买盘
967,13:53:30,11.49,0.01,10,11490,买盘
968,13:53:27,11.48,--,22,25256,卖盘
969,13:53:24,11.48,--,75,86100,卖盘
970,13:53:18,11.48,-0.01,2,2296,卖盘
971,13:53:15,11.49,0.01,6,6894,买盘
972,13:53:12,11.48,-0.01,68,78672,卖盘
973,13:53:09,11.49,0.01,1000,1149000,买盘
974,13:53:06,11.48,--,12,13776,卖盘
975,13:53:03,11.48,--,11,12628,卖盘
976,13:53:00,11.48,-0.01,1,1148,卖盘
977,13:52:57,11.49,0.01,5,5745,买盘
978,13:52:48,11.48,-0.01,14,16072,卖盘
979,13:52:45,11.49,--,63,72387,买盘
980,13:52:39,11.49,--,2,2298,买盘
981,13:52:27,11.49,-0.01,283,325167,卖盘
982,13:52:24,11.5,--,62,71300,卖盘
983,13:52:21,11.5,0.01,140,161000,买盘
984,13:52:18,11.49,--,45,51705,卖盘
985,13:52:06,11.49,-0.01,1,1149,卖盘
986,13:52:03,11.5,--,297,341550,买盘
987,13:52:00,11.5,0.01,100,115000,买盘
988,13:51:54,11.49,-0.01,77,88473,卖盘
989,13:51:45,11.5,0.01,2,2300,买盘
990,13:51:39,11.49,-0.01,10,11490,卖盘
991,13:51:36,11.5,0.01,30,34500,买盘
992,13:51:30,11.49,--,1,1149,卖盘
993,13:51:27,11.49,--,62,71238,卖盘
994,13:51:15,11.49,-0.01,9,10341,卖盘
995,13:51:06,11.5,0.01,2,2300,买盘
996,13:51:03,11.49,-0.01,29,33321,卖盘
997,13:51:00,11.5,--,1,1150,买盘
998,13:50:54,11.5,--,5,5750,买盘
999,13:50:51,11.5,0.01,55,63250,买盘
1000,13:50:45,11.49,-0.01,1,1149,卖盘
1001,13:50:42,11.5,--,9,10350,买盘
1002,13:50:39,11.5,0.01,22,25300,买盘
1003,13:50:09,11.49,--,27,31023,买盘
1004,13:50:03,11.49,--,45,51705,买盘
1005,13:49:57,11.49,0.01,5,5745,买盘
1006,13:49:54,11.48,--,9,10332,卖盘
1007,13:49:51,11.48,-0.01,1,1148,卖盘
1008,13:49:48,11.49,--,23,26427,买盘
1009,13:49:39,11.49,--,225,258525,买盘
1010,13:49:36,11.49,--,59,67791,买盘
1011,13:49:33,11.49,--,18,20682,买盘
1012,13:49:27,11.49,--,2,2298,买盘
1013,13:49:24,11.49,--,65,74685,买盘
1014,13:49:18,11.49,--,25,28725,买盘
1015,13:49:15,11.49,0.01,21,24129,买盘
1016,13:49:12,11.48,-0.01,10,11480,卖盘
1017,13:49:09,11.49,--,70,80430,买盘
1018,13:49:06,11.49,--,9,10341,买盘
1019,13:48:51,11.49,0.01,155,178095,买盘
1020,13:48:45,11.48,-0.01,33,37884,卖盘
1021,13:48:39,11.49,--,2,2298,买盘
1022,13:48:30,11.49,0.01,7,8043,买盘
1023,13:48:27,11.48,--,11,12628,卖盘
1024,13:48:24,11.48,-0.01,40,45920,卖盘
1025,13:48:21,11.49,0.01,140,160860,买盘
1026,13:48:18,11.48,--,68,78064,卖盘
1027,13:48:09,11.48,--,42,48216,卖盘
1028,13:48:06,11.48,--,21,24108,卖盘
1029,13:48:03,11.48,-0.01,127,145796,卖盘
1030,13:48:00,11.49,--,100,114900,买盘
1031,13:47:54,11.49,--,5,5745,买盘
1032,13:47:51,11.49,--,2,2298,买盘
1033,13:47:45,11.49,--,102,117198,买盘
1034,13:47:39,11.49,--,107,122943,卖盘
1035,13:47:36,11.49,-0.01,9,10341,卖盘
1036,13:47:33,11.5,--,5,5750,买盘
1037,13:47:27,11.5,--,3,3450,买盘
1038,13:47:24,11.5,--,3,3450,买盘
1039,13:47:21,11.5,0.01,10,11500,买盘
1040,13:47:18,11.49,--,2,2298,卖盘
1041,13:47:15,11.49,--,30,34470,卖盘
1042,13:47:06,11.49,--,4,4596,卖盘
1043,13:47:03,11.49,--,136,156264,买盘
1044,13:46:57,11.49,--,104,119496,买盘
1045,13:46:54,11.49,--,19,21831,买盘
1046,13:46:51,11.49,--,111,127539,买盘
1047,13:46:45,11.49,--,52,59748,买盘
1048,13:46:42,11.49,--,4,4596,买盘
1049,13:46:39,11.49,--,9,10341,买盘
1050,13:46:33,11.49,0.01,50,57450,买盘
1051,13:46:30,11.48,--,60,68880,卖盘
1052,13:46:27,11.48,--,27,30996,卖盘
1053,13:46:24,11.48,--,9,10332,卖盘
1054,13:46:12,11.48,--,2,2296,卖盘
1055,13:46:06,11.48,-0.01,12,13776,卖盘
1056,13:46:03,11.49,--,5,5745,买盘
1057,13:46:00,11.49,0.01,4,4596,买盘
1058,13:45:57,11.48,-0.01,55,63140,卖盘
1059,13:45:48,11.49,0.01,36,41364,买盘
1060,13:45:45,11.48,-0.01,1,1148,中性盘
1061,13:45:39,11.49,0.02,2,2298,买盘
1062,13:45:33,11.47,-0.02,257,294779,卖盘
1063,13:45:30,11.49,0.02,4,4596,买盘
1064,13:45:27,11.47,--,2,2294,卖盘
1065,13:45:24,11.47,0.01,208,238576,买盘
1066,13:45:21,11.46,-0.01,51,58446,卖盘
1067,13:45:18,11.47,--,100,114700,买盘
1068,13:45:15,11.47,--,113,129611,买盘
1069,13:45:12,11.47,-0.01,651,746697,卖盘
1070,13:45:09,11.48,--,2,2296,买盘
1071,13:45:06,11.48,--,3,3444,买盘
1072,13:45:03,11.48,--,10,11480,买盘
1073,13:45:00,11.48,--,120,137760,买盘
1074,13:44:57,11.48,--,3,3444,买盘
1075,13:44:54,11.48,-0.01,180,207317,卖盘
1076,13:44:45,11.49,0.01,2,2298,买盘
1077,13:44:30,11.48,--,11,12628,卖盘
1078,13:44:27,11.48,-0.01,17,19516,卖盘
1079,13:44:24,11.49,0.01,29,33321,买盘
1080,13:44:21,11.48,-0.01,39,44772,卖盘
1081,13:44:18,11.49,--,10,11490,买盘
1082,13:44:09,11.49,0.01,6,6894,买盘
1083,13:44:06,11.48,--,1,1148,卖盘
1084,13:44:03,11.48,--,22,25256,卖盘
1085,13:44:00,11.48,-0.01,10,11480,卖盘
1086,13:43:51,11.49,0.01,5,5745,买盘
1087,13:43:45,11.48,-0.01,1,1148,卖盘
1088,13:43:42,11.49,0.01,2,2298,买盘
1089,13:43:36,11.48,0.01,135,155450,买盘
1090,13:43:33,11.47,-0.01,1,1147,卖盘
1091,13:43:30,11.48,0.01,20,22960,买盘
1092,13:43:27,11.47,--,1,1147,卖盘
1093,13:43:24,11.47,-0.01,52,59644,卖盘
1094,13:43:18,11.48,0.01,30,34440,买盘
1095,13:43:15,11.47,-0.01,10,11470,卖盘
1096,13:43:12,11.48,0.01,4,4592,买盘
1097,13:43:06,11.47,--,2,2294,卖盘
1098,13:43:03,11.47,--,4,4588,卖盘
1099,13:42:57,11.47,--,1000,1147000,卖盘
1100,13:42:51,11.47,-0.01,30,34410,卖盘
1101,13:42:48,11.48,--,12,13776,买盘
1102,13:42:42,11.48,--,21,24108,买盘
1103,13:42:36,11.48,--,54,61992,买盘
1104,13:42:27,11.48,--,18,20664,买盘
1105,13:42:18,11.48,--,50,57400,买盘
1106,13:42:12,11.48,0.01,3,3444,买盘
1107,13:42:06,11.47,-0.01,4,4588,卖盘
1108,13:42:03,11.48,0.01,23,26404,买盘
1109,13:41:51,11.47,--,42,48174,卖盘
1110,13:41:45,11.47,--,30,34410,卖盘
1111,13:41:42,11.47,-0.01,5,5735,卖盘
1112,13:41:39,11.48,0.01,21,24108,买盘
1113,13:41:27,11.47,--,1,1147,卖盘
1114,13:41:24,11.47,-0.01,60,68820,卖盘
1115,13:41:21,11.48,0.01,7,8036,买盘
1116,13:41:15,11.47,--,1,1147,卖盘
1117,13:41:12,11.47,--,74,84878,卖盘
1118,13:41:06,11.47,-0.01,25,28675,卖盘
1119,13:40:57,11.48,0.01,5,5740,买盘
1120,13:40:51,11.47,--,101,115847,卖盘
1121,13:40:48,11.47,--,36,41292,卖盘
1122,13:40:45,11.47,-0.01,5,5735,卖盘
1123,13:40:42,11.48,--,202,231896,买盘
1124,13:40:39,11.48,0.01,128,146944,买盘
1125,13:40:36,11.47,--,9,10323,卖盘
1126,13:40:33,11.47,--,40,45880,卖盘
1127,13:40:30,11.47,--,10,11470,卖盘
1128,13:40:27,11.47,--,82,94054,卖盘
1129,13:40:24,11.47,--,52,59644,卖盘
1130,13:40:09,11.47,--,1,1147,卖盘
1131,13:40:03,11.47,-0.01,11,12617,卖盘
1132,13:39:51,11.48,--,71,81508,买盘
1133,13:39:48,11.48,0.01,10,11480,买盘
1134,13:39:42,11.47,-0.01,31,35557,卖盘
1135,13:39:39,11.48,0.01,33,37884,买盘
1136,13:39:27,11.47,--,9,10323,卖盘
1137,13:39:24,11.47,--,52,59644,卖盘
1138,13:39:21,11.47,--,45,51615,卖盘
1139,13:39:18,11.47,--,5,5735,卖盘
1140,13:39:15,11.47,-0.01,11,12617,卖盘
1141,13:39:03,11.48,-0.01,379,435769,卖盘
1142,13:38:54,11.49,--,251,288399,买盘
1143,13:38:51,11.49,0.01,83,95367,买盘
1144,13:38:48,11.48,-0.01,1,1148,卖盘
1145,13:38:42,11.49,--,3,3447,买盘
1146,13:38:39,11.49,--,270,310230,买盘
1147,13:38:30,11.49,0.01,52,59748,买盘
1148,13:38:27,11.48,-0.01,11,12628,卖盘
1149,13:38:24,11.49,0.01,10,11490,买盘
1150,13:38:21,11.48,--,52,59696,卖盘
1151,13:38:18,11.48,--,27,30996,卖盘
1152,13:38:12,11.48,--,9,10332,卖盘
1153,13:38:03,11.48,-0.01,10,11480,卖盘
1154,13:38:00,11.49,0.01,5,5745,买盘
1155,13:37:57,11.48,--,54,61992,卖盘
1156,13:37:54,11.48,--,10,11480,卖盘
1157,13:37:51,11.48,--,5,5740,卖盘
1158,13:37:45,11.48,-0.01,1,1148,卖盘
1159,13:37:42,11.49,0.01,2,2298,买盘
1160,13:37:39,11.48,--,11,12628,卖盘
1161,13:37:36,11.48,--,10,11480,卖盘
1162,13:37:27,11.48,--,59,67732,卖盘
1163,13:37:24,11.48,--,10,11480,卖盘
1164,13:37:21,11.48,--,52,59696,卖盘
1165,13:37:15,11.48,--,22,25256,卖盘
1166,13:37:06,11.48,--,109,125132,卖盘
1167,13:37:03,11.48,-0.01,3,3444,卖盘
1168,13:36:57,11.49,0.01,18,20682,买盘
1169,13:36:54,11.48,-0.01,20,22960,卖盘
1170,13:36:51,11.49,--,8,9192,买盘
1171,13:36:39,11.49,--,10,11490,买盘
1172,13:36:36,11.49,--,183,210267,卖盘
1173,13:36:33,11.49,0.01,13,14937,卖盘
1174,13:36:27,11.48,-0.02,14,16072,卖盘
1175,13:36:21,11.5,--,84,96600,买盘
1176,13:36:18,11.5,--,2,2300,买盘
1177,13:36:15,11.5,--,46,52900,卖盘
1178,13:36:12,11.5,--,20,23000,卖盘
1179,13:36:09,11.5,--,8,9200,买盘
1180,13:35:57,11.5,-0.02,60,69000,买盘
1181,13:35:54,11.52,0.02,387,445824,买盘
1182,13:35:51,11.5,0.01,40,46000,买盘
1183,13:35:42,11.49,0.01,11,13110,买盘
1184,13:35:39,11.48,-0.01,84,96432,卖盘
1185,13:35:36,11.49,0.01,50,57450,买盘
1186,13:35:27,11.48,--,73,83804,卖盘
1187,13:35:18,11.48,-0.01,51,58548,卖盘
1188,13:35:15,11.49,0.01,36,41364,买盘
1189,13:35:06,11.48,--,18,20664,卖盘
1190,13:35:03,11.48,--,2,2296,卖盘
1191,13:35:00,11.48,--,10,11480,卖盘
1192,13:34:51,11.48,-0.01,7,8036,卖盘
1193,13:34:42,11.49,0.01,2,2298,买盘
1194,13:34:39,11.48,-0.02,261,300305,卖盘
1195,13:34:27,11.5,--,10,11500,买盘
1196,13:34:24,11.5,-0.01,43,49450,卖盘
1197,13:34:21,11.51,0.01,22,25322,买盘
1198,13:34:18,11.5,--,103,118450,卖盘
1199,13:34:15,11.5,--,50,57500,卖盘
1200,13:34:12,11.5,-0.01,115,132250,卖盘
1201,13:34:09,11.51,0.01,68,78268,买盘
1202,13:34:06,11.5,--,69,79350,卖盘
1203,13:34:03,11.5,--,119,136850,卖盘
1204,13:34:00,11.5,--,50,57500,卖盘
1205,13:33:57,11.5,--,46,52900,卖盘
1206,13:33:54,11.5,--,106,121900,卖盘
1207,13:33:48,11.5,0.01,263,302450,买盘
1208,13:33:39,11.49,-0.01,300,344700,卖盘
1209,13:33:36,11.5,0.01,14,16100,买盘
1210,13:33:27,11.49,--,12,13788,卖盘
1211,13:33:21,11.49,-0.01,10,11490,卖盘
1212,13:33:18,11.5,0.01,15,17250,买盘
1213,13:33:06,11.49,--,2,2298,卖盘
1214,13:32:51,11.49,--,30,34470,卖盘
1215,13:32:39,11.49,--,12,13788,卖盘
1216,13:32:36,11.49,--,6,7365,买盘
1217,13:32:33,11.49,--,5,5745,买盘
1218,13:32:27,11.49,0.01,21,24129,买盘
1219,13:32:21,11.48,--,52,59696,卖盘
1220,13:32:15,11.48,0.01,730,838040,买盘
1221,13:32:12,11.47,-0.01,9,10323,卖盘
1222,13:32:09,11.48,--,22,25256,买盘
1223,13:32:06,11.48,--,4,4592,买盘
1224,13:32:03,11.48,--,9,10332,买盘
1225,13:31:57,11.48,--,20,22960,买盘
1226,13:31:54,11.48,--,21,24108,买盘
1227,13:31:51,11.48,--,2,2296,买盘
1228,13:31:48,11.48,--,279,320292,卖盘
1229,13:31:45,11.48,--,18,20664,卖盘
1230,13:31:42,11.48,--,32,36736,买盘
1231,13:31:36,11.48,--,21,24108,卖盘
1232,13:31:33,11.48,--,11,12628,卖盘
1233,13:31:30,11.48,--,300,344400,卖盘
1234,13:31:27,11.48,--,2,2296,卖盘
1235,13:31:24,11.48,--,382,438536,卖盘
1236,13:31:21,11.48,--,56,64288,卖盘
1237,13:31:15,11.48,--,2,2296,卖盘
1238,13:31:12,11.48,--,15,17220,卖盘
1239,13:31:09,11.48,-0.01,9,10332,卖盘
1240,13:31:06,11.49,--,10,11490,买盘
1241,13:30:57,11.49,--,30,34470,买盘
1242,13:30:54,11.49,0.01,42,48258,买盘
1243,13:30:51,11.48,--,3,3444,卖盘
1244,13:30:48,11.48,--,15,17220,卖盘
1245,13:30:45,11.48,-0.01,1,1148,卖盘
1246,13:30:36,11.49,--,2,2298,买盘
1247,13:30:33,11.49,0.01,25,28725,买盘
1248,13:30:27,11.48,--,1,1148,卖盘
1249,13:30:24,11.48,-0.01,36,41328,卖盘
1250,13:30:21,11.49,--,9,10341,买盘
1251,13:30:12,11.49,-0.01,378,434322,卖盘
1252,13:30:03,11.5,--,20,23000,买盘
1253,13:30:00,11.5,--,33,37950,买盘
1254,13:29:57,11.5,0.01,3,3450,买盘
1255,13:29:54,11.49,--,9,10341,卖盘
1256,13:29:45,11.49,-0.01,24,27576,卖盘
1257,13:29:42,11.5,0.01,5,5750,买盘
1258,13:29:36,11.49,--,40,45960,卖盘
1259,13:29:27,11.49,-0.01,2,2298,卖盘
1260,13:29:12,11.5,--,48,55533,卖盘
1261,13:29:06,11.5,0.01,79,91666,买盘
1262,13:29:03,11.49,--,16,18384,卖盘
1263,13:28:57,11.49,-0.01,2,2298,卖盘
1264,13:28:54,11.5,0.01,81,93150,买盘
1265,13:28:51,11.49,-0.01,39,44811,卖盘
1266,13:28:48,11.5,--,1,1150,买盘
1267,13:28:45,11.5,--,3,3450,买盘
1268,13:28:39,11.5,--,22,25300,买盘
1269,13:28:36,11.5,--,9,10683,卖盘
1270,13:28:33,11.5,--,51,59466,买盘
1271,13:28:30,11.5,--,28,32200,买盘
1272,13:28:27,11.5,0.01,44,50600,买盘
1273,13:28:21,11.49,-0.01,55,63195,卖盘
1274,13:28:18,11.5,--,10,11500,买盘
1275,13:28:15,11.5,--,134,154100,买盘
1276,13:28:12,11.5,--,93,106950,买盘
1277,13:28:09,11.5,--,3,3450,买盘
1278,13:28:03,11.5,--,3,3450,买盘
1279,13:27:54,11.5,--,10,11500,买盘
1280,13:27:51,11.5,--,14,16433,卖盘
1281,13:27:45,11.5,0.01,176,203216,买盘
1282,13:27:42,11.49,--,47,54003,卖盘
1283,13:27:36,11.49,-0.01,32,36768,卖盘
1284,13:27:33,11.5,0.01,12,13800,买盘
1285,13:27:30,11.49,-0.01,84,96516,卖盘
1286,13:27:27,11.5,--,38,44033,卖盘
1287,13:27:24,11.5,--,70,80500,卖盘
1288,13:27:21,11.5,--,122,140300,卖盘
1289,13:27:18,11.5,-0.01,126,144900,卖盘
1290,13:27:15,11.51,0.01,65,74815,买盘
1291,13:27:12,11.5,--,86,98900,卖盘
1292,13:27:09,11.5,--,44,50600,卖盘
1293,13:27:06,11.5,-0.01,27,31050,卖盘
1294,13:27:03,11.51,0.01,2,2302,买盘
1295,13:27:00,11.5,--,103,119266,买盘
1296,13:26:54,11.5,--,9,10350,买盘
1297,13:26:51,11.5,--,5,5750,买盘
1298,13:26:48,11.5,--,10,11500,买盘
1299,13:26:45,11.5,--,24,27933,卖盘
1300,13:26:42,11.5,--,104,119600,卖盘
1301,13:26:39,11.5,-0.01,98,112700,卖盘
1302,13:26:36,11.51,0.01,4,4604,买盘
1303,13:26:33,11.5,--,112,129616,买盘
1304,13:26:30,11.5,--,36,41733,卖盘
1305,13:26:27,11.5,-0.01,108,124200,卖盘
1306,13:26:24,11.51,0.01,104,119704,买盘
1307,13:26:21,11.5,--,47,54050,卖盘
1308,13:26:18,11.5,--,71,81650,卖盘
1309,13:26:15,11.5,--,142,163300,卖盘
1310,13:26:12,11.5,-0.01,43,49450,卖盘
1311,13:26:06,11.51,0.01,3,3453,买盘
1312,13:26:03,11.5,-0.01,112,128800,卖盘
1313,13:26:00,11.51,0.01,74,85174,买盘
1314,13:25:57,11.5,--,101,116150,卖盘
1315,13:25:51,11.5,--,135,155250,卖盘
1316,13:25:48,11.5,--,58,66700,卖盘
1317,13:25:45,11.5,--,98,112700,卖盘
1318,13:25:42,11.5,--,118,135700,卖盘
1319,13:25:39,11.5,--,19,21850,卖盘
1320,13:25:36,11.5,--,126,144900,卖盘
1321,13:25:33,11.5,--,43,49450,卖盘
1322,13:25:30,11.5,--,70,80500,卖盘
1323,13:25:27,11.5,--,188,217016,买盘
1324,13:25:21,11.5,--,33,37950,买盘
1325,13:25:18,11.5,--,24,27600,买盘
1326,13:25:12,11.5,-0.01,16,18733,卖盘
1327,13:25:09,11.51,0.01,4,4604,买盘
1328,13:25:06,11.5,--,9,11166,买盘
1329,13:25:03,11.5,--,35,40250,买盘
1330,13:25:00,11.5,--,2,2300,买盘
1331,13:24:54,11.5,-0.01,2,2300,买盘
1332,13:24:48,11.51,-0.01,102,117735,卖盘
1333,13:24:45,11.52,0.02,119,137088,买盘
1334,13:24:42,11.5,--,61,70150,卖盘
1335,13:24:39,11.5,--,107,123050,卖盘
1336,13:24:36,11.5,--,17,19550,卖盘
1337,13:24:33,11.5,--,25,28750,卖盘
1338,13:24:30,11.5,--,93,106950,卖盘
1339,13:24:27,11.5,-0.01,17,19550,卖盘
1340,13:24:24,11.51,0.01,146,168046,买盘
1341,13:24:21,11.5,--,74,85100,卖盘
1342,13:24:18,11.5,-0.01,17,19550,卖盘
1343,13:24:15,11.51,0.02,481,554448,买盘
1344,13:24:12,11.49,-0.01,11,12639,卖盘
1345,13:24:09,11.5,--,10,11500,买盘
1346,13:24:06,11.5,--,632,727133,卖盘
1347,13:24:03,11.5,-0.01,28,32200,卖盘
1348,13:24:00,11.51,--,182,209482,买盘
1349,13:23:57,11.51,0.01,67,77117,买盘
1350,13:23:54,11.5,--,118,135700,卖盘
1351,13:23:48,11.5,-0.01,139,159850,卖盘
1352,13:23:45,11.51,0.01,2,2302,买盘
1353,13:23:42,11.5,--,1150,1323316,买盘
1354,13:23:36,11.5,--,24,27600,买盘
1355,13:23:30,11.5,0.01,6,6900,买盘
1356,13:23:27,11.49,-0.01,1,1149,卖盘
1357,13:23:24,11.5,0.01,20,23000,买盘
1358,13:23:18,11.49,-0.01,15,17235,卖盘
1359,13:23:12,11.5,0.01,3,3450,买盘
1360,13:23:03,11.49,-0.01,9,10341,卖盘
1361,13:22:57,11.5,0.01,20,23000,买盘
1362,13:22:51,11.49,--,107,122943,买盘
1363,13:22:48,11.49,--,11,12639,买盘
1364,13:22:45,11.49,--,87,99963,买盘
1365,13:22:42,11.49,--,14,16086,买盘
1366,13:22:33,11.49,--,12,13788,买盘
1367,13:22:27,11.49,0.01,13,14937,买盘
1368,13:22:24,11.48,-0.01,11,12628,卖盘
1369,13:22:21,11.49,0.01,6,6894,买盘
1370,13:22:18,11.48,-0.01,52,59696,卖盘
1371,13:22:15,11.49,--,1,1149,买盘
1372,13:22:09,11.49,--,19,21831,买盘
1373,13:22:06,11.49,0.01,17,19533,买盘
1374,13:22:03,11.48,-0.01,36,41328,卖盘
1375,13:22:00,11.49,0.01,4,4596,买盘
1376,13:21:57,11.48,-0.01,7,8036,卖盘
1377,13:21:54,11.49,--,13,14937,买盘
1378,13:21:51,11.49,0.01,79,90771,买盘
1379,13:21:45,11.48,-0.01,1,1148,卖盘
1380,13:21:42,11.49,--,4,4596,买盘
1381,13:21:39,11.49,--,40,45960,买盘
1382,13:21:36,11.49,--,40,45960,买盘
1383,13:21:33,11.49,--,4,4596,买盘
1384,13:21:30,11.49,-0.01,137,157413,卖盘
1385,13:21:27,11.5,0.01,3,3450,买盘
1386,13:21:24,11.49,--,1,1149,卖盘
1387,13:21:21,11.49,-0.01,9,10341,卖盘
1388,13:21:18,11.5,0.01,2,2300,买盘
1389,13:21:15,11.49,-0.01,20,22980,卖盘
1390,13:21:12,11.5,0.01,4,4600,买盘
1391,13:21:03,11.49,-0.01,38,43662,卖盘
1392,13:21:00,11.5,0.01,3,3450,买盘
1393,13:20:57,11.49,--,76,87324,买盘
1394,13:20:54,11.49,--,49,56301,买盘
1395,13:20:48,11.49,0.01,16,18384,买盘
1396,13:20:45,11.48,-0.01,20,22960,卖盘
1397,13:20:33,11.49,0.01,4,4596,买盘
1398,13:20:30,11.48,-0.01,3,3444,卖盘
1399,13:20:27,11.49,--,4,4596,买盘
1400,13:20:21,11.49,0.01,70,80430,买盘
1401,13:20:18,11.48,--,145,166460,卖盘
1402,13:20:12,11.48,-0.01,74,84952,卖盘
1403,13:20:06,11.49,--,2,2298,买盘
1404,13:20:00,11.49,--,7,8043,买盘
1405,13:19:57,11.49,--,31,35619,买盘
1406,13:19:54,11.49,--,7,8043,买盘
1407,13:19:51,11.49,--,4,4596,买盘
1408,13:19:48,11.49,--,15,17235,买盘
1409,13:19:39,11.49,--,13,14937,买盘
1410,13:19:36,11.49,--,130,149370,买盘
1411,13:19:33,11.49,--,13,14937,买盘
1412,13:19:30,11.49,--,5,5745,买盘
1413,13:19:27,11.49,0.01,7,8043,买盘
1414,13:19:18,11.48,-0.01,52,59696,卖盘
1415,13:19:12,11.49,0.01,9,10341,买盘
1416,13:19:09,11.48,-0.01,31,35588,卖盘
1417,13:19:06,11.49,--,4,4596,买盘
1418,13:19:03,11.49,--,2,2298,买盘
1419,13:19:00,11.49,--,4,4596,买盘
1420,13:18:54,11.49,--,23,26427,买盘
1421,13:18:48,11.49,0.01,25,28725,买盘
1422,13:18:45,11.48,--,10,11480,卖盘
1423,13:18:42,11.48,-0.01,19,21812,卖盘
1424,13:18:39,11.49,--,4,4596,买盘
1425,13:18:36,11.49,--,22,25278,买盘
1426,13:18:33,11.49,0.01,60,68940,买盘
1427,13:18:27,11.48,--,1,1148,卖盘
1428,13:18:24,11.48,-0.01,9,10332,卖盘
1429,13:18:21,11.49,0.01,40,45960,买盘
1430,13:18:18,11.48,-0.01,61,70028,卖盘
1431,13:18:15,11.49,--,14,16086,买盘
1432,13:18:09,11.49,0.01,4,4596,买盘
1433,13:18:06,11.48,--,21,24108,卖盘
1434,13:18:03,11.48,--,1,1148,卖盘
1435,13:17:57,11.48,-0.01,15,17220,卖盘
1436,13:17:54,11.49,0.01,7,8043,买盘
1437,13:17:45,11.48,-0.01,30,34440,卖盘
1438,13:17:42,11.49,0.01,3,3447,买盘
1439,13:17:39,11.48,-0.01,4,4592,卖盘
1440,13:17:36,11.49,0.01,20,22980,买盘
1441,13:17:33,11.48,-0.01,11,12628,卖盘
1442,13:17:27,11.49,0.01,4,4596,买盘
1443,13:17:24,11.48,--,23,26404,卖盘
1444,13:17:18,11.48,--,65,74620,卖盘
1445,13:17:15,11.48,--,271,311108,卖盘
1446,13:17:09,11.48,-0.01,10,11480,卖盘
1447,13:17:06,11.49,0.01,14,16086,买盘
1448,13:17:03,11.48,-0.01,2,2296,卖盘
1449,13:16:54,11.49,--,3,3447,买盘
1450,13:16:48,11.49,0.01,8,9192,买盘
1451,13:16:45,11.48,-0.01,11,12628,卖盘
1452,13:16:42,11.49,0.01,25,28725,买盘
1453,13:16:39,11.48,-0.01,25,28700,卖盘
1454,13:16:36,11.49,--,4,4596,买盘
1455,13:16:33,11.49,--,1,1149,买盘
1456,13:16:30,11.49,--,69,79281,买盘
1457,13:16:27,11.49,--,20,22980,买盘
1458,13:16:24,11.49,-0.01,123,141327,卖盘
1459,13:16:21,11.5,0.01,13,14950,买盘
1460,13:16:18,11.49,-0.01,18,20682,卖盘
1461,13:16:15,11.5,0.01,3,3450,买盘
1462,13:16:12,11.49,-0.01,60,68940,卖盘
1463,13:16:09,11.5,0.01,14,16100,买盘
1464,13:16:06,11.49,--,12,13788,卖盘
1465,13:15:57,11.49,-0.01,7,8043,卖盘
1466,13:15:54,11.5,0.01,40,46000,买盘
1467,13:15:51,11.49,--,130,149370,卖盘
1468,13:15:48,11.49,-0.01,20,22980,卖盘
1469,13:15:45,11.5,--,4,4600,买盘
1470,13:15:30,11.5,0.01,178,204700,买盘
1471,13:15:27,11.49,--,2,2298,卖盘
1472,13:15:24,11.49,-0.01,180,206820,卖盘
1473,13:15:18,11.5,--,20,23000,买盘
1474,13:15:12,11.5,--,291,334650,买盘
1475,13:15:09,11.5,0.01,14,16100,买盘
1476,13:15:06,11.49,-0.01,2,2298,卖盘
1477,13:15:03,11.5,0.01,8,9200,买盘
1478,13:15:00,11.49,0.01,88,101112,买盘
1479,13:14:57,11.48,-0.01,9,10332,卖盘
1480,13:14:54,11.49,--,100,114900,买盘
1481,13:14:51,11.49,0.01,100,114900,买盘
1482,13:14:45,11.48,-0.01,13,14924,卖盘
1483,13:14:42,11.49,0.01,5,5745,买盘
1484,13:14:39,11.48,-0.01,9,10332,卖盘
1485,13:14:36,11.49,--,24,27576,买盘
1486,13:14:33,11.49,--,20,22980,买盘
1487,13:14:27,11.49,0.01,136,156264,买盘
1488,13:14:21,11.48,-0.01,11,12628,卖盘
1489,13:14:18,11.49,0.01,316,363084,买盘
1490,13:14:15,11.48,-0.01,52,59696,卖盘
1491,13:14:12,11.49,--,6,6894,买盘
1492,13:14:09,11.49,0.01,4,4596,买盘
1493,13:14:06,11.48,--,2,2296,卖盘
1494,13:13:57,11.48,--,10,11480,卖盘
1495,13:13:51,11.48,-0.01,10,11480,卖盘
1496,13:13:48,11.49,--,2,2298,买盘
1497,13:13:42,11.49,--,3,3447,买盘
1498,13:13:36,11.49,--,20,22980,买盘
1499,13:13:33,11.49,--,88,101112,买盘
1500,13:13:30,11.49,0.01,30,34470,买盘
1501,13:13:27,11.48,--,1,1148,卖盘
1502,13:13:24,11.48,-0.01,100,114800,卖盘
1503,13:13:21,11.49,--,28,32172,买盘
1504,13:13:15,11.49,0.01,4,4596,买盘
1505,13:13:12,11.48,-0.01,52,59696,卖盘
1506,13:13:09,11.49,0.01,35,40215,买盘
1507,13:13:06,11.48,--,95,109060,卖盘
1508,13:13:03,11.48,--,3,3444,卖盘
1509,13:12:57,11.48,-0.01,2,2296,卖盘
1510,13:12:48,11.49,--,3,3447,买盘
1511,13:12:45,11.49,--,34,39066,买盘
1512,13:12:42,11.49,--,10,11490,买盘
1513,13:12:30,11.49,--,4,4596,买盘
1514,13:12:24,11.49,-0.01,284,326316,卖盘
1515,13:12:21,11.5,--,14,16100,买盘
1516,13:12:15,11.5,--,6,6900,买盘
1517,13:12:00,11.5,--,50,57500,买盘
1518,13:11:57,11.5,0.01,24,27600,买盘
1519,13:11:45,11.49,--,2,2298,卖盘
1520,13:11:42,11.49,-0.01,46,52854,卖盘
1521,13:11:33,11.5,0.01,49,56350,买盘
1522,13:11:30,11.49,--,20,22980,卖盘
1523,13:11:27,11.49,--,6,6894,买盘
1524,13:11:18,11.49,0.01,92,105708,买盘
1525,13:11:15,11.48,--,4,4592,买盘
1526,13:11:12,11.48,--,15,17220,买盘
1527,13:11:09,11.48,--,20,22960,买盘
1528,13:11:06,11.48,--,5,5740,买盘
1529,13:11:03,11.48,--,37,42476,买盘
1530,13:10:57,11.48,0.01,10,11480,买盘
1531,13:10:51,11.47,-0.01,80,91760,卖盘
1532,13:10:45,11.48,--,3,3444,买盘
1533,13:10:36,11.48,0.01,4,4592,买盘
1534,13:10:30,11.47,--,3,3441,买盘
1535,13:10:27,11.47,--,65,74555,买盘
1536,13:10:24,11.47,--,160,183520,买盘
1537,13:10:21,11.47,--,17,19499,买盘
1538,13:10:18,11.47,0.01,24,27528,买盘
1539,13:10:15,11.46,-0.01,42,48132,卖盘
1540,13:10:12,11.47,--,106,121582,买盘
1541,13:10:09,11.47,--,14,16058,买盘
1542,13:10:03,11.47,--,803,921041,卖盘
1543,13:09:54,11.47,-0.01,30,34410,卖盘
1544,13:09:48,11.48,--,52,59696,买盘
1545,13:09:42,11.48,--,5,5740,买盘
1546,13:09:39,11.48,--,9,10332,买盘
1547,13:09:36,11.48,-0.01,823,944804,卖盘
1548,13:09:33,11.49,--,70,80430,买盘
1549,13:09:30,11.49,--,23,26427,买盘
1550,13:09:27,11.49,--,40,45960,买盘
1551,13:09:24,11.49,--,223,256227,买盘
1552,13:09:21,11.49,--,12,13788,买盘
1553,13:09:18,11.49,0.01,43,49407,买盘
1554,13:09:15,11.48,-0.01,52,59696,卖盘
1555,13:09:12,11.49,--,4,4596,买盘
1556,13:09:09,11.49,--,611,702039,买盘
1557,13:09:06,11.49,--,6,6894,买盘
1558,13:09:03,11.49,--,2,2298,买盘
1559,13:08:57,11.49,--,15,17235,买盘
1560,13:08:54,11.49,--,4,4596,买盘
1561,13:08:51,11.49,-0.01,99,113751,卖盘
1562,13:08:48,11.5,0.01,2,2300,买盘
1563,13:08:45,11.49,--,8,9192,卖盘
1564,13:08:42,11.49,--,4,4596,卖盘
1565,13:08:39,11.49,-0.01,8,9192,中性盘
1566,13:08:30,11.5,0.02,6,6900,买盘
1567,13:08:27,11.48,--,1,1148,卖盘
1568,13:08:18,11.48,-0.02,20,22960,卖盘
1569,13:08:12,11.5,0.02,34,39100,买盘
1570,13:08:09,11.48,-0.02,9,10332,卖盘
1571,13:08:03,11.5,--,1,1150,买盘
1572,13:08:00,11.5,0.01,3,3450,买盘
1573,13:07:54,11.49,--,226,259674,买盘
1574,13:07:51,11.49,--,2,2298,买盘
1575,13:07:45,11.49,0.01,4,4596,买盘
1576,13:07:36,11.48,-0.01,38,43624,卖盘
1577,13:07:33,11.49,0.01,2,2298,买盘
1578,13:07:30,11.48,-0.01,5,5740,卖盘
1579,13:07:27,11.49,--,2,2298,买盘
1580,13:07:18,11.49,--,12,13788,买盘
1581,13:07:15,11.49,--,12,13788,买盘
1582,13:07:06,11.49,--,24,27576,买盘
1583,13:07:03,11.49,--,12,13788,买盘
1584,13:07:00,11.49,--,4,4596,买盘
1585,13:06:54,11.49,--,4,4596,买盘
1586,13:06:51,11.49,--,39,44811,买盘
1587,13:06:48,11.49,--,28,32172,买盘
1588,13:06:45,11.49,0.01,200,229800,买盘
1589,13:06:42,11.48,-0.01,11,12628,卖盘
1590,13:06:27,11.49,--,2,2298,买盘
1591,13:06:24,11.49,0.01,226,259674,买盘
1592,13:06:18,11.48,--,20,22960,卖盘
1593,13:06:15,11.48,-0.01,52,59696,卖盘
1594,13:06:09,11.49,0.01,4,4596,买盘
1595,13:06:06,11.48,--,2,2296,卖盘
1596,13:06:03,11.48,--,1,1148,卖盘
1597,13:05:57,11.48,--,16,18368,卖盘
1598,13:05:54,11.48,--,11,12628,卖盘
1599,13:05:48,11.48,-0.01,9,10332,卖盘
1600,13:05:45,11.49,0.01,3,3447,买盘
1601,13:05:30,11.48,-0.01,10,11480,卖盘
1602,13:05:27,11.49,0.01,4,4596,买盘
1603,13:05:15,11.48,-0.01,51,58548,卖盘
1604,13:05:12,11.49,0.01,4,4596,买盘
1605,13:05:06,11.48,-0.01,11,12628,卖盘
1606,13:05:00,11.49,--,25,28725,买盘
1607,13:04:54,11.49,0.01,225,258525,买盘
1608,13:04:42,11.48,-0.01,19,21812,卖盘
1609,13:04:30,11.49,0.01,6,6894,买盘
1610,13:04:27,11.48,--,2,2296,卖盘
1611,13:04:18,11.48,-0.01,3,3444,卖盘
1612,13:04:15,11.49,0.01,3,3447,买盘
1613,13:04:12,11.48,-0.01,43,49364,卖盘
1614,13:04:09,11.49,--,29,33321,买盘
1615,13:04:06,11.49,--,1,1149,买盘
1616,13:04:03,11.49,--,214,245886,卖盘
1617,13:03:57,11.49,-0.01,1,1149,卖盘
1618,13:03:42,11.5,0.01,1,1150,买盘
1619,13:03:39,11.49,0.01,417,479133,买盘
1620,13:03:36,11.48,-0.01,1,1148,卖盘
1621,13:03:33,11.49,--,42,48258,买盘
1622,13:03:24,11.49,--,4,4596,买盘
1623,13:03:21,11.49,-0.01,571,656079,卖盘
1624,13:03:15,11.5,--,67,77050,买盘
1625,13:03:09,11.5,--,4,4600,买盘
1626,13:03:06,11.5,-0.01,423,486910,卖盘
1627,13:03:03,11.51,0.01,60,69060,买盘
1628,13:03:00,11.5,-0.01,64,73600,卖盘
1629,13:02:57,11.51,0.01,62,71362,买盘
1630,13:02:54,11.5,--,72,82800,卖盘
1631,13:02:51,11.5,--,25,28750,卖盘
1632,13:02:48,11.5,0.01,449,517040,买盘
1633,13:02:42,11.49,--,45,51705,卖盘
1634,13:02:30,11.49,-0.01,14,16086,卖盘
1635,13:02:27,11.5,--,2,2300,买盘
1636,13:02:21,11.5,--,6,6900,买盘
1637,13:02:18,11.5,--,12,13800,买盘
1638,13:02:15,11.5,--,34,39100,买盘
1639,13:02:12,11.5,--,10,11500,买盘
1640,13:02:09,11.5,--,4,4600,买盘
1641,13:02:03,11.5,--,55,63710,卖盘
1642,13:02:00,11.5,--,62,71300,卖盘
1643,13:01:57,11.5,--,55,63250,卖盘
1644,13:01:54,11.5,--,110,127190,买盘
1645,13:01:48,11.5,0.01,50,57500,买盘
1646,13:01:45,11.49,-0.01,19,21831,卖盘
1647,13:01:42,11.5,0.01,7,8050,买盘
1648,13:01:33,11.49,--,42,48258,卖盘
1649,13:01:30,11.49,--,3,3447,卖盘
1650,13:01:27,11.49,-0.01,30,34470,卖盘
1651,13:01:24,11.5,--,14,16560,卖盘
1652,13:01:21,11.5,-0.02,58,66700,卖盘
1653,13:01:18,11.52,0.03,130,150451,买盘
1654,13:01:15,11.49,--,9,10341,卖盘
1655,13:01:09,11.49,--,52,59748,卖盘
1656,13:01:06,11.49,--,1,1149,卖盘
1657,13:01:03,11.49,--,1,1149,卖盘
1658,13:01:00,11.49,-0.01,26,29874,卖盘
1659,13:00:57,11.5,--,13,15410,卖盘
1660,13:00:54,11.5,0.02,29,34040,买盘
1661,13:00:51,11.48,--,2,2296,卖盘
1662,13:00:48,11.48,-0.01,35,40180,卖盘
1663,13:00:42,11.49,--,93,106857,买盘
1664,13:00:39,11.49,-0.01,389,446961,卖盘
1665,13:00:36,11.5,--,30,34500,买盘
1666,13:00:33,11.5,--,38,43700,买盘
1667,13:00:30,11.5,--,10,11500,买盘
1668,13:00:21,11.5,--,8,9660,卖盘
1669,13:00:18,11.5,--,170,195500,卖盘
1670,13:00:15,11.5,--,69,79350,卖盘
1671,13:00:12,11.5,--,32,36800,卖盘
1672,13:00:09,11.5,-0.02,78,90390,卖盘
1673,13:00:06,11.52,-0.01,10,11520,卖盘
1674,13:00:03,11.53,0.03,239,275567,买盘
1675,13:00:00,11.5,--,0,0,买盘
1676,11:30:00,11.5,0.02,43,49450,买盘
1677,11:29:57,11.48,-0.04,82,94136,卖盘
1678,11:29:54,11.52,0.04,164,189181,买盘
1679,11:29:48,11.48,--,16,18368,卖盘
1680,11:29:42,11.48,-0.02,50,57400,中性盘
1681,11:29:33,11.5,0.02,111,127650,买盘
1682,11:29:30,11.48,--,2,2296,买盘
1683,11:29:27,11.48,--,11,12628,买盘
1684,11:29:15,11.48,0.01,26,29848,买盘
1685,11:29:12,11.47,-0.01,100,114700,卖盘
1686,11:29:03,11.48,--,1,1148,买盘
1687,11:29:00,11.48,--,30,34440,买盘
1688,11:28:57,11.48,--,29,33292,买盘
1689,11:28:54,11.48,--,88,101024,买盘
1690,11:28:51,11.48,--,7,8036,买盘
1691,11:28:48,11.48,--,14,16072,买盘
1692,11:28:45,11.48,--,36,41328,买盘
1693,11:28:36,11.48,0.01,50,57400,买盘
1694,11:28:33,11.47,-0.01,7,8029,卖盘
1695,11:28:30,11.48,0.01,4,4592,买盘
1696,11:28:27,11.47,--,1,1147,卖盘
1697,11:28:24,11.47,--,11,12617,卖盘
1698,11:28:21,11.47,-0.01,52,59644,卖盘
1699,11:28:12,11.48,--,5,5740,买盘
1700,11:28:03,11.48,--,53,60844,买盘
1701,11:28:00,11.48,0.01,5,5740,买盘
1702,11:27:57,11.47,-0.01,15,17205,卖盘
1703,11:27:54,11.48,0.01,12,13776,买盘
1704,11:27:51,11.47,-0.01,51,58497,卖盘
1705,11:27:48,11.48,0.01,4,4592,买盘
1706,11:27:42,11.47,-0.01,9,10323,卖盘
1707,11:27:36,11.48,--,4,4592,买盘
1708,11:27:33,11.48,--,10,11480,买盘
1709,11:27:30,11.48,--,314,360472,买盘
1710,11:27:27,11.48,0.01,16,18368,买盘
1711,11:27:24,11.47,-0.01,11,12617,卖盘
1712,11:27:21,11.48,-0.01,358,411879,卖盘
1713,11:27:12,11.49,0.01,2,2298,买盘
1714,11:27:03,11.48,--,1,1148,卖盘
1715,11:26:57,11.48,-0.01,2,2296,卖盘
1716,11:26:54,11.49,0.01,47,54003,买盘
1717,11:26:42,11.48,--,1,1148,卖盘
1718,11:26:39,11.48,--,676,776300,买盘
1719,11:26:36,11.48,0.01,11,12628,买盘
1720,11:26:27,11.47,-0.01,2,2294,卖盘
1721,11:26:24,11.48,0.01,10,11480,买盘
1722,11:26:21,11.47,--,91,104377,卖盘
1723,11:26:18,11.47,-0.01,16,18352,卖盘
1724,11:26:06,11.48,0.01,5,5740,买盘
1725,11:26:03,11.47,-0.01,1,1147,卖盘
1726,11:26:00,11.48,--,109,125132,买盘
1727,11:25:54,11.48,--,9,10332,买盘
1728,11:25:51,11.48,0.01,3,3444,买盘
1729,11:25:48,11.47,--,51,58497,卖盘
1730,11:25:45,11.47,--,1,1147,卖盘
1731,11:25:36,11.47,0.01,246,282162,买盘
1732,11:25:24,11.46,--,41,46986,卖盘
1733,11:25:21,11.46,-0.01,5,5730,卖盘
1734,11:25:18,11.47,--,91,104377,买盘
1735,11:25:15,11.47,--,38,43586,买盘
1736,11:25:09,11.47,--,615,705405,卖盘
1737,11:25:06,11.47,-0.01,1,1147,卖盘
1738,11:24:54,11.48,--,28,32144,买盘
1739,11:24:51,11.48,0.01,2,2296,买盘
1740,11:24:45,11.47,--,53,60791,卖盘
1741,11:24:39,11.47,-0.01,5,5735,卖盘
1742,11:24:30,11.48,--,17,19516,买盘
1743,11:24:27,11.48,--,1,1148,买盘
1744,11:24:24,11.48,-0.01,132,151536,卖盘
1745,11:24:18,11.49,0.01,3,3447,买盘
1746,11:24:15,11.48,--,9,10332,卖盘
1747,11:24:06,11.48,--,1,1148,卖盘
1748,11:24:03,11.48,--,1,1148,卖盘
1749,11:23:57,11.48,-0.01,140,160720,卖盘
1750,11:23:54,11.49,--,60,68940,买盘
1751,11:23:51,11.49,--,5,5745,买盘
1752,11:23:45,11.49,--,17,19533,买盘
1753,11:23:42,11.49,--,1,1149,买盘
1754,11:23:39,11.49,--,105,120645,买盘
1755,11:23:27,11.49,--,3,3447,买盘
1756,11:23:24,11.49,--,10,11490,买盘
1757,11:23:15,11.49,0.01,1,1149,买盘
1758,11:23:09,11.48,--,9,10332,卖盘
1759,11:23:06,11.48,--,29,33292,买盘
1760,11:23:03,11.48,--,36,41328,买盘
1761,11:23:00,11.48,--,72,82656,买盘
1762,11:22:57,11.48,--,45,51660,买盘
1763,11:22:54,11.48,0.01,25,28700,买盘
1764,11:22:51,11.47,-0.01,36,41292,卖盘
1765,11:22:48,11.48,0.01,336,385728,买盘
1766,11:22:45,11.47,-0.01,12,13764,卖盘
1767,11:22:36,11.48,--,87,99876,买盘
1768,11:22:24,11.48,0.01,10,11480,买盘
1769,11:22:15,11.47,-0.01,7,8029,卖盘
1770,11:22:12,11.48,0.01,11,12628,买盘
1771,11:22:09,11.47,--,42,48174,卖盘
1772,11:22:06,11.47,--,1,1147,卖盘
1773,11:22:03,11.47,--,1,1147,卖盘
1774,11:22:00,11.47,--,9,10323,卖盘
1775,11:21:57,11.47,--,5,5735,卖盘
1776,11:21:54,11.47,0.01,148,169756,中性盘
1777,11:21:45,11.46,-0.02,1027,1176942,卖盘
1778,11:21:42,11.48,0.01,10,11480,买盘
1779,11:21:39,11.47,--,31,35557,买盘
1780,11:21:36,11.47,0.01,4,4588,买盘
1781,11:21:24,11.46,-0.01,21,24066,卖盘
1782,11:21:21,11.47,--,3,3441,买盘
1783,11:21:18,11.47,0.01,40,45880,买盘
1784,11:21:09,11.46,0.01,68,77928,买盘
1785,11:21:06,11.45,--,1,1145,卖盘
1786,11:21:03,11.45,--,10,11450,卖盘
1787,11:20:57,11.45,-0.01,182,208390,卖盘
1788,11:20:54,11.46,--,257,294522,买盘
1789,11:20:51,11.46,--,80,91680,买盘
1790,11:20:48,11.46,0.01,32,36672,买盘
1791,11:20:42,11.45,-0.01,3,3435,卖盘
1792,11:20:36,11.46,--,2,2292,买盘
1793,11:20:33,11.46,--,6,6876,买盘
1794,11:20:27,11.46,--,106,121476,买盘
1795,11:20:24,11.46,--,55,63030,买盘
1796,11:20:21,11.46,0.01,20,22920,买盘
1797,11:20:18,11.45,--,20,22900,卖盘
1798,11:20:15,11.45,--,12,13740,卖盘
1799,11:20:12,11.45,-0.01,240,274800,卖盘
1800,11:20:09,11.46,0.01,9,10314,买盘
1801,11:20:06,11.45,-0.01,1,1145,卖盘
1802,11:19:57,11.46,--,46,52716,买盘
1803,11:19:54,11.46,--,9,10314,买盘
1804,11:19:51,11.46,--,296,339216,卖盘
1805,11:19:45,11.46,--,19,21774,卖盘
1806,11:19:42,11.46,-0.01,11,12606,卖盘
1807,11:19:39,11.47,-0.01,14,16058,卖盘
1808,11:19:36,11.48,0.01,37,42476,买盘
1809,11:19:33,11.47,0.01,702,805194,买盘
1810,11:19:27,11.46,--,1,1146,卖盘
1811,11:19:24,11.46,--,21,24066,卖盘
1812,11:19:18,11.46,--,42,48132,卖盘
1813,11:19:15,11.46,-0.01,2,2292,卖盘
1814,11:19:12,11.47,--,2,2294,买盘
1815,11:19:06,11.47,0.01,27,30969,买盘
1816,11:19:03,11.46,-0.01,209,239514,卖盘
1817,11:18:57,11.47,--,1,1147,买盘
1818,11:18:54,11.47,--,74,84878,买盘
1819,11:18:45,11.47,--,47,53909,买盘
1820,11:18:42,11.47,--,10,11470,买盘
1821,11:18:36,11.47,--,59,67673,买盘
1822,11:18:33,11.47,--,2,2294,买盘
1823,11:18:27,11.47,0.01,22,25234,买盘
1824,11:18:24,11.46,-0.01,52,59592,卖盘
1825,11:18:15,11.47,0.01,505,579235,买盘
1826,11:18:12,11.46,-0.01,14,16044,卖盘
1827,11:18:09,11.47,--,26,29822,买盘
1828,11:18:06,11.47,--,2,2294,买盘
1829,11:18:03,11.47,--,20,22940,买盘
1830,11:18:00,11.47,--,30,34410,买盘
1831,11:17:57,11.47,--,516,591852,买盘
1832,11:17:54,11.47,-0.01,844,968068,卖盘
1833,11:17:45,11.48,--,5,5740,买盘
1834,11:17:39,11.48,0.01,51,58548,买盘
1835,11:17:30,11.47,--,9,10323,卖盘
1836,11:17:27,11.47,--,1,1147,卖盘
1837,11:17:24,11.47,-0.01,23,26381,卖盘
1838,11:17:21,11.48,--,5,5740,买盘
1839,11:17:18,11.48,0.01,13,14924,买盘
1840,11:17:15,11.47,--,51,58497,卖盘
1841,11:17:12,11.47,-0.01,10,11470,卖盘
1842,11:17:06,11.48,0.01,5,5740,买盘
1843,11:17:03,11.47,--,225,258075,卖盘
1844,11:17:00,11.47,-0.01,4,4588,卖盘
1845,11:16:54,11.48,--,140,160720,卖盘
1846,11:16:51,11.48,--,51,58548,卖盘
1847,11:16:39,11.48,--,2,2296,卖盘
1848,11:16:36,11.48,-0.01,54,61992,卖盘
1849,11:16:33,11.49,0.01,6,6894,买盘
1850,11:16:30,11.48,--,10,11480,卖盘
1851,11:16:27,11.48,-0.01,1,1148,卖盘
1852,11:16:24,11.49,0.01,55,63195,买盘
1853,11:16:21,11.48,-0.01,9,10332,卖盘
1854,11:16:18,11.49,--,21,24129,买盘
1855,11:16:06,11.49,0.01,5,5745,买盘
1856,11:16:03,11.48,--,35,40180,卖盘
1857,11:16:00,11.48,-0.01,20,22960,卖盘
1858,11:15:54,11.49,0.02,10,11490,买盘
1859,11:15:51,11.47,--,43,49321,卖盘
1860,11:15:48,11.47,-0.01,137,157139,卖盘
1861,11:15:45,11.48,-0.01,1,1148,卖盘
1862,11:15:39,11.49,0.01,3,3447,买盘
1863,11:15:36,11.48,--,300,344400,买盘
1864,11:15:33,11.48,0.01,5,5740,买盘
1865,11:15:24,11.47,-0.01,11,12617,卖盘
1866,11:15:21,11.48,--,134,153832,买盘
1867,11:15:18,11.48,--,5,5740,买盘
1868,11:15:15,11.48,--,20,22960,买盘
1869,11:15:12,11.48,-0.01,403,462644,卖盘
1870,11:15:06,11.49,0.01,5,5745,买盘
1871,11:15:03,11.48,--,2,2296,卖盘
1872,11:14:54,11.48,--,23,26404,卖盘
1873,11:14:51,11.48,--,51,58548,卖盘
1874,11:14:48,11.48,-0.01,1,1148,卖盘
1875,11:14:45,11.49,--,8,9192,买盘
1876,11:14:39,11.49,--,6,6894,买盘
1877,11:14:30,11.49,0.01,1,1149,买盘
1878,11:14:27,11.48,--,36,41328,卖盘
1879,11:14:24,11.48,-0.01,41,47068,卖盘
1880,11:14:15,11.49,--,2,2298,买盘
1881,11:14:12,11.49,0.01,3,3447,买盘
1882,11:14:06,11.48,--,2,2296,卖盘
1883,11:14:03,11.48,--,10,11480,卖盘
1884,11:14:00,11.48,--,1,1148,卖盘
1885,11:13:57,11.48,-0.01,40,45920,卖盘
1886,11:13:54,11.49,--,9,10341,买盘
1887,11:13:51,11.49,0.01,1,1149,买盘
1888,11:13:48,11.48,--,60,68880,卖盘
1889,11:13:45,11.48,-0.01,41,47068,卖盘
1890,11:13:42,11.49,0.01,2,2298,买盘
1891,11:13:39,11.48,--,9,10332,卖盘
1892,11:13:36,11.48,--,30,34440,卖盘
1893,11:13:33,11.48,0.01,1,1148,买盘
1894,11:13:30,11.47,-0.01,80,91760,卖盘
1895,11:13:27,11.48,--,33,37884,卖盘
1896,11:13:24,11.48,--,24,27552,卖盘
1897,11:13:21,11.48,--,36,41328,卖盘
1898,11:13:15,11.48,--,15,17220,卖盘
1899,11:13:12,11.48,-0.01,1,1148,卖盘
1900,11:13:06,11.49,0.01,18,20682,买盘
1901,11:13:03,11.48,--,56,64288,卖盘
1902,11:12:57,11.48,-0.01,66,75768,卖盘
1903,11:12:54,11.49,0.01,15,17235,买盘
1904,11:12:51,11.48,--,62,71176,卖盘
1905,11:12:48,11.48,--,51,58548,卖盘
1906,11:12:45,11.48,--,1,1148,卖盘
1907,11:12:42,11.48,--,3,3444,卖盘
1908,11:12:36,11.48,--,38,43624,卖盘
1909,11:12:33,11.48,--,205,235340,卖盘
1910,11:12:27,11.48,--,61,70028,卖盘
1911,11:12:24,11.48,-0.01,60,68880,卖盘
1912,11:12:21,11.49,0.01,51,58599,买盘
1913,11:12:15,11.48,-0.01,20,22960,卖盘
1914,11:11:54,11.49,0.01,18,20682,买盘
1915,11:11:51,11.48,-0.01,6,6888,卖盘
1916,11:11:48,11.49,0.01,284,326316,买盘
1917,11:11:45,11.48,-0.01,25,28700,卖盘
1918,11:11:42,11.49,0.01,3,3447,买盘
1919,11:11:24,11.48,--,98,112504,卖盘
1920,11:11:21,11.48,0.01,8,9184,买盘
1921,11:11:18,11.47,-0.01,18,20646,卖盘
1922,11:11:15,11.48,--,11,12628,卖盘
1923,11:11:09,11.48,--,12,13776,买盘
1924,11:11:06,11.48,--,3,3444,买盘
1925,11:11:03,11.48,--,27,30996,卖盘
1926,11:10:57,11.48,-0.01,209,239932,卖盘
1927,11:10:54,11.49,--,11,12639,买盘
1928,11:10:48,11.49,0.01,72,82728,买盘
1929,11:10:45,11.48,--,9,10332,卖盘
1930,11:10:39,11.48,-0.01,1,1148,卖盘
1931,11:10:30,11.49,--,20,22980,买盘
1932,11:10:24,11.49,0.01,28,32172,买盘
1933,11:10:21,11.48,-0.01,50,57400,卖盘
1934,11:10:15,11.49,0.01,3,3447,买盘
1935,11:10:12,11.48,-0.01,64,73472,卖盘
1936,11:10:09,11.49,0.01,2,2298,买盘
1937,11:10:06,11.48,--,301,345548,卖盘
1938,11:10:03,11.48,--,1,1148,卖盘
1939,11:10:00,11.48,-0.01,177,203196,卖盘
1940,11:09:54,11.49,--,9,10341,买盘
1941,11:09:48,11.49,0.01,16,18384,买盘
1942,11:09:45,11.48,--,12,13776,卖盘
1943,11:09:42,11.48,--,5,5740,卖盘
1944,11:09:39,11.48,-0.01,52,59696,卖盘
1945,11:09:33,11.49,--,2,2298,买盘
1946,11:09:27,11.49,--,27,31023,卖盘
1947,11:09:24,11.49,-0.01,30,34470,卖盘
1948,11:09:21,11.5,0.01,10,11500,买盘
1949,11:09:18,11.49,-0.01,23,26427,卖盘
1950,11:09:09,11.5,0.01,10,11500,买盘
1951,11:09:00,11.49,-0.01,3,3447,卖盘
1952,11:08:54,11.5,0.01,35,40250,买盘
1953,11:08:51,11.49,-0.01,27,31023,卖盘
1954,11:08:48,11.5,0.01,11,12650,买盘
1955,11:08:42,11.49,-0.04,6,6894,卖盘
1956,11:08:39,11.53,0.03,260,299780,买盘
1957,11:08:36,11.5,-0.02,2,2300,卖盘
1958,11:08:33,11.52,0.03,2,2304,买盘
1959,11:08:27,11.49,--,10,11490,卖盘
1960,11:08:24,11.49,--,40,45960,卖盘
1961,11:08:21,11.49,--,5,5745,卖盘
1962,11:08:18,11.49,--,7,8043,卖盘
1963,11:08:09,11.49,--,8,9192,卖盘
1964,11:08:06,11.49,--,9,10341,卖盘
1965,11:08:03,11.49,--,1,1149,卖盘
1966,11:08:00,11.49,--,26,29874,卖盘
1967,11:07:57,11.49,--,158,181542,买盘
1968,11:07:54,11.49,--,15,17235,买盘
1969,11:07:51,11.49,--,68,78132,买盘
1970,11:07:45,11.49,0.01,1,1149,买盘
1971,11:07:42,11.48,-0.01,29,33292,卖盘
1972,11:07:39,11.49,0.01,3,3447,买盘
1973,11:07:33,11.48,-0.01,27,30996,卖盘
1974,11:07:30,11.49,--,10,11490,买盘
1975,11:07:24,11.49,0.01,19,21831,买盘
1976,11:07:21,11.48,--,505,579740,卖盘
1977,11:07:18,11.48,-0.01,9,10332,卖盘
1978,11:07:12,11.49,--,346,397554,卖盘
1979,11:07:09,11.49,--,6,6894,卖盘
1980,11:07:06,11.49,-0.04,39,44811,卖盘
1981,11:07:03,11.53,--,2,2306,买盘
1982,11:06:54,11.53,0.03,271,312463,买盘
1983,11:06:45,11.5,0.01,13,14950,买盘
1984,11:06:42,11.49,-0.01,60,68940,卖盘
1985,11:06:36,11.5,0.01,3,3450,买盘
1986,11:06:33,11.49,--,11,12639,卖盘
1987,11:06:27,11.49,-0.01,40,45960,卖盘
1988,11:06:24,11.5,--,30,34500,买盘
1989,11:06:21,11.5,--,10,11500,买盘
1990,11:06:18,11.5,--,5,5750,买盘
1991,11:06:15,11.5,0.01,9,10350,买盘
1992,11:06:12,11.49,-0.01,15,17235,卖盘
1993,11:06:09,11.5,--,20,23000,买盘
1994,11:06:03,11.5,--,26,29900,买盘
1995,11:06:00,11.5,--,1,1150,买盘
1996,11:05:57,11.5,--,8,9200,买盘
1997,11:05:54,11.5,--,9,10350,买盘
1998,11:05:45,11.5,--,2,2300,买盘
1999,11:05:39,11.5,--,6,6900,买盘
2000,11:05:36,11.5,0.01,20,23000,买盘
2001,11:05:30,11.49,-0.01,249,286101,卖盘
2002,11:05:27,11.5,--,132,151800,卖盘
2003,11:05:24,11.5,-0.02,21,24150,卖盘
2004,11:05:21,11.52,0.03,100,115200,买盘
2005,11:05:15,11.49,0.01,172,197628,买盘
2006,11:05:12,11.48,--,23,26404,卖盘
2007,11:05:06,11.48,--,29,33292,卖盘
2008,11:05:03,11.48,--,34,39032,卖盘
2009,11:05:00,11.48,-0.01,7,8036,卖盘
2010,11:04:57,11.49,-0.01,329,378021,卖盘
2011,11:04:54,11.5,0.01,9,10350,买盘
2012,11:04:48,11.49,-0.01,25,28725,卖盘
2013,11:04:45,11.5,--,91,104650,买盘
2014,11:04:42,11.5,--,9,10350,买盘
2015,11:04:33,11.5,--,27,31050,卖盘
2016,11:04:27,11.5,-0.02,219,251850,卖盘
2017,11:04:24,11.52,0.02,73,84096,买盘
2018,11:04:21,11.5,--,66,75900,卖盘
2019,11:04:18,11.5,--,123,141450,卖盘
2020,11:04:12,11.5,0.01,63,72450,买盘
2021,11:04:06,11.49,-0.01,1,1149,卖盘
2022,11:03:57,11.5,--,14,16100,买盘
2023,11:03:54,11.5,0.01,125,143750,买盘
2024,11:03:51,11.49,--,2,2298,卖盘
2025,11:03:48,11.49,-0.01,22,25278,卖盘
2026,11:03:45,11.5,-0.01,83,95450,卖盘
2027,11:03:42,11.51,0.01,2,2302,买盘
2028,11:03:39,11.5,--,72,82800,买盘
2029,11:03:33,11.5,--,12,13800,买盘
2030,11:03:30,11.5,--,20,23000,卖盘
2031,11:03:27,11.5,--,65,74750,卖盘
2032,11:03:24,11.5,--,355,408250,卖盘
2033,11:03:21,11.5,--,546,627900,卖盘
2034,11:03:15,11.5,--,108,124200,卖盘
2035,11:03:12,11.5,-0.04,55,63250,卖盘
2036,11:03:09,11.54,0.04,249,287346,买盘
2037,11:03:06,11.5,--,70,80500,买盘
2038,11:02:57,11.5,--,5,5750,买盘
2039,11:02:54,11.5,--,9,10350,买盘
2040,11:02:51,11.5,0.01,17,19550,买盘
2041,11:02:48,11.49,--,9,10341,卖盘
2042,11:02:45,11.49,-0.01,1,1149,卖盘
2043,11:02:42,11.5,0.01,12,13800,买盘
2044,11:02:36,11.49,--,19,21831,买盘
2045,11:02:33,11.49,--,4,4596,买盘
2046,11:02:30,11.49,--,103,118347,买盘
2047,11:02:27,11.49,--,14,16086,买盘
2048,11:02:24,11.49,0.01,11,12639,买盘
2049,11:02:21,11.48,-0.01,20,22960,卖盘
2050,11:02:18,11.49,--,19,21831,买盘
2051,11:02:12,11.49,--,10,11490,买盘
2052,11:02:06,11.49,--,18,20682,买盘
2053,11:02:00,11.49,0.01,4,4596,买盘
2054,11:01:57,11.48,--,47,53956,买盘
2055,11:01:54,11.48,--,9,10332,买盘
2056,11:01:51,11.48,0.02,4,4592,买盘
2057,11:01:48,11.46,--,2,2292,卖盘
2058,11:01:42,11.46,--,388,445014,买盘
2059,11:01:39,11.46,--,50,57300,买盘
2060,11:01:36,11.46,--,60,68760,买盘
2061,11:01:33,11.46,-0.02,1323,1516616,卖盘
2062,11:01:27,11.48,-0.01,21,24108,卖盘
2063,11:01:24,11.49,0.01,10,11490,买盘
2064,11:01:21,11.48,0.02,459,527620,买盘
2065,11:01:18,11.46,--,15,17190,卖盘
2066,11:01:15,11.46,-0.02,45,51570,卖盘
2067,11:01:12,11.48,0.01,114,130872,买盘
2068,11:01:06,11.47,-0.01,1,1147,卖盘
2069,11:01:00,11.48,--,5,5740,买盘
2070,11:00:57,11.48,--,57,65436,买盘
2071,11:00:54,11.48,0.02,34,39032,买盘
2072,11:00:51,11.46,-0.01,530,607380,卖盘
2073,11:00:45,11.47,0.01,27,30969,买盘
2074,11:00:42,11.46,-0.01,70,80220,卖盘
2075,11:00:39,11.47,--,75,86025,买盘
2076,11:00:36,11.47,0.01,7,8029,买盘
2077,11:00:33,11.46,--,40,45840,卖盘
2078,11:00:30,11.46,-0.01,58,66468,卖盘
2079,11:00:27,11.47,--,2,2294,买盘
2080,11:00:24,11.47,--,20,22940,买盘
2081,11:00:21,11.47,-0.01,62,71114,卖盘
2082,11:00:18,11.48,--,5,5740,买盘
2083,11:00:15,11.48,--,20,22960,买盘
2084,11:00:09,11.48,0.01,85,97580,买盘
2085,11:00:06,11.47,-0.01,75,86025,卖盘
2086,11:00:03,11.48,--,891,1022868,卖盘
2087,10:59:57,11.48,-0.01,26,29848,卖盘
2088,10:59:54,11.49,--,155,178095,买盘
2089,10:59:51,11.49,0.01,78,89622,买盘
2090,10:59:48,11.48,--,28,32144,卖盘
2091,10:59:45,11.48,-0.01,22,25256,卖盘
2092,10:59:42,11.49,-0.01,1203,1382247,卖盘
2093,10:59:39,11.5,--,97,111550,买盘
2094,10:59:36,11.5,--,87,100050,卖盘
2095,10:59:33,11.5,--,41,47150,卖盘
2096,10:59:30,11.5,--,64,73600,卖盘
2097,10:59:27,11.5,--,156,179400,卖盘
2098,10:59:24,11.5,--,76,87400,卖盘
2099,10:59:21,11.5,--,109,125350,卖盘
2100,10:59:18,11.5,--,71,81650,卖盘
2101,10:59:15,11.5,--,70,80500,卖盘
2102,10:59:12,11.5,--,54,62100,卖盘
2103,10:59:09,11.5,--,61,70150,卖盘
2104,10:59:06,11.5,-0.01,80,92000,卖盘
2105,10:59:03,11.51,--,1,1151,买盘
2106,10:59:00,11.51,--,44,50644,卖盘
2107,10:58:57,11.51,0.01,289,332639,买盘
2108,10:58:54,11.5,-0.01,105,120750,卖盘
2109,10:58:51,11.51,--,20,23020,买盘
2110,10:58:48,11.51,--,31,35681,卖盘
2111,10:58:45,11.51,--,88,101288,卖盘
2112,10:58:42,11.51,0.01,205,235955,买盘
2113,10:58:39,11.5,-0.01,33,37950,卖盘
2114,10:58:36,11.51,0.01,128,147328,买盘
2115,10:58:33,11.5,--,67,77050,卖盘
2116,10:58:27,11.5,-0.01,48,55200,卖盘
2117,10:58:24,11.51,--,53,61003,卖盘
2118,10:58:21,11.51,0.01,76,87476,买盘
2119,10:58:18,11.5,--,88,101200,卖盘
2120,10:58:15,11.5,-0.01,196,225400,卖盘
2121,10:58:09,11.51,--,12,13812,卖盘
2122,10:58:06,11.51,--,98,112798,卖盘
2123,10:58:03,11.51,0.01,88,101288,买盘
2124,10:58:00,11.5,--,130,149500,卖盘
2125,10:57:57,11.5,-0.01,48,55200,卖盘
2126,10:57:54,11.51,0.01,81,93231,买盘
2127,10:57:51,11.5,--,117,134550,卖盘
2128,10:57:48,11.5,-0.01,2,2300,卖盘
2129,10:57:45,11.51,0.01,115,132365,买盘
2130,10:57:42,11.5,--,174,200100,卖盘
2131,10:57:39,11.5,-0.01,146,167900,卖盘
2132,10:57:36,11.51,0.01,1,1151,中性盘
2133,10:57:33,11.5,-0.01,50,57500,卖盘
2134,10:57:30,11.51,0.01,244,280844,买盘
2135,10:57:27,11.5,--,88,101200,卖盘
2136,10:57:24,11.5,--,129,148350,卖盘
2137,10:57:21,11.5,--,58,66700,卖盘
2138,10:57:18,11.5,--,121,139150,卖盘
2139,10:57:15,11.5,--,43,49450,卖盘
2140,10:57:12,11.5,--,102,117300,卖盘
2141,10:57:09,11.5,--,45,51750,卖盘
2142,10:57:06,11.5,-0.01,47,54050,卖盘
2143,10:57:03,11.51,--,58,66758,卖盘
2144,10:57:00,11.51,0.01,66,75966,卖盘
2145,10:56:57,11.5,-0.02,134,154100,卖盘
2146,10:56:54,11.52,0.02,82,94464,买盘
2147,10:56:51,11.5,-0.01,87,100050,卖盘
2148,10:56:48,11.51,--,116,133516,卖盘
2149,10:56:45,11.51,--,24,27624,卖盘
2150,10:56:42,11.51,--,123,141573,卖盘
2151,10:56:39,11.51,--,105,120855,卖盘
2152,10:56:36,11.51,--,83,95533,卖盘
2153,10:56:33,11.51,--,98,112798,卖盘
2154,10:56:30,11.51,--,111,127761,卖盘
2155,10:56:27,11.51,-0.01,19,21869,卖盘
2156,10:56:24,11.52,--,51,58752,卖盘
2157,10:56:21,11.52,--,103,118656,买盘
2158,10:56:18,11.52,0.01,34,39168,买盘
2159,10:56:15,11.51,--,94,108194,卖盘
2160,10:56:12,11.51,--,33,37983,卖盘
2161,10:56:09,11.51,-0.01,109,125459,卖盘
2162,10:56:06,11.52,0.01,47,54144,买盘
2163,10:56:03,11.51,-0.01,136,156536,卖盘
2164,10:56:00,11.52,0.01,76,87552,买盘
2165,10:55:57,11.51,--,109,125459,卖盘
2166,10:55:54,11.51,-0.01,135,155385,卖盘
2167,10:55:51,11.52,--,48,55296,买盘
2168,10:55:48,11.52,-0.01,82,94464,卖盘
2169,10:55:45,11.53,0.01,33,38049,买盘
2170,10:55:42,11.52,--,77,88704,卖盘
2171,10:55:39,11.52,--,40,46080,卖盘
2172,10:55:36,11.52,--,177,203904,买盘
2173,10:55:33,11.52,--,63,72576,买盘
2174,10:55:30,11.52,0.01,140,161280,买盘
2175,10:55:27,11.51,--,121,139271,卖盘
2176,10:55:24,11.51,--,312,359112,卖盘
2177,10:55:21,11.51,--,102,117402,卖盘
2178,10:55:18,11.51,0.01,85,97835,买盘
2179,10:55:15,11.5,--,56,64400,卖盘
2180,10:55:12,11.5,--,429,493557,买盘
2181,10:55:06,11.5,--,110,126500,买盘
2182,10:55:03,11.5,--,21,24150,买盘
2183,10:55:00,11.5,--,315,362250,买盘
2184,10:54:57,11.5,-0.01,837,963493,卖盘
2185,10:54:54,11.51,0.01,1006,1157906,买盘
2186,10:54:51,11.5,--,53,60950,卖盘
2187,10:54:48,11.5,--,153,175950,卖盘
2188,10:54:45,11.5,--,11,12650,卖盘
2189,10:54:42,11.5,-0.01,1315,1512250,卖盘
2190,10:54:39,11.51,--,23,26473,卖盘
2191,10:54:36,11.51,--,72,82872,卖盘
2192,10:54:33,11.51,--,136,156536,卖盘
2193,10:54:30,11.51,--,64,73664,卖盘
2194,10:54:27,11.51,-0.01,68,78268,卖盘
2195,10:54:24,11.52,--,74,85248,卖盘
2196,10:54:21,11.52,--,85,97920,卖盘
2197,10:54:18,11.52,0.01,105,120960,中性盘
2198,10:54:15,11.51,--,138,158838,卖盘
2199,10:54:12,11.51,--,86,98986,卖盘
2200,10:54:09,11.51,--,63,72513,卖盘
2201,10:54:06,11.51,-0.01,131,150781,卖盘
2202,10:54:03,11.52,-0.01,10,11520,中性盘
2203,10:54:00,11.53,0.01,822,947766,买盘
2204,10:53:57,11.52,--,60,69120,卖盘
2205,10:53:54,11.52,--,66,76032,卖盘
2206,10:53:51,11.52,--,152,175104,卖盘
2207,10:53:48,11.52,--,32,36864,卖盘
2208,10:53:45,11.52,--,108,124416,卖盘
2209,10:53:42,11.52,--,51,58752,卖盘
2210,10:53:39,11.52,--,174,200448,卖盘
2211,10:53:36,11.52,--,26,29952,卖盘
2212,10:53:33,11.52,-0.02,1928,2221056,卖盘
2213,10:53:30,11.54,0.01,124,143096,买盘
2214,10:53:27,11.53,--,31,35743,卖盘
2215,10:53:24,11.53,-0.02,108,124524,卖盘
2216,10:53:18,11.55,0.01,742,857010,买盘
2217,10:53:15,11.54,--,107,123477,卖盘
2218,10:53:12,11.54,--,63,72702,卖盘
2219,10:53:09,11.54,-0.01,49,56545,卖盘
2220,10:53:06,11.55,0.01,14,16170,买盘
2221,10:53:03,11.54,-0.01,58,66932,卖盘
2222,10:52:57,11.55,--,109,125895,卖盘
2223,10:52:54,11.55,-0.02,57,65835,卖盘
2224,10:52:36,11.57,--,470,543790,买盘
2225,10:52:30,11.57,0.01,7,8099,买盘
2226,10:52:27,11.56,0.01,133,153748,中性盘
2227,10:52:24,11.55,--,22,25410,卖盘
2228,10:52:21,11.55,--,6,6930,卖盘
2229,10:52:18,11.55,--,1,1155,卖盘
2230,10:52:15,11.55,0.01,15,17325,买盘
2231,10:52:12,11.54,0.01,8,9232,卖盘
2232,10:52:06,11.53,--,101,116453,卖盘
2233,10:52:03,11.53,--,1,1153,卖盘
2234,10:51:54,11.53,--,10,11530,卖盘
2235,10:51:51,11.53,-0.01,102,117606,卖盘
2236,10:51:48,11.54,--,12,13847,买盘
2237,10:51:45,11.54,0.01,19,21926,买盘
2238,10:51:39,11.53,--,1196,1378988,卖盘
2239,10:51:36,11.53,--,908,1047592,买盘
2240,10:51:33,11.53,--,4,4612,买盘
2241,10:51:30,11.53,--,1,1153,买盘
2242,10:51:24,11.53,0.01,120,138360,买盘
2243,10:51:15,11.52,-0.01,9,10368,卖盘
2244,10:51:09,11.53,0.01,71,81863,买盘
2245,10:51:06,11.52,-0.01,1,1152,卖盘
2246,10:51:00,11.53,-0.03,455,525099,卖盘
2247,10:50:54,11.56,0.03,9,10404,买盘
2248,10:50:51,11.53,--,0,1129,卖盘
2249,10:50:48,11.53,--,206,238209,买盘
2250,10:50:42,11.53,--,178,205234,买盘
2251,10:50:39,11.53,--,62,71486,买盘
2252,10:50:36,11.53,--,104,119912,买盘
2253,10:50:33,11.53,--,4,4612,买盘
2254,10:50:30,11.53,--,22,25366,买盘
2255,10:50:27,11.53,--,4,4612,买盘
2256,10:50:24,11.53,0.01,23,26519,买盘
2257,10:50:21,11.52,-0.01,50,57600,卖盘
2258,10:50:18,11.53,--,79,91087,买盘
2259,10:50:15,11.53,--,17,19601,买盘
2260,10:50:12,11.53,--,46,53038,买盘
2261,10:50:09,11.53,--,29,33437,买盘
2262,10:50:03,11.53,-0.01,1325,1528186,卖盘
2263,10:50:00,11.54,--,203,234954,买盘
2264,10:49:57,11.54,--,73,84242,买盘
2265,10:49:54,11.54,0.01,91,105013,买盘
2266,10:49:51,11.53,-0.01,117,134901,卖盘
2267,10:49:48,11.54,--,20,23080,买盘
2268,10:49:45,11.54,--,61,70394,买盘
2269,10:49:39,11.54,--,30,34620,买盘
2270,10:49:36,11.54,--,310,357740,买盘
2271,10:49:33,11.54,--,210,242339,买盘
2272,10:49:27,11.54,0.01,6,6923,买盘
2273,10:49:24,11.53,--,45,51885,卖盘
2274,10:49:21,11.53,-0.01,5,5765,卖盘
2275,10:49:18,11.54,0.01,90,103859,买盘
2276,10:49:15,11.53,-0.01,42,48426,卖盘
2277,10:49:09,11.54,0.01,20,23080,买盘
2278,10:49:06,11.53,--,1,1153,卖盘
2279,10:49:03,11.53,--,11,12683,卖盘
2280,10:49:00,11.53,-0.01,101,116453,卖盘
2281,10:48:54,11.54,0.01,23,26541,买盘
2282,10:48:42,11.53,-0.01,51,58803,卖盘
2283,10:48:39,11.54,--,123,141942,买盘
2284,10:48:27,11.54,--,1,1154,买盘
2285,10:48:24,11.54,--,51,58853,买盘
2286,10:48:21,11.54,--,814,939817,卖盘
2287,10:48:12,11.54,--,8,9232,卖盘
2288,10:48:06,11.54,-0.01,1,1154,卖盘
2289,10:48:00,11.55,--,60,69300,买盘
2290,10:47:57,11.55,-0.01,713,823515,卖盘
2291,10:47:54,11.56,--,18,20808,卖盘
2292,10:47:48,11.56,--,5,5780,卖盘
2293,10:47:45,11.56,--,101,116756,卖盘
2294,10:47:39,11.56,--,51,58956,卖盘
2295,10:47:27,11.56,-0.01,27,31212,卖盘
2296,10:47:24,11.57,--,12,13884,买盘
2297,10:47:15,11.57,0.01,8,9256,买盘
2298,10:47:09,11.56,--,5,5780,卖盘
2299,10:47:03,11.56,-0.01,100,115600,卖盘
2300,10:47:00,11.57,0.01,4,4628,买盘
2301,10:46:54,11.56,-0.01,30,34680,卖盘
2302,10:46:51,11.57,0.01,4,4628,中性盘
2303,10:46:48,11.56,-0.01,16,18496,卖盘
2304,10:46:45,11.57,--,4,4628,买盘
2305,10:46:42,11.57,--,7,8099,买盘
2306,10:46:39,11.57,--,42,48594,卖盘
2307,10:46:30,11.57,--,20,23140,卖盘
2308,10:46:24,11.57,--,13,15041,卖盘
2309,10:46:21,11.57,-0.01,8,9256,卖盘
2310,10:46:15,11.58,--,5,5790,买盘
2311,10:45:54,11.58,--,9,10422,买盘
2312,10:45:51,11.58,--,1,1158,买盘
2313,10:45:48,11.58,0.01,20,23160,买盘
2314,10:45:45,11.57,--,7,8099,卖盘
2315,10:45:42,11.57,--,9,10413,卖盘
2316,10:45:39,11.57,-0.01,93,107601,卖盘
2317,10:45:30,11.58,0.01,9,10422,买盘
2318,10:45:24,11.57,-0.01,15,17355,卖盘
2319,10:45:21,11.58,0.01,30,34740,买盘
2320,10:45:06,11.57,--,1,1157,卖盘
2321,10:45:03,11.57,-0.01,10,11570,卖盘
2322,10:44:54,11.58,0.01,9,10422,买盘
2323,10:44:51,11.57,--,45,52065,卖盘
2324,10:44:48,11.57,--,1,1157,卖盘
2325,10:44:39,11.57,--,14,16198,卖盘
2326,10:44:30,11.57,-0.01,24,27768,卖盘
2327,10:44:27,11.58,0.01,17,19686,买盘
2328,10:44:24,11.57,0.01,11,12727,买盘
2329,10:44:21,11.56,--,15,17340,卖盘
2330,10:44:15,11.56,--,7,8092,卖盘
2331,10:44:09,11.56,--,37,42772,卖盘
2332,10:44:06,11.56,--,1,1156,卖盘
2333,10:44:03,11.56,--,1,1156,卖盘
2334,10:44:00,11.56,--,22,25432,卖盘
2335,10:43:57,11.56,-0.01,32,36992,卖盘
2336,10:43:54,11.57,--,43,49751,买盘
2337,10:43:48,11.57,0.01,12,13884,买盘
2338,10:43:45,11.56,--,2,2312,卖盘
2339,10:43:42,11.56,-0.01,51,58956,卖盘
2340,10:43:39,11.57,0.01,50,57850,买盘
2341,10:43:36,11.56,--,30,34680,卖盘
2342,10:43:27,11.56,--,7,8092,卖盘
2343,10:43:24,11.56,-0.01,96,110976,卖盘
2344,10:43:21,11.57,0.01,5,5785,买盘
2345,10:43:12,11.56,-0.01,334,386104,卖盘
2346,10:43:09,11.57,-0.01,5,5785,卖盘
2347,10:43:06,11.58,0.01,34,39372,买盘
2348,10:43:03,11.57,--,50,57850,卖盘
2349,10:43:00,11.57,--,38,43966,卖盘
2350,10:42:57,11.57,-0.01,8,9256,卖盘
2351,10:42:54,11.58,0.01,9,10422,买盘
2352,10:42:51,11.57,0.01,78,90246,卖盘
2353,10:42:48,11.56,--,20,23120,卖盘
2354,10:42:45,11.56,--,53,61268,卖盘
2355,10:42:42,11.56,-0.01,35,40460,卖盘
2356,10:42:39,11.57,--,122,141154,卖盘
2357,10:42:33,11.57,--,8,9256,卖盘
2358,10:42:27,11.57,--,2,2314,卖盘
2359,10:42:24,11.57,--,11,12727,卖盘
2360,10:42:21,11.57,--,16,18512,卖盘
2361,10:42:18,11.57,--,100,115700,卖盘
2362,10:42:15,11.57,-0.01,7,8099,卖盘
2363,10:42:09,11.58,0.01,2,2316,买盘
2364,10:42:06,11.57,-0.01,106,122642,卖盘
2365,10:42:03,11.58,--,30,34740,买盘
2366,10:42:00,11.58,--,37,42846,买盘
2367,10:41:54,11.58,--,9,10422,买盘
2368,10:41:42,11.58,0.01,1,1158,买盘
2369,10:41:39,11.57,--,52,60164,卖盘
2370,10:41:33,11.57,--,36,41652,卖盘
2371,10:41:30,11.57,--,155,179335,卖盘
2372,10:41:27,11.57,-0.01,50,57850,卖盘
2373,10:41:24,11.58,--,10,11580,买盘
2374,10:41:21,11.58,--,14,16212,买盘
2375,10:41:18,11.58,--,1,1158,买盘
2376,10:41:15,11.58,0.01,21,24318,买盘
2377,10:41:12,11.57,-0.01,24,27768,卖盘
2378,10:41:09,11.58,--,2,2316,买盘
2379,10:41:06,11.58,--,10,11580,买盘
2380,10:41:03,11.58,--,6,6948,卖盘
2381,10:41:00,11.58,-0.01,17,19686,卖盘
2382,10:40:57,11.59,--,21,24339,买盘
2383,10:40:54,11.59,0.01,12,13908,买盘
2384,10:40:45,11.58,--,1,1158,卖盘
2385,10:40:39,11.58,--,54,62532,卖盘
2386,10:40:36,11.58,-0.01,20,23160,卖盘
2387,10:40:30,11.59,--,5,5795,买盘
2388,10:40:27,11.59,--,3,3477,买盘
2389,10:40:24,11.59,--,10,11590,买盘
2390,10:40:18,11.59,0.01,2,2318,买盘
2391,10:40:15,11.58,--,16,18528,卖盘
2392,10:40:09,11.58,--,11,12738,卖盘
2393,10:40:06,11.58,-0.01,5,5790,卖盘
2394,10:40:03,11.59,0.01,755,875045,买盘
2395,10:40:00,11.58,-0.01,5,5790,卖盘
2396,10:39:54,11.59,0.01,10,11590,买盘
2397,10:39:39,11.58,-0.01,51,59058,卖盘
2398,10:39:36,11.59,--,35,40565,买盘
2399,10:39:33,11.59,--,43,49837,买盘
2400,10:39:30,11.59,0.01,2,2318,买盘
2401,10:39:27,11.58,--,2,2316,卖盘
2402,10:39:24,11.58,-0.01,11,12738,卖盘
2403,10:39:18,11.59,0.01,3,3477,买盘
2404,10:39:15,11.58,-0.01,9,10422,卖盘
2405,10:39:09,11.59,0.01,4,4636,买盘
2406,10:39:00,11.58,-0.01,13,15054,卖盘
2407,10:38:57,11.59,-0.01,105,121695,中性盘
2408,10:38:54,11.6,--,9,10440,买盘
2409,10:38:48,11.6,--,13,15080,买盘
2410,10:38:45,11.6,--,3,3480,买盘
2411,10:38:42,11.6,--,4,4640,买盘
2412,10:38:33,11.6,--,3,3480,买盘
2413,10:38:27,11.6,0.02,3,3480,买盘
2414,10:38:24,11.58,--,11,12738,卖盘
2415,10:38:21,11.58,--,19,22002,卖盘
2416,10:38:18,11.58,-0.02,2,2316,卖盘
2417,10:38:15,11.6,0.03,2,2320,买盘
2418,10:38:12,11.57,-0.01,1038,1200966,卖盘
2419,10:38:06,11.58,0.01,26,30108,买盘
2420,10:38:03,11.57,-0.01,109,126113,卖盘
2421,10:38:00,11.58,0.01,2,2316,买盘
2422,10:37:57,11.57,-0.01,19,21983,卖盘
2423,10:37:54,11.58,--,26,30108,买盘
2424,10:37:45,11.58,0.01,1,1158,买盘
2425,10:37:39,11.57,-0.01,54,62478,卖盘
2426,10:37:36,11.58,--,34,39372,买盘
2427,10:37:33,11.58,--,57,66006,买盘
2428,10:37:24,11.58,--,10,11580,买盘
2429,10:37:21,11.58,--,50,57900,买盘
2430,10:37:15,11.58,--,52,60216,买盘
2431,10:37:12,11.58,0.01,3,3474,买盘
2432,10:37:09,11.57,--,18,20826,卖盘
2433,10:37:03,11.57,--,2,2314,卖盘
2434,10:36:57,11.57,--,15,17355,卖盘
2435,10:36:54,11.57,--,11,12727,卖盘
2436,10:36:51,11.57,--,15,17355,卖盘
2437,10:36:45,11.57,-0.01,15,17355,卖盘
2438,10:36:39,11.58,--,2,2316,买盘
2439,10:36:36,11.58,--,50,57900,买盘
2440,10:36:33,11.58,0.01,20,23160,买盘
2441,10:36:24,11.57,-0.01,11,12727,卖盘
2442,10:36:18,11.58,--,3,3474,买盘
2443,10:36:15,11.58,0.01,3,3474,买盘
2444,10:36:12,11.57,--,1,1157,卖盘
2445,10:36:06,11.57,--,13,15041,卖盘
2446,10:36:03,11.57,-0.01,20,23140,卖盘
2447,10:35:54,11.58,--,11,12738,买盘
2448,10:35:51,11.58,--,11,12738,买盘
2449,10:35:48,11.58,0.01,30,34740,买盘
2450,10:35:42,11.57,0.01,127,146939,买盘
2451,10:35:39,11.56,-0.01,9,10404,卖盘
2452,10:35:36,11.57,--,20,23140,买盘
2453,10:35:33,11.57,0.01,23,26611,买盘
2454,10:35:30,11.56,-0.01,1,1156,卖盘
2455,10:35:24,11.57,--,11,12727,买盘
2456,10:35:21,11.57,--,14,16198,买盘
2457,10:35:18,11.57,--,35,40495,买盘
2458,10:35:15,11.57,--,3,3471,买盘
2459,10:35:12,11.57,0.01,35,40495,买盘
2460,10:35:09,11.56,-0.01,16,18496,卖盘
2461,10:35:06,11.57,0.01,71,82147,买盘
2462,10:35:03,11.56,--,51,58956,买盘
2463,10:34:57,11.56,--,123,142188,买盘
2464,10:34:54,11.56,0.01,9,10404,买盘
2465,10:34:51,11.55,-0.01,8,9240,卖盘
2466,10:34:48,11.56,--,13,15028,买盘
2467,10:34:45,11.56,--,404,467024,买盘
2468,10:34:42,11.56,0.02,225,260100,买盘
2469,10:34:39,11.54,-0.01,24,27695,卖盘
2470,10:34:36,11.55,--,50,57750,买盘
2471,10:34:33,11.55,--,50,57750,买盘
2472,10:34:30,11.55,0.01,7,8085,买盘
2473,10:34:27,11.54,--,46,53083,卖盘
2474,10:34:24,11.54,--,18,20772,卖盘
2475,10:34:21,11.54,--,114,131556,卖盘
2476,10:34:15,11.54,-0.01,26,30003,卖盘
2477,10:34:12,11.55,--,2,2310,买盘
2478,10:34:09,11.55,--,10,11550,买盘
2479,10:33:54,11.55,--,13,15015,买盘
2480,10:33:51,11.55,0.01,3,3465,买盘
2481,10:33:48,11.54,--,10,11540,卖盘
2482,10:33:45,11.54,--,9,10386,卖盘
2483,10:33:42,11.54,--,59,68086,卖盘
2484,10:33:39,11.54,--,1,1154,卖盘
2485,10:33:36,11.54,--,141,162714,卖盘
2486,10:33:33,11.54,-0.01,14,16155,卖盘
2487,10:33:30,11.55,0.01,37,42735,买盘
2488,10:33:27,11.54,-0.01,14,16155,卖盘
2489,10:33:24,11.55,0.01,30,34650,买盘
2490,10:33:21,11.54,-0.01,80,92320,卖盘
2491,10:33:18,11.55,0.01,4,4620,买盘
2492,10:33:15,11.54,-0.01,14,16155,卖盘
2493,10:33:12,11.55,0.01,1,1155,买盘
2494,10:33:06,11.54,-0.01,20,23080,卖盘
2495,10:33:00,11.55,--,42,48510,买盘
2496,10:32:54,11.55,--,22,25410,买盘
2497,10:32:51,11.55,--,10,11550,买盘
2498,10:32:48,11.55,0.01,5,5775,买盘
2499,10:32:45,11.54,--,4,4616,卖盘
2500,10:32:42,11.54,--,53,61161,卖盘
2501,10:32:39,11.54,--,55,63469,卖盘
2502,10:32:36,11.54,--,30,34620,卖盘
2503,10:32:30,11.54,-0.01,10,11540,卖盘
2504,10:32:27,11.55,0.01,25,28875,买盘
2505,10:32:24,11.54,--,11,12693,卖盘
2506,10:32:18,11.54,--,44,50775,卖盘
2507,10:32:15,11.54,--,7,8077,卖盘
2508,10:32:12,11.54,-0.01,20,23080,卖盘
2509,10:32:09,11.55,--,2,2310,买盘
2510,10:32:06,11.55,0.01,3,3465,买盘
2511,10:32:03,11.54,-0.01,8,9232,卖盘
2512,10:31:54,11.55,0.01,9,10395,买盘
2513,10:31:48,11.54,-0.01,10,11540,卖盘
2514,10:31:45,11.55,--,8,9240,买盘
2515,10:31:42,11.55,0.01,4,4620,买盘
2516,10:31:39,11.54,-0.01,42,48468,卖盘
2517,10:31:36,11.55,--,8,9240,卖盘
2518,10:31:33,11.55,--,11,12705,卖盘
2519,10:31:30,11.55,--,26,30030,卖盘
2520,10:31:27,11.55,--,7,8085,卖盘
2521,10:31:24,11.55,--,1,1155,卖盘
2522,10:31:21,11.55,--,5,5775,卖盘
2523,10:31:18,11.55,0.01,2,2310,买盘
2524,10:31:15,11.54,--,9,10847,卖盘
2525,10:31:12,11.54,-0.01,1,1154,卖盘
2526,10:31:09,11.55,0.01,3,3465,买盘
2527,10:31:06,11.54,--,63,72702,卖盘
2528,10:31:03,11.54,--,9,10386,卖盘
2529,10:30:45,11.54,-0.01,38,44082,卖盘
2530,10:30:39,11.55,-0.01,51,59829,卖盘
2531,10:30:33,11.56,0.01,2,2312,买盘
2532,10:30:30,11.55,-0.01,65,75075,卖盘
2533,10:30:24,11.56,--,8,9248,买盘
2534,10:30:21,11.56,--,20,23120,买盘
2535,10:30:18,11.56,0.01,30,34680,买盘
2536,10:30:09,11.55,--,7,8085,卖盘
2537,10:30:06,11.55,--,10,11550,卖盘
2538,10:30:03,11.55,--,2,2310,卖盘
2539,10:30:00,11.55,--,44,50820,卖盘
2540,10:29:57,11.55,--,20,23100,卖盘
2541,10:29:48,11.55,--,1,1155,卖盘
2542,10:29:45,11.55,--,37,42735,卖盘
2543,10:29:42,11.55,--,100,115500,卖盘
2544,10:29:39,11.55,-0.01,72,83160,卖盘
2545,10:29:33,11.56,--,8,9248,买盘
2546,10:29:30,11.56,--,37,42772,买盘
2547,10:29:27,11.56,0.01,4,4624,买盘
2548,10:29:24,11.55,--,2,2310,卖盘
2549,10:29:21,11.55,-0.01,1,1155,卖盘
2550,10:29:15,11.56,0.01,32,36992,买盘
2551,10:29:06,11.55,--,42,48510,卖盘
2552,10:29:03,11.55,--,56,64680,卖盘
2553,10:29:00,11.55,-0.01,1,1155,卖盘
2554,10:28:51,11.56,0.01,2,2312,买盘
2555,10:28:48,11.55,-0.01,100,115500,卖盘
2556,10:28:45,11.56,0.01,17,19652,买盘
2557,10:28:39,11.55,--,32,36960,卖盘
2558,10:28:36,11.55,--,52,60060,卖盘
2559,10:28:27,11.55,--,7,8085,卖盘
2560,10:28:24,11.55,--,20,23100,卖盘
2561,10:28:21,11.55,-0.01,300,346500,卖盘
2562,10:28:18,11.56,0.01,3,3468,买盘
2563,10:28:12,11.55,--,66,76461,卖盘
2564,10:28:03,11.55,--,9,10395,卖盘
2565,10:28:00,11.55,-0.01,12,13860,卖盘
2566,10:27:57,11.56,--,2,2312,买盘
2567,10:27:54,11.56,--,6,6936,买盘
2568,10:27:48,11.56,-0.01,119,137564,卖盘
2569,10:27:45,11.57,--,41,47437,买盘
2570,10:27:36,11.57,--,1,1157,买盘
2571,10:27:30,11.57,--,1,1157,买盘
2572,10:27:24,11.57,--,3,3471,买盘
2573,10:27:21,11.57,0.01,41,47437,买盘
2574,10:27:15,11.56,--,17,19652,卖盘
2575,10:27:12,11.56,--,10,11560,卖盘
2576,10:27:03,11.56,--,48,55488,卖盘
2577,10:27:00,11.56,--,10,11560,卖盘
2578,10:26:48,11.56,-0.01,20,23120,卖盘
2579,10:26:42,11.57,0.01,17,19669,买盘
2580,10:26:39,11.56,-0.01,86,99416,卖盘
2581,10:26:36,11.57,0.01,94,108758,买盘
2582,10:26:33,11.56,--,59,68204,卖盘
2583,10:26:27,11.56,--,3,3468,卖盘
2584,10:26:24,11.56,-0.01,1,1156,卖盘
2585,10:26:21,11.57,0.01,5,5785,买盘
2586,10:26:09,11.56,--,25,28900,卖盘
2587,10:26:03,11.56,--,2,2312,卖盘
2588,10:26:00,11.56,--,33,38148,卖盘
2589,10:25:54,11.56,--,10,11560,卖盘
2590,10:25:48,11.56,-0.01,42,48552,卖盘
2591,10:25:45,11.57,0.01,2,2314,买盘
2592,10:25:42,11.56,--,20,23120,卖盘
2593,10:25:33,11.56,--,28,32368,卖盘
2594,10:25:27,11.56,--,10,11560,卖盘
2595,10:25:24,11.56,--,1,1156,卖盘
2596,10:25:21,11.56,0.01,26,30056,买盘
2597,10:25:18,11.55,-0.01,6,6930,卖盘
2598,10:25:15,11.56,0.01,2,2312,买盘
2599,10:25:12,11.55,--,43,49665,卖盘
2600,10:25:06,11.55,-0.01,26,30030,卖盘
2601,10:25:03,11.56,--,10,11560,买盘
2602,10:25:00,11.56,-0.01,165,190740,卖盘
2603,10:24:54,11.57,-0.01,1,1157,卖盘
2604,10:24:51,11.58,0.01,5,5790,买盘
2605,10:24:48,11.57,--,1,1157,买盘
2606,10:24:45,11.57,0.01,2,2314,中性盘
2607,10:24:39,11.56,-0.02,27,31212,卖盘
2608,10:24:36,11.58,0.01,118,136644,买盘
2609,10:24:27,11.57,-0.01,30,34710,中性盘
2610,10:24:18,11.58,--,10,11580,买盘
2611,10:24:12,11.58,--,43,49794,买盘
2612,10:24:06,11.58,--,10,11580,买盘
2613,10:24:00,11.58,--,16,19176,卖盘
2614,10:23:57,11.58,0.02,483,559823,买盘
2615,10:23:51,11.56,-0.01,98,113288,卖盘
2616,10:23:45,11.57,--,38,43966,卖盘
2617,10:23:42,11.57,--,765,885105,买盘
2618,10:23:36,11.57,0.01,1,1157,买盘
2619,10:23:30,11.56,--,7,8092,卖盘
2620,10:23:24,11.56,0.01,34,39304,买盘
2621,10:23:18,11.55,--,18,20790,卖盘
2622,10:23:12,11.55,--,20,23100,卖盘
2623,10:23:09,11.55,--,1,1155,卖盘
2624,10:23:06,11.55,--,86,99330,买盘
2625,10:23:00,11.55,--,10,11550,买盘
2626,10:22:54,11.55,--,10,11550,买盘
2627,10:22:51,11.55,--,37,42735,买盘
2628,10:22:45,11.55,--,11,12705,买盘
2629,10:22:42,11.55,0.01,50,57750,买盘
2630,10:22:39,11.54,-0.01,10,11540,卖盘
2631,10:22:36,11.55,0.01,3,3465,买盘
2632,10:22:33,11.54,-0.01,67,78298,卖盘
2633,10:22:30,11.55,--,108,124740,买盘
2634,10:22:27,11.55,0.01,13,15015,买盘
2635,10:22:24,11.54,--,77,88858,卖盘
2636,10:22:21,11.54,-0.01,41,47314,卖盘
2637,10:22:09,11.55,0.01,64,73920,买盘
2638,10:22:06,11.54,-0.01,1,1154,卖盘
2639,10:22:00,11.55,--,2,2310,买盘
2640,10:21:54,11.55,--,1,1155,买盘
2641,10:21:48,11.55,--,10,11550,买盘
2642,10:21:45,11.55,0.01,1,1155,买盘
2643,10:21:39,11.54,--,28,32311,卖盘
2644,10:21:36,11.54,--,10,11540,卖盘
2645,10:21:33,11.54,-0.01,67,77318,卖盘
2646,10:21:30,11.55,--,4,4620,买盘
2647,10:21:27,11.55,0.01,51,58905,买盘
2648,10:21:24,11.54,--,1,1154,卖盘
2649,10:21:21,11.54,--,1,1154,卖盘
2650,10:21:18,11.54,-0.01,16,18464,卖盘
2651,10:21:15,11.55,0.01,1,1155,买盘
2652,10:21:12,11.54,--,26,30003,卖盘
2653,10:21:09,11.54,-0.01,4,4616,卖盘
2654,10:21:00,11.55,0.01,462,533610,买盘
2655,10:20:57,11.54,-0.01,3,3461,卖盘
2656,10:20:54,11.55,0.01,3,3465,买盘
2657,10:20:51,11.54,--,125,144250,卖盘
2658,10:20:48,11.54,--,3,3461,卖盘
2659,10:20:45,11.54,-0.01,1,1154,卖盘
2660,10:20:39,11.55,--,96,111053,卖盘
2661,10:20:36,11.55,--,1503,1735965,卖盘
2662,10:20:33,11.55,--,10,11550,卖盘
2663,10:20:27,11.55,--,54,62370,卖盘
2664,10:20:24,11.55,-0.01,14,17151,卖盘
2665,10:20:21,11.56,--,544,629661,卖盘
2666,10:20:18,11.56,-0.01,26,30056,卖盘
2667,10:20:09,11.57,--,60,69420,买盘
2668,10:20:03,11.57,-0.01,742,858494,卖盘
2669,10:19:54,11.58,--,17,19686,买盘
2670,10:19:51,11.58,--,46,53268,买盘
2671,10:19:42,11.58,0.01,21,24318,买盘
2672,10:19:39,11.57,-0.01,6,6942,卖盘
2673,10:19:33,11.58,--,39,45162,买盘
2674,10:19:30,11.58,0.01,1,1158,买盘
2675,10:19:27,11.57,--,61,70577,卖盘
2676,10:19:24,11.57,--,28,32396,卖盘
2677,10:19:18,11.57,--,10,11570,卖盘
2678,10:19:09,11.57,0.01,165,190905,买盘
2679,10:19:06,11.56,--,84,97104,卖盘
2680,10:19:03,11.56,--,23,26588,卖盘
2681,10:18:57,11.56,-0.01,28,32368,卖盘
2682,10:18:54,11.57,0.01,27,31239,买盘
2683,10:18:48,11.56,-0.01,3,3468,卖盘
2684,10:18:39,11.57,--,11,12727,买盘
2685,10:18:36,11.57,0.01,35,40853,买盘
2686,10:18:30,11.56,--,10,11560,卖盘
2687,10:18:27,11.56,--,189,218484,卖盘
2688,10:18:24,11.56,--,363,419628,卖盘
2689,10:18:18,11.56,-0.01,8,9248,卖盘
2690,10:18:15,11.57,0.01,71,82147,买盘
2691,10:18:09,11.56,--,200,231200,卖盘
2692,10:18:03,11.56,--,15,17340,卖盘
2693,10:18:00,11.56,--,38,43928,卖盘
2694,10:17:57,11.56,--,11,12716,卖盘
2695,10:17:51,11.56,--,18,20808,卖盘
2696,10:17:48,11.56,--,1,1156,卖盘
2697,10:17:45,11.56,--,1,1156,卖盘
2698,10:17:39,11.56,--,25,28900,卖盘
2699,10:17:33,11.56,--,81,93636,卖盘
2700,10:17:30,11.56,-0.01,7,8092,卖盘
2701,10:17:27,11.57,-0.01,500,578500,卖盘
2702,10:17:24,11.58,0.01,238,275604,买盘
2703,10:17:21,11.57,--,14,16198,卖盘
2704,10:17:18,11.57,--,4,4628,卖盘
2705,10:17:15,11.57,--,10,11570,卖盘
2706,10:17:09,11.57,-0.01,52,60164,卖盘
2707,10:17:06,11.58,0.01,29,33582,买盘
2708,10:17:03,11.57,--,34,39338,卖盘
2709,10:17:00,11.57,--,5,5785,卖盘
2710,10:16:57,11.57,-0.01,10,11570,卖盘
2711,10:16:54,11.58,--,1,1158,买盘
2712,10:16:51,11.58,--,2,2316,买盘
2713,10:16:48,11.58,--,12,13896,买盘
2714,10:16:45,11.58,0.01,26,30108,买盘
2715,10:16:42,11.57,--,12,13884,卖盘
2716,10:16:39,11.57,-0.01,44,50908,卖盘
2717,10:16:36,11.58,0.01,6,6948,买盘
2718,10:16:30,11.57,-0.01,24,27768,卖盘
2719,10:16:27,11.58,-0.01,2,2316,买盘
2720,10:16:24,11.59,0.01,155,179645,买盘
2721,10:16:21,11.58,--,51,59891,卖盘
2722,10:16:18,11.58,--,27,31266,卖盘
2723,10:16:15,11.58,-0.01,31,35898,卖盘
2724,10:16:12,11.59,--,65,75335,买盘
2725,10:16:09,11.59,0.01,915,1060485,买盘
2726,10:16:06,11.58,--,32,37056,卖盘
2727,10:16:03,11.58,--,2,2316,卖盘
2728,10:16:00,11.58,-0.01,15,17370,卖盘
2729,10:15:54,11.59,--,100,115900,买盘
2730,10:15:51,11.59,0.01,3,3477,买盘
2731,10:15:48,11.58,-0.01,1,1158,卖盘
2732,10:15:45,11.59,0.01,6,6954,买盘
2733,10:15:39,11.58,-0.01,28,32424,卖盘
2734,10:15:36,11.59,--,8,9272,买盘
2735,10:15:33,11.59,--,11,12749,买盘
2736,10:15:30,11.59,--,1,1159,买盘
2737,10:15:24,11.59,--,13,15067,买盘
2738,10:15:21,11.59,--,53,61427,卖盘
2739,10:15:15,11.59,-0.01,2,2318,卖盘
2740,10:15:12,11.6,0.01,43,49880,买盘
2741,10:15:06,11.59,--,1,1159,卖盘
2742,10:15:03,11.59,--,2,2318,卖盘
2743,10:15:00,11.59,0.01,106,122854,买盘
2744,10:14:57,11.58,-0.01,6,6948,卖盘
2745,10:14:48,11.59,0.01,3,3477,买盘
2746,10:14:45,11.58,--,1,1158,卖盘
2747,10:14:39,11.58,--,2,2316,卖盘
2748,10:14:36,11.58,--,5,5790,卖盘
2749,10:14:33,11.58,--,5,5790,卖盘
2750,10:14:30,11.58,-0.01,3,3474,卖盘
2751,10:14:24,11.59,--,2,2318,买盘
2752,10:14:15,11.59,0.01,6,6954,中性盘
2753,10:14:12,11.58,-0.01,2520,2918160,卖盘
2754,10:14:06,11.59,--,5,5795,卖盘
2755,10:14:03,11.59,--,104,120536,卖盘
2756,10:13:54,11.59,-0.01,77,89243,卖盘
2757,10:13:51,11.6,0.01,10,11600,买盘
2758,10:13:48,11.59,--,16,18544,卖盘
2759,10:13:45,11.59,0.01,55,63745,买盘
2760,10:13:42,11.58,-0.01,98,113484,卖盘
2761,10:13:39,11.59,--,12,13908,买盘
2762,10:13:36,11.59,--,56,64904,买盘
2763,10:13:33,11.59,--,2,2318,买盘
2764,10:13:30,11.59,--,56,64904,买盘
2765,10:13:27,11.59,0.01,92,106628,买盘
2766,10:13:24,11.58,-0.01,22,25476,卖盘
2767,10:13:18,11.59,--,64,74176,买盘
2768,10:13:15,11.59,0.01,270,312930,买盘
2769,10:13:09,11.58,-0.02,65,75270,卖盘
2770,10:13:03,11.6,0.01,68,78880,买盘
2771,10:13:00,11.59,--,20,23180,卖盘
2772,10:12:57,11.59,0.01,163,188917,买盘
2773,10:12:54,11.58,--,9,10422,卖盘
2774,10:12:48,11.58,-0.01,20,23160,卖盘
2775,10:12:45,11.59,0.01,1,1159,买盘
2776,10:12:39,11.58,-0.01,5,5790,卖盘
2777,10:12:36,11.59,0.01,47,54473,买盘
2778,10:12:33,11.58,--,27,31266,卖盘
2779,10:12:30,11.58,--,153,177174,卖盘
2780,10:12:24,11.58,--,17,19686,卖盘
2781,10:12:21,11.58,-0.02,8,9264,卖盘
2782,10:12:15,11.6,--,50,58000,买盘
2783,10:12:12,11.6,--,34,39440,买盘
2784,10:12:06,11.6,0.01,66,76560,买盘
2785,10:12:03,11.59,--,10,11590,卖盘
2786,10:12:00,11.59,-0.02,120,139080,卖盘
2787,10:11:57,11.61,0.01,4,4644,买盘
2788,10:11:54,11.6,-0.01,20,23200,卖盘
2789,10:11:51,11.61,0.01,43,49923,买盘
2790,10:11:48,11.6,--,11,12760,卖盘
2791,10:11:45,11.6,--,13,15080,卖盘
2792,10:11:42,11.6,--,77,89320,卖盘
2793,10:11:39,11.6,--,2330,2702800,卖盘
2794,10:11:36,11.6,-0.01,5,5800,卖盘
2795,10:11:33,11.61,--,78,90558,买盘
2796,10:11:30,11.61,0.01,3,3483,买盘
2797,10:11:27,11.6,--,67,77720,卖盘
2798,10:11:24,11.6,--,712,826244,买盘
2799,10:11:21,11.6,--,1505,1746635,卖盘
2800,10:11:18,11.6,-0.01,842,976720,卖盘
2801,10:11:15,11.61,0.01,32,37152,买盘
2802,10:11:12,11.6,-0.02,218,252880,卖盘
2803,10:11:09,11.62,0.01,1544,1794127,买盘
2804,10:11:06,11.61,--,258,299538,卖盘
2805,10:11:03,11.61,--,312,362232,买盘
2806,10:11:00,11.61,0.01,310,359910,买盘
2807,10:10:57,11.6,--,22,25520,卖盘
2808,10:10:54,11.6,--,28,32480,卖盘
2809,10:10:51,11.6,--,92,107044,买盘
2810,10:10:48,11.6,--,10,11600,买盘
2811,10:10:45,11.6,--,45,52200,买盘
2812,10:10:42,11.6,--,10,11600,买盘
2813,10:10:39,11.6,--,365,424235,卖盘
2814,10:10:36,11.6,-0.01,10,11600,卖盘
2815,10:10:33,11.61,0.01,6,6966,买盘
2816,10:10:27,11.6,--,1,1160,卖盘
2817,10:10:24,11.6,--,12,13920,卖盘
2818,10:10:18,11.6,-0.01,2,2320,卖盘
2819,10:10:15,11.61,0.01,10,11610,买盘
2820,10:10:12,11.6,--,106,122960,卖盘
2821,10:10:09,11.6,--,21,24360,卖盘
2822,10:10:06,11.6,--,16,18560,卖盘
2823,10:10:03,11.6,--,112,129920,卖盘
2824,10:10:00,11.6,--,89,103564,买盘
2825,10:09:54,11.6,0.01,312,361920,买盘
2826,10:09:51,11.59,0.01,107,124013,买盘
2827,10:09:48,11.58,--,11,12738,卖盘
2828,10:09:42,11.58,--,5,5790,卖盘
2829,10:09:39,11.58,--,79,91482,卖盘
2830,10:09:33,11.58,-0.01,101,116958,卖盘
2831,10:09:24,11.59,--,5,5795,买盘
