,time,price,change,volume,amount,type
0,15:00:03,11.11,--,3114,3459654,卖盘
1,14:57:00,11.11,--,214,237754,卖盘
2,14:56:57,11.11,-0.01,2,2222,卖盘
3,14:56:54,11.12,0.01,159,176808,买盘
4,14:56:51,11.11,-0.01,25,27775,卖盘
5,14:56:48,11.12,0.01,53,58935,买盘
6,14:56:45,11.11,--,71,78881,卖盘
7,14:56:42,11.11,-0.01,13,14443,卖盘
8,14:56:39,11.12,0.01,150,166800,买盘
9,14:56:36,11.11,-0.01,30,33330,卖盘
10,14:56:33,11.12,0.01,107,118983,买盘
11,14:56:30,11.11,-0.01,61,67771,卖盘
12,14:56:27,11.12,--,11,12232,买盘
13,14:56:24,11.12,--,2,2224,买盘
14,14:56:21,11.12,0.01,5,5560,买盘
15,14:56:18,11.11,--,491,545545,买盘
16,14:56:15,11.11,--,20,22220,买盘
17,14:56:12,11.11,--,427,474397,买盘
18,14:56:09,11.11,--,215,238865,买盘
19,14:56:06,11.11,--,51,56661,买盘
20,14:56:03,11.11,--,69,76659,买盘
21,14:56:00,11.11,0.01,81,89991,买盘
22,14:55:57,11.1,-0.01,441,489510,卖盘
23,14:55:54,11.11,--,94,104434,买盘
24,14:55:51,11.11,--,42,46662,买盘
25,14:55:48,11.11,--,55,61105,买盘
26,14:55:45,11.11,--,157,174427,买盘
27,14:55:42,11.11,--,22,24442,买盘
28,14:55:39,11.11,--,156,173316,买盘
29,14:55:36,11.11,--,385,427735,买盘
30,14:55:33,11.11,--,203,225533,买盘
31,14:55:30,11.11,--,83,92213,买盘
32,14:55:27,11.11,--,214,237754,买盘
33,14:55:24,11.11,--,5,5555,买盘
34,14:55:21,11.11,--,35,38885,买盘
35,14:55:18,11.11,0.01,9,9999,买盘
36,14:55:15,11.1,-0.01,23,25530,卖盘
37,14:55:12,11.11,0.01,3,3333,买盘
38,14:55:09,11.1,--,44,48840,卖盘
39,14:55:06,11.1,--,251,278610,买盘
40,14:55:03,11.1,--,71,78810,买盘
41,14:55:00,11.1,--,44,48840,买盘
42,14:54:57,11.1,--,6,6660,买盘
43,14:54:51,11.1,--,28,31080,买盘
44,14:54:48,11.1,--,37,41070,买盘
45,14:54:45,11.1,--,429,476190,卖盘
46,14:54:42,11.1,--,317,351870,卖盘
47,14:54:39,11.1,--,50,55500,卖盘
48,14:54:36,11.1,--,8,8880,卖盘
49,14:54:33,11.1,--,76,84360,买盘
50,14:54:30,11.1,--,533,591630,买盘
51,14:54:27,11.1,--,31,34410,买盘
52,14:54:24,11.1,--,1522,1689420,卖盘
53,14:54:21,11.1,--,118,130980,卖盘
54,14:54:15,11.1,--,6,6660,卖盘
55,14:54:12,11.1,--,75,83250,买盘
56,14:54:09,11.1,-0.01,925,1026750,卖盘
57,14:54:06,11.11,--,26,28886,买盘
58,14:54:03,11.11,0.01,16,17776,买盘
59,14:54:00,11.1,--,112,124320,卖盘
60,14:53:57,11.1,-0.01,76,84360,卖盘
61,14:53:54,11.11,0.01,10,11110,买盘
62,14:53:51,11.1,--,1,1110,卖盘
63,14:53:48,11.1,--,239,265290,卖盘
64,14:53:45,11.1,--,10,11100,卖盘
65,14:53:42,11.1,--,117,129870,卖盘
66,14:53:39,11.1,--,5,5550,卖盘
67,14:53:36,11.1,--,53,58830,买盘
68,14:53:33,11.1,--,4,4440,卖盘
69,14:53:30,11.1,--,2208,2450880,买盘
70,14:53:27,11.1,--,47,52170,买盘
71,14:53:24,11.1,0.01,66,73260,买盘
72,14:53:12,11.09,-0.01,6,6654,卖盘
73,14:53:09,11.1,--,65,72150,买盘
74,14:53:06,11.1,0.01,191,212010,买盘
75,14:53:00,11.09,-0.01,68,75412,卖盘
76,14:52:57,11.1,--,214,237540,买盘
77,14:52:54,11.1,0.01,1,1110,买盘
78,14:52:51,11.09,--,29,32161,卖盘
79,14:52:48,11.09,-0.01,37,41033,卖盘
80,14:52:45,11.1,0.01,10,11100,买盘
81,14:52:42,11.09,--,31,34379,卖盘
82,14:52:36,11.09,--,33,36597,卖盘
83,14:52:33,11.09,--,2,2218,卖盘
84,14:52:30,11.09,-0.01,2,2218,卖盘
85,14:52:24,11.1,--,41,45510,买盘
86,14:52:21,11.1,--,10,11100,买盘
87,14:52:18,11.1,--,236,261960,买盘
88,14:52:15,11.1,--,120,133200,买盘
89,14:52:12,11.1,--,47,52170,买盘
90,14:52:09,11.1,--,100,111000,买盘
91,14:52:06,11.1,0.01,280,310800,买盘
92,14:52:00,11.09,--,11,12199,卖盘
93,14:51:54,11.09,--,11,12199,卖盘
94,14:51:51,11.09,-0.01,10,11090,卖盘
95,14:51:48,11.1,0.01,48,53280,买盘
96,14:51:45,11.09,-0.01,20,22180,卖盘
97,14:51:42,11.1,--,11,12210,买盘
98,14:51:39,11.1,--,322,357420,买盘
99,14:51:36,11.1,--,38,42180,买盘
100,14:51:33,11.1,0.01,310,344100,买盘
101,14:51:30,11.09,-0.01,1,1109,卖盘
102,14:51:27,11.1,--,347,385170,买盘
103,14:51:21,11.1,--,52,57720,买盘
104,14:51:18,11.1,0.01,211,234210,买盘
105,14:51:15,11.09,-0.01,5,5545,卖盘
106,14:51:12,11.1,0.01,14,15540,买盘
107,14:51:06,11.09,--,2,2218,卖盘
108,14:51:00,11.09,--,102,113118,卖盘
109,14:50:57,11.09,--,42,46578,卖盘
110,14:50:54,11.09,--,4,4436,卖盘
111,14:50:51,11.09,-0.01,30,33270,卖盘
112,14:50:45,11.1,0.01,57,63270,买盘
113,14:50:42,11.09,--,20,22180,卖盘
114,14:50:39,11.09,-0.01,10,11090,中性盘
115,14:50:36,11.1,0.01,263,291930,买盘
116,14:50:33,11.09,--,60,66540,卖盘
117,14:50:30,11.09,-0.01,2,2218,卖盘
118,14:50:27,11.1,0.01,16,17760,买盘
119,14:50:24,11.09,-0.01,2,2218,卖盘
120,14:50:21,11.1,--,1,1110,买盘
121,14:50:18,11.1,0.01,15,16650,买盘
122,14:50:15,11.09,--,6,6654,卖盘
123,14:50:12,11.09,-0.01,43,47687,卖盘
124,14:50:06,11.1,--,23,25530,买盘
125,14:50:03,11.1,0.01,6,6660,买盘
126,14:50:00,11.09,--,2,2218,卖盘
127,14:49:57,11.09,--,10,11090,卖盘
128,14:49:54,11.09,-0.01,1,1109,卖盘
129,14:49:51,11.1,--,10,11100,买盘
130,14:49:48,11.1,--,24,26640,买盘
131,14:49:45,11.1,--,91,101010,买盘
132,14:49:42,11.1,--,7,7770,买盘
133,14:49:39,11.1,--,9,9990,买盘
134,14:49:36,11.1,0.01,3,3330,买盘
135,14:49:33,11.09,--,7,7763,卖盘
136,14:49:30,11.09,--,21,23289,卖盘
137,14:49:27,11.09,--,50,55450,卖盘
138,14:49:24,11.09,-0.01,15,16635,卖盘
139,14:49:21,11.1,--,3,3330,买盘
140,14:49:18,11.1,0.01,10,11100,买盘
141,14:49:12,11.09,--,394,436946,买盘
142,14:49:06,11.09,0.01,112,124208,买盘
143,14:49:03,11.08,--,20,22160,卖盘
144,14:49:00,11.08,--,54,59832,卖盘
145,14:48:57,11.08,--,1,1108,卖盘
146,14:48:54,11.08,-0.01,44,48752,卖盘
147,14:48:48,11.09,--,51,56559,买盘
148,14:48:36,11.09,0.01,3,3327,买盘
149,14:48:33,11.08,--,259,286972,卖盘
150,14:48:30,11.08,-0.01,71,78668,卖盘
151,14:48:27,11.09,--,30,33270,买盘
152,14:48:24,11.09,0.01,22,24398,买盘
153,14:48:21,11.08,-0.01,52,57616,卖盘
154,14:48:18,11.09,--,58,64322,买盘
155,14:48:15,11.09,-0.01,39,43251,卖盘
156,14:48:09,11.1,0.01,30,33300,买盘
157,14:48:06,11.09,--,137,151933,买盘
158,14:48:03,11.09,0.01,83,92047,买盘
159,14:48:00,11.08,-0.01,112,124096,卖盘
160,14:47:54,11.09,--,40,44360,买盘
161,14:47:51,11.09,-0.01,284,314956,卖盘
162,14:47:48,11.1,--,21,23310,买盘
163,14:47:45,11.1,0.01,10,11100,买盘
164,14:47:42,11.09,-0.01,10,11090,卖盘
165,14:47:39,11.1,0.01,16,17760,买盘
166,14:47:36,11.09,-0.01,10,11090,卖盘
167,14:47:33,11.1,0.02,90,99900,买盘
168,14:47:30,11.08,-0.01,27,29916,卖盘
169,14:47:27,11.09,-0.01,33,36597,买盘
170,14:47:24,11.1,--,6,6660,买盘
171,14:47:18,11.1,0.02,93,103230,买盘
172,14:47:15,11.08,--,83,91964,卖盘
173,14:47:12,11.08,--,221,244868,卖盘
174,14:47:09,11.08,-0.01,1019,1129052,卖盘
175,14:47:06,11.09,0.01,2,2218,买盘
176,14:47:00,11.08,--,1,1108,卖盘
177,14:46:54,11.08,--,10,11080,卖盘
178,14:46:51,11.08,-0.01,14,15512,卖盘
179,14:46:45,11.09,0.01,10,11090,买盘
180,14:46:42,11.08,-0.01,37,40996,卖盘
181,14:46:39,11.09,0.01,51,56559,买盘
182,14:46:36,11.08,--,31,34348,卖盘
183,14:46:30,11.08,--,4,4432,卖盘
184,14:46:27,11.08,-0.01,6,6648,卖盘
185,14:46:24,11.09,--,60,66540,买盘
186,14:46:21,11.09,--,14,15526,买盘
187,14:46:18,11.09,0.01,206,228454,买盘
188,14:46:15,11.08,--,288,319104,卖盘
189,14:46:12,11.08,-0.01,2,2216,卖盘
190,14:46:09,11.09,0.01,3,3327,买盘
191,14:46:06,11.08,--,21,23268,卖盘
192,14:46:03,11.08,--,1,1108,卖盘
193,14:46:00,11.08,-0.01,39,43212,卖盘
194,14:45:54,11.09,--,20,22180,买盘
195,14:45:51,11.09,0.01,3,3327,买盘
196,14:45:45,11.08,-0.01,5,5540,卖盘
197,14:45:42,11.09,--,11,12199,买盘
198,14:45:36,11.09,0.01,271,300539,买盘
199,14:45:33,11.08,--,11,12188,卖盘
200,14:45:30,11.08,-0.01,2,2216,卖盘
201,14:45:24,11.09,0.01,16,17744,买盘
202,14:45:15,11.08,-0.01,125,138500,卖盘
203,14:45:12,11.09,--,15,16635,买盘
204,14:45:09,11.09,--,41,45469,买盘
205,14:45:06,11.09,0.01,3,3327,买盘
206,14:45:03,11.08,--,10,11080,卖盘
207,14:45:00,11.08,-0.01,1,1108,卖盘
208,14:44:51,11.09,0.01,3,3327,买盘
209,14:44:48,11.08,-0.01,1,1108,卖盘
210,14:44:45,11.09,--,1,1109,买盘
211,14:44:42,11.09,0.01,22,24398,买盘
212,14:44:39,11.08,-0.01,29,32132,卖盘
213,14:44:36,11.09,0.01,86,95374,买盘
214,14:44:33,11.08,--,1,1108,卖盘
215,14:44:30,11.08,-0.01,21,23268,卖盘
216,14:44:27,11.09,0.01,413,458017,买盘
217,14:44:21,11.08,--,77,85316,卖盘
218,14:44:18,11.08,-0.01,76,84208,卖盘
219,14:44:15,11.09,0.01,30,33270,买盘
220,14:44:12,11.08,-0.01,29,32132,卖盘
221,14:44:09,11.09,--,37,41033,买盘
222,14:44:06,11.09,0.01,30,33270,买盘
223,14:44:03,11.08,--,41,45428,卖盘
224,14:44:00,11.08,-0.01,2,2216,卖盘
225,14:43:57,11.09,0.01,15,16635,买盘
226,14:43:54,11.08,--,5,5540,卖盘
227,14:43:51,11.08,-0.01,10,11080,卖盘
228,14:43:48,11.09,--,14,15526,买盘
229,14:43:45,11.09,--,10,11090,买盘
230,14:43:39,11.09,0.01,14,15526,买盘
231,14:43:33,11.08,--,1,1108,卖盘
232,14:43:30,11.08,-0.01,5,5540,卖盘
233,14:43:27,11.09,--,48,53232,买盘
234,14:43:21,11.09,0.01,21,23289,买盘
235,14:43:18,11.08,--,219,242652,买盘
236,14:43:15,11.08,--,37,40996,买盘
237,14:43:12,11.08,--,44,48752,买盘
238,14:43:09,11.08,--,316,350128,买盘
239,14:43:06,11.08,--,29,32132,买盘
240,14:43:03,11.08,0.01,52,57616,买盘
241,14:43:00,11.07,-0.01,13,14391,卖盘
242,14:42:57,11.08,--,38,42104,买盘
243,14:42:54,11.08,--,16,17728,买盘
244,14:42:51,11.08,--,16,17728,买盘
245,14:42:48,11.08,--,70,77560,买盘
246,14:42:45,11.08,0.01,48,53184,买盘
247,14:42:42,11.07,-0.01,73,80811,卖盘
248,14:42:39,11.08,--,50,55400,买盘
249,14:42:36,11.08,--,21,23268,买盘
250,14:42:33,11.08,--,80,88640,买盘
251,14:42:30,11.08,0.01,13,14404,买盘
252,14:42:27,11.07,-0.01,20,22140,卖盘
253,14:42:21,11.08,0.01,3,3324,买盘
254,14:42:18,11.07,-0.01,2,2214,卖盘
255,14:42:15,11.08,--,9,9972,买盘
256,14:42:12,11.08,--,10,11080,买盘
257,14:42:09,11.08,--,146,161768,买盘
258,14:42:06,11.08,0.01,2,2216,买盘
259,14:42:00,11.07,--,45,49815,卖盘
260,14:41:57,11.07,-0.01,10,11070,卖盘
261,14:41:54,11.08,0.01,203,224924,买盘
262,14:41:51,11.07,-0.01,10,11070,卖盘
263,14:41:48,11.08,0.01,42,46536,买盘
264,14:41:45,11.07,-0.01,46,50922,卖盘
265,14:41:42,11.08,--,13,14404,买盘
266,14:41:39,11.08,--,15,16620,买盘
267,14:41:36,11.08,--,72,79776,买盘
268,14:41:33,11.08,0.01,36,39888,买盘
269,14:41:30,11.07,-0.01,1,1107,卖盘
270,14:41:24,11.08,--,28,31024,买盘
271,14:41:21,11.08,0.01,265,293620,买盘
272,14:41:18,11.07,-0.01,7,7749,卖盘
273,14:41:09,11.08,--,11,12188,买盘
274,14:41:06,11.08,--,9,9972,买盘
275,14:41:03,11.08,0.01,25,27700,买盘
276,14:41:00,11.07,--,13,14391,卖盘
277,14:40:57,11.07,-0.01,85,94095,卖盘
278,14:40:54,11.08,0.01,62,68696,买盘
279,14:40:51,11.07,--,2,2214,卖盘
280,14:40:48,11.07,-0.01,14,15498,卖盘
281,14:40:45,11.08,--,39,43212,买盘
282,14:40:39,11.08,0.01,29,32132,买盘
283,14:40:36,11.07,-0.01,2,2214,卖盘
284,14:40:33,11.08,0.01,18,19944,买盘
285,14:40:30,11.07,-0.01,1,1107,卖盘
286,14:40:27,11.08,0.01,12,13296,买盘
287,14:40:21,11.07,--,18,19926,卖盘
288,14:40:18,11.07,-0.02,15,16605,卖盘
289,14:40:09,11.09,--,4,4436,买盘
290,14:40:06,11.09,0.01,40,44360,买盘
291,14:40:03,11.08,--,74,81992,卖盘
292,14:40:00,11.08,--,2,2216,卖盘
293,14:39:54,11.08,--,47,52076,卖盘
294,14:39:51,11.08,--,9,9972,卖盘
295,14:39:45,11.08,--,10,11080,卖盘
296,14:39:42,11.08,-0.01,440,487520,卖盘
297,14:39:39,11.09,--,14,15526,买盘
298,14:39:36,11.09,0.01,5,5545,买盘
299,14:39:33,11.08,-0.01,90,99720,卖盘
300,14:39:30,11.09,--,210,232890,买盘
301,14:39:27,11.09,--,213,236217,买盘
302,14:39:24,11.09,--,4,4436,买盘
303,14:39:21,11.09,--,8,8872,买盘
304,14:39:18,11.09,--,51,56559,买盘
305,14:39:12,11.09,0.01,8,8872,买盘
306,14:39:09,11.08,-0.01,23,25484,卖盘
307,14:39:06,11.09,0.01,48,53232,买盘
308,14:39:03,11.08,--,12,13296,卖盘
309,14:39:00,11.08,--,72,79776,卖盘
310,14:38:57,11.08,-0.01,241,267028,卖盘
311,14:38:45,11.09,0.01,84,93156,买盘
312,14:38:42,11.08,-0.01,4,4432,卖盘
313,14:38:36,11.09,0.01,26,28834,买盘
314,14:38:33,11.08,--,2,2216,卖盘
315,14:38:30,11.08,-0.01,13,14404,卖盘
316,14:38:24,11.09,--,26,28834,买盘
317,14:38:15,11.09,--,17,18853,买盘
318,14:38:12,11.09,-0.01,1,1109,中性盘
319,14:38:09,11.1,0.02,80,88800,买盘
320,14:38:06,11.08,-0.01,13,14404,卖盘
321,14:38:03,11.09,0.01,26,28834,买盘
322,14:38:00,11.08,--,2,2216,卖盘
323,14:37:57,11.08,-0.01,23,25484,卖盘
324,14:37:51,11.09,-0.01,10,11090,卖盘
325,14:37:48,11.1,--,6,6660,买盘
326,14:37:45,11.1,0.02,16,17760,买盘
327,14:37:42,11.08,--,149,165092,卖盘
328,14:37:39,11.08,--,60,66480,卖盘
329,14:37:36,11.08,--,39,43212,卖盘
330,14:37:33,11.08,--,77,85316,卖盘
331,14:37:30,11.08,-0.02,49,54292,卖盘
332,14:37:27,11.1,--,270,299700,买盘
333,14:37:21,11.1,--,67,74370,买盘
334,14:37:18,11.1,--,7,7770,买盘
335,14:37:15,11.1,0.01,76,84360,买盘
336,14:37:12,11.09,-0.01,50,55450,卖盘
337,14:37:09,11.1,--,12,13320,买盘
338,14:37:06,11.1,--,7,7770,买盘
339,14:37:03,11.1,0.01,32,35520,买盘
340,14:37:00,11.09,-0.01,12,13308,卖盘
341,14:36:57,11.1,--,17,18870,买盘
342,14:36:54,11.1,0.01,16,17760,买盘
343,14:36:51,11.09,--,100,110900,卖盘
344,14:36:48,11.09,--,65,72085,卖盘
345,14:36:45,11.09,-0.01,30,33270,卖盘
346,14:36:42,11.1,0.01,6,6660,买盘
347,14:36:39,11.09,--,27,29943,卖盘
348,14:36:36,11.09,--,19,21071,卖盘
349,14:36:33,11.09,--,79,87611,卖盘
350,14:36:30,11.09,-0.01,8,8872,卖盘
351,14:36:27,11.1,--,10,11100,买盘
352,14:36:24,11.1,0.01,16,17760,买盘
353,14:36:21,11.09,-0.01,20,22180,卖盘
354,14:36:18,11.1,--,58,64380,买盘
355,14:36:15,11.1,--,221,245310,买盘
356,14:36:12,11.1,--,2,2220,买盘
357,14:36:09,11.1,--,10,11100,买盘
358,14:36:06,11.1,0.01,98,108780,买盘
359,14:36:00,11.09,--,5,5545,卖盘
360,14:35:57,11.09,-0.01,4,4436,卖盘
361,14:35:54,11.1,0.01,10,11100,买盘
362,14:35:51,11.09,-0.01,5,5545,卖盘
363,14:35:48,11.1,0.01,208,230880,买盘
364,14:35:45,11.09,--,20,22180,卖盘
365,14:35:42,11.09,-0.01,10,11090,卖盘
366,14:35:36,11.1,--,48,53280,买盘
367,14:35:33,11.1,--,75,83250,买盘
368,14:35:30,11.1,--,57,63270,买盘
369,14:35:27,11.1,--,1,1110,买盘
370,14:35:24,11.1,0.01,25,27750,买盘
371,14:35:21,11.09,--,300,332700,卖盘
372,14:35:18,11.09,-0.01,4,4436,卖盘
373,14:35:12,11.1,0.01,2,2220,买盘
374,14:35:09,11.09,--,25,27725,卖盘
375,14:35:06,11.09,--,7,7763,卖盘
376,14:35:00,11.09,-0.01,2,2218,卖盘
377,14:34:57,11.1,--,42,46620,买盘
378,14:34:54,11.1,0.01,1,1110,买盘
379,14:34:45,11.09,-0.01,2,2218,卖盘
380,14:34:42,11.1,--,190,210900,买盘
381,14:34:39,11.1,--,18,19980,买盘
382,14:34:36,11.1,--,24,26640,买盘
383,14:34:33,11.1,--,154,170940,买盘
384,14:34:30,11.1,--,129,143190,买盘
385,14:34:27,11.1,--,10,11100,买盘
386,14:34:24,11.1,--,1,1110,买盘
387,14:34:21,11.1,--,30,33300,买盘
388,14:34:18,11.1,--,7,7770,买盘
389,14:34:12,11.1,--,52,57720,买盘
390,14:34:06,11.1,--,12,13320,买盘
391,14:34:03,11.1,0.01,5,5550,买盘
392,14:34:00,11.09,-0.01,13,14417,卖盘
393,14:33:57,11.1,--,12,13320,买盘
394,14:33:54,11.1,0.01,36,39960,买盘
395,14:33:51,11.09,-0.01,17,18853,卖盘
396,14:33:48,11.1,0.01,7,7770,买盘
397,14:33:45,11.09,--,62,68758,卖盘
398,14:33:42,11.09,--,25,27725,卖盘
399,14:33:39,11.09,-0.01,8,8872,卖盘
400,14:33:36,11.1,--,21,23310,买盘
401,14:33:33,11.1,0.01,8,8880,买盘
402,14:33:30,11.09,--,32,35488,卖盘
403,14:33:27,11.09,-0.01,10,11090,卖盘
404,14:33:24,11.1,--,10,11100,买盘
405,14:33:21,11.1,--,4,4440,买盘
406,14:33:15,11.1,--,120,133200,买盘
407,14:33:12,11.1,--,2,2220,买盘
408,14:33:06,11.1,0.01,26,28860,买盘
409,14:33:03,11.09,--,1,1109,卖盘
410,14:33:00,11.09,-0.01,1,1109,卖盘
411,14:32:57,11.1,0.01,10,11100,买盘
412,14:32:54,11.09,-0.01,83,92047,卖盘
413,14:32:51,11.1,0.01,20,22200,买盘
414,14:32:45,11.09,-0.01,2,2218,卖盘
415,14:32:36,11.1,--,144,159840,买盘
416,14:32:33,11.1,0.01,11,12210,买盘
417,14:32:30,11.09,--,2,2218,卖盘
418,14:32:27,11.09,--,342,379278,卖盘
419,14:32:24,11.09,--,11,12199,卖盘
420,14:32:18,11.09,--,58,64322,卖盘
421,14:32:15,11.09,-0.01,1,1109,卖盘
422,14:32:12,11.1,--,34,37740,买盘
423,14:32:09,11.1,0.01,233,258630,买盘
424,14:32:06,11.09,-0.01,12,13308,卖盘
425,14:32:03,11.1,0.01,17,18870,买盘
426,14:32:00,11.09,-0.01,24,26616,卖盘
427,14:31:57,11.1,0.01,28,31080,买盘
428,14:31:54,11.09,-0.01,28,31052,卖盘
429,14:31:51,11.1,--,68,75480,买盘
430,14:31:45,11.1,0.01,32,35520,买盘
431,14:31:42,11.09,--,5,5545,卖盘
432,14:31:33,11.09,--,15,16635,卖盘
433,14:31:30,11.09,-0.01,114,126426,卖盘
434,14:31:27,11.1,0.01,127,140970,买盘
435,14:31:24,11.09,-0.01,12,13308,卖盘
436,14:31:21,11.1,--,127,140970,买盘
437,14:31:12,11.1,--,64,71040,买盘
438,14:31:09,11.1,--,115,127650,买盘
439,14:31:03,11.1,0.01,1,1110,买盘
440,14:31:00,11.09,--,77,85393,卖盘
441,14:30:57,11.09,--,2,2218,卖盘
442,14:30:54,11.09,--,64,70976,卖盘
443,14:30:51,11.09,--,13,14417,卖盘
444,14:30:48,11.09,--,7,7763,卖盘
445,14:30:45,11.09,-0.01,3,3327,卖盘
446,14:30:39,11.1,0.01,12,13320,买盘
447,14:30:36,11.09,0.01,2,2218,买盘
448,14:30:33,11.08,-0.02,1,1108,卖盘
449,14:30:30,11.1,0.03,12,13320,买盘
450,14:30:27,11.07,--,24,26568,卖盘
451,14:30:24,11.07,-0.03,26,28782,卖盘
452,14:30:21,11.1,0.03,1,1110,买盘
453,14:30:18,11.07,-0.03,971,1074897,卖盘
454,14:30:15,11.1,--,12,13320,买盘
455,14:30:12,11.1,0.01,4,4440,买盘
456,14:30:09,11.09,-0.01,89,98701,卖盘
457,14:30:06,11.1,0.01,148,164280,买盘
458,14:30:00,11.09,-0.01,48,53232,卖盘
459,14:29:57,11.1,0.01,13,14430,买盘
460,14:29:54,11.09,-0.01,4,4436,卖盘
461,14:29:51,11.1,--,719,798090,买盘
462,14:29:48,11.1,--,77,85470,买盘
463,14:29:45,11.1,0.01,10,11100,买盘
464,14:29:42,11.09,-0.01,5,5545,卖盘
465,14:29:39,11.1,0.01,6,6660,买盘
466,14:29:36,11.09,--,1,1109,卖盘
467,14:29:30,11.09,-0.01,71,78739,卖盘
468,14:29:27,11.1,--,103,114330,买盘
469,14:29:24,11.1,--,349,387390,买盘
470,14:29:21,11.1,--,11,12210,买盘
471,14:29:18,11.1,0.01,24,26640,买盘
472,14:29:15,11.09,--,100,110900,卖盘
473,14:29:12,11.09,-0.01,5,5545,卖盘
474,14:29:09,11.1,--,13,14430,买盘
475,14:29:06,11.1,--,53,58830,买盘
476,14:29:03,11.1,0.01,13,14430,买盘
477,14:29:00,11.09,-0.01,50,55450,卖盘
478,14:28:57,11.1,0.01,44,48840,买盘
479,14:28:54,11.09,-0.01,4,4436,卖盘
480,14:28:51,11.1,--,52,57720,买盘
481,14:28:48,11.1,--,35,38850,买盘
482,14:28:45,11.1,--,68,75480,买盘
483,14:28:42,11.1,--,49,54390,买盘
484,14:28:39,11.1,--,31,34410,买盘
485,14:28:36,11.1,0.01,33,36630,买盘
486,14:28:33,11.09,--,20,22401,卖盘
487,14:28:30,11.09,-0.01,2,2218,卖盘
488,14:28:27,11.1,--,94,104340,买盘
489,14:28:24,11.1,--,80,88800,买盘
490,14:28:21,11.1,0.01,85,94350,买盘
491,14:28:18,11.09,--,42,46578,卖盘
492,14:28:15,11.09,--,63,69867,买盘
493,14:28:12,11.09,0.01,83,92047,买盘
494,14:28:09,11.08,-0.01,29,32132,卖盘
495,14:28:06,11.09,--,63,69867,买盘
496,14:28:03,11.09,0.01,35,38815,买盘
497,14:28:00,11.08,-0.01,7,7756,卖盘
498,14:27:57,11.09,0.01,20,22180,买盘
499,14:27:54,11.08,-0.01,49,54292,卖盘
500,14:27:51,11.09,0.01,11,12199,买盘
501,14:27:48,11.08,-0.01,20,22160,卖盘
502,14:27:45,11.09,--,14,15526,买盘
503,14:27:39,11.09,0.01,8,8872,买盘
504,14:27:36,11.08,--,1,1108,卖盘
505,14:27:33,11.08,-0.01,22,24376,卖盘
506,14:27:30,11.09,--,42,46578,买盘
507,14:27:27,11.09,--,19,21071,买盘
508,14:27:24,11.09,0.01,20,22180,买盘
509,14:27:21,11.08,-0.01,1038,1150104,卖盘
510,14:27:18,11.09,--,5,5545,买盘
511,14:27:15,11.09,0.01,89,98701,买盘
512,14:27:12,11.08,-0.01,13,14404,卖盘
513,14:27:09,11.09,--,25,27725,买盘
514,14:27:06,11.09,--,54,59886,买盘
515,14:27:03,11.09,0.01,15,16635,买盘
516,14:27:00,11.08,-0.01,47,52076,卖盘
517,14:26:54,11.09,--,8,8872,买盘
518,14:26:51,11.09,--,106,117554,买盘
519,14:26:48,11.09,--,12,13308,买盘
520,14:26:45,11.09,--,62,68758,买盘
521,14:26:42,11.09,--,240,266160,买盘
522,14:26:39,11.09,--,204,226236,卖盘
523,14:26:36,11.09,--,20,22180,卖盘
524,14:26:33,11.09,--,7,7763,卖盘
525,14:26:30,11.09,-0.01,22,24398,卖盘
526,14:26:27,11.1,--,15,16650,买盘
527,14:26:24,11.1,--,35,38850,买盘
528,14:26:21,11.1,0.01,43,47730,买盘
529,14:26:18,11.09,-0.01,107,118663,卖盘
530,14:26:15,11.1,0.01,2,2220,买盘
531,14:26:12,11.09,-0.01,42,46578,卖盘
532,14:26:09,11.1,--,71,78810,买盘
533,14:26:06,11.1,--,4,4440,买盘
534,14:26:03,11.1,0.01,39,43290,买盘
535,14:26:00,11.09,--,3,3327,卖盘
536,14:25:57,11.09,-0.01,67,74303,卖盘
537,14:25:54,11.1,--,15,16650,买盘
538,14:25:48,11.1,0.01,10,11100,买盘
539,14:25:45,11.09,--,3,3327,卖盘
540,14:25:42,11.09,--,54,59886,卖盘
541,14:25:39,11.09,--,13,14417,卖盘
542,14:25:36,11.09,--,1,1109,卖盘
543,14:25:30,11.09,--,5,5545,卖盘
544,14:25:27,11.09,0.01,10,11090,卖盘
545,14:25:24,11.08,-0.01,90,99720,卖盘
546,14:25:21,11.09,--,40,44360,买盘
547,14:25:18,11.09,-0.01,259,287231,卖盘
548,14:25:15,11.1,--,26,28860,买盘
549,14:25:12,11.1,0.01,37,41070,买盘
550,14:25:09,11.09,-0.01,206,228454,卖盘
551,14:25:06,11.1,0.01,1,1110,买盘
552,14:25:03,11.09,-0.01,3,3327,卖盘
553,14:25:00,11.1,0.01,17,18870,买盘
554,14:24:54,11.09,--,6,6654,卖盘
555,14:24:51,11.09,-0.01,20,22180,中性盘
556,14:24:48,11.1,--,29,32190,买盘
557,14:24:42,11.1,0.01,317,351870,买盘
558,14:24:36,11.09,0.01,11,12199,中性盘
559,14:24:30,11.08,--,2,2216,卖盘
560,14:24:27,11.08,-0.02,1,1108,卖盘
561,14:24:24,11.1,--,176,195360,买盘
562,14:24:18,11.1,0.01,10,11100,买盘
563,14:24:12,11.09,--,25,27725,卖盘
564,14:24:09,11.09,-0.01,34,37706,卖盘
565,14:24:06,11.1,0.01,7,7770,买盘
566,14:24:00,11.09,--,16,17744,卖盘
567,14:23:57,11.09,--,55,60995,卖盘
568,14:23:54,11.09,--,19,21071,卖盘
569,14:23:51,11.09,-0.01,44,48796,卖盘
570,14:23:48,11.1,0.01,115,127650,买盘
571,14:23:45,11.09,--,26,28834,卖盘
572,14:23:42,11.09,-0.01,2,2218,卖盘
573,14:23:39,11.1,0.01,171,189810,买盘
574,14:23:36,11.09,--,7,7763,买盘
575,14:23:33,11.09,--,15,16845,卖盘
576,14:23:30,11.09,--,101,112009,卖盘
577,14:23:27,11.09,--,60,67438,卖盘
578,14:23:24,11.09,--,12,13308,卖盘
579,14:23:21,11.09,--,53,58777,卖盘
580,14:23:18,11.09,--,1,1109,卖盘
581,14:23:15,11.09,--,156,173004,买盘
582,14:23:06,11.09,--,22,24398,买盘
583,14:23:03,11.09,0.01,14,15526,买盘
584,14:23:00,11.08,--,122,135176,卖盘
585,14:22:57,11.08,--,9,9972,卖盘
586,14:22:54,11.08,--,26,28808,卖盘
587,14:22:51,11.08,-0.02,30,33240,卖盘
588,14:22:48,11.1,0.02,247,274170,买盘
589,14:22:45,11.08,-0.01,121,134068,卖盘
590,14:22:42,11.09,--,50,55450,买盘
591,14:22:39,11.09,--,5,5545,买盘
592,14:22:36,11.09,--,30,33270,买盘
593,14:22:33,11.09,--,236,261724,卖盘
594,14:22:30,11.09,--,131,145279,卖盘
595,14:22:27,11.09,-0.01,29,32161,卖盘
596,14:22:24,11.1,0.01,78,86580,买盘
597,14:22:21,11.09,--,126,139734,卖盘
598,14:22:18,11.09,-0.01,34,37706,卖盘
599,14:22:15,11.1,--,31,34410,买盘
600,14:22:12,11.1,0.01,16,17760,买盘
601,14:22:09,11.09,--,17,18853,卖盘
602,14:22:06,11.09,--,7,7763,卖盘
603,14:22:03,11.09,--,16,17744,卖盘
604,14:22:00,11.09,--,101,112009,卖盘
605,14:21:57,11.09,--,7,7763,卖盘
606,14:21:54,11.09,--,3,3327,卖盘
607,14:21:51,11.09,--,118,130862,卖盘
608,14:21:48,11.09,-0.01,19,21071,卖盘
609,14:21:45,11.1,0.01,13,14430,买盘
610,14:21:42,11.09,--,10,11090,卖盘
611,14:21:39,11.09,-0.01,10,11090,卖盘
612,14:21:36,11.1,0.01,32,35520,买盘
613,14:21:33,11.09,--,44,48796,卖盘
614,14:21:30,11.09,-0.01,1,1109,卖盘
615,14:21:27,11.1,0.01,7,7770,买盘
616,14:21:24,11.09,0.01,102,113118,买盘
617,14:21:21,11.08,-0.02,35,38780,卖盘
618,14:21:18,11.1,0.01,25,27750,买盘
619,14:21:15,11.09,--,75,83175,买盘
620,14:21:12,11.09,0.01,33,36597,买盘
621,14:21:09,11.08,-0.01,15,16620,卖盘
622,14:21:06,11.09,--,2,2218,买盘
623,14:21:03,11.09,0.01,3,3327,买盘
624,14:21:00,11.08,--,90,99720,卖盘
625,14:20:57,11.08,--,1,1108,卖盘
626,14:20:54,11.08,-0.01,74,81992,卖盘
627,14:20:51,11.09,-0.01,111,123099,卖盘
628,14:20:48,11.1,--,14,15540,买盘
629,14:20:45,11.1,--,96,106560,买盘
630,14:20:42,11.1,0.01,15,16650,买盘
631,14:20:39,11.09,--,66,73194,买盘
632,14:20:36,11.09,--,24,26616,买盘
633,14:20:33,11.09,0.01,30,33270,买盘
634,14:20:30,11.08,--,5,5540,卖盘
635,14:20:27,11.08,-0.01,2,2216,卖盘
636,14:20:24,11.09,0.01,205,227345,买盘
637,14:20:21,11.08,-0.01,73,80884,卖盘
638,14:20:18,11.09,--,40,44360,买盘
639,14:20:15,11.09,--,12,13308,买盘
640,14:20:12,11.09,--,11,12199,买盘
641,14:20:09,11.09,--,36,39924,买盘
642,14:20:06,11.09,0.01,3,3327,买盘
643,14:20:03,11.08,--,11,12188,卖盘
644,14:20:00,11.08,--,14,15512,卖盘
645,14:19:57,11.08,--,22,24376,卖盘
646,14:19:54,11.08,--,2,2216,卖盘
647,14:19:51,11.08,-0.01,2,2216,卖盘
648,14:19:45,11.09,0.01,12,13308,买盘
649,14:19:42,11.08,--,6,6648,卖盘
650,14:19:39,11.08,-0.01,110,121880,卖盘
651,14:19:36,11.09,--,14,15526,买盘
652,14:19:33,11.09,0.01,10,11090,买盘
653,14:19:30,11.08,-0.01,1,1108,卖盘
654,14:19:27,11.09,0.01,11,12199,买盘
655,14:19:24,11.08,--,352,390016,卖盘
656,14:19:21,11.08,-0.01,4,4432,卖盘
657,14:19:15,11.09,0.01,15,16635,买盘
658,14:19:12,11.08,-0.01,127,140716,卖盘
659,14:19:09,11.09,--,1,1109,买盘
660,14:19:06,11.09,0.01,7,7763,买盘
661,14:19:03,11.08,--,2,2216,卖盘
662,14:18:57,11.08,-0.01,10,11080,卖盘
663,14:18:54,11.09,--,46,51014,买盘
664,14:18:51,11.09,--,81,89829,卖盘
665,14:18:48,11.09,-0.01,80,88720,卖盘
666,14:18:45,11.1,0.01,94,104340,买盘
667,14:18:42,11.09,--,216,239544,卖盘
668,14:18:39,11.09,--,117,129753,卖盘
669,14:18:36,11.09,--,45,49905,卖盘
670,14:18:33,11.09,--,20,22180,卖盘
671,14:18:30,11.09,--,47,52123,卖盘
672,14:18:27,11.09,--,1,1109,卖盘
673,14:18:24,11.09,--,63,69867,卖盘
674,14:18:21,11.09,--,7,7763,卖盘
675,14:18:18,11.09,--,14,15526,卖盘
676,14:18:12,11.09,-0.01,44,48796,卖盘
677,14:18:09,11.1,0.01,35,38850,买盘
678,14:18:06,11.09,--,11,12199,卖盘
679,14:18:03,11.09,--,6,6654,卖盘
680,14:18:00,11.09,--,11,12199,卖盘
681,14:17:57,11.09,-0.01,3,3327,卖盘
682,14:17:51,11.1,--,20,22200,买盘
683,14:17:48,11.1,--,40,44400,买盘
684,14:17:45,11.1,0.01,48,53280,买盘
685,14:17:42,11.09,-0.01,330,365970,卖盘
686,14:17:39,11.1,0.01,19,21090,买盘
687,14:17:36,11.09,--,10,11090,卖盘
688,14:17:33,11.09,-0.01,3,3327,卖盘
689,14:17:27,11.1,--,254,282162,卖盘
690,14:17:24,11.1,--,18,19980,卖盘
691,14:17:21,11.1,--,148,164280,卖盘
692,14:17:18,11.1,--,12,13320,卖盘
693,14:17:15,11.1,-0.01,500,555000,卖盘
694,14:17:12,11.11,--,47,52217,买盘
695,14:17:09,11.11,--,29,32219,买盘
696,14:17:06,11.11,0.01,43,47773,买盘
697,14:17:03,11.1,--,4,4440,卖盘
698,14:17:00,11.1,--,78,86580,卖盘
699,14:16:57,11.1,--,1,1110,卖盘
700,14:16:54,11.1,--,37,41070,卖盘
701,14:16:51,11.1,-0.01,25,27750,卖盘
702,14:16:48,11.11,--,25,27775,买盘
703,14:16:45,11.11,--,527,585497,卖盘
704,14:16:42,11.11,0.01,296,328856,买盘
705,14:16:39,11.1,-0.01,10,11100,卖盘
706,14:16:36,11.11,--,36,39996,买盘
707,14:16:33,11.11,0.01,109,121099,买盘
708,14:16:30,11.1,-0.01,8,8880,卖盘
709,14:16:27,11.11,--,70,77770,买盘
710,14:16:24,11.11,0.01,48,53328,买盘
711,14:16:21,11.1,-0.01,2,2220,卖盘
712,14:16:18,11.11,--,50,55550,买盘
713,14:16:15,11.11,0.01,77,85547,买盘
714,14:16:12,11.1,-0.01,346,384060,卖盘
715,14:16:09,11.11,--,1,1111,买盘
716,14:16:06,11.11,--,175,194425,买盘
717,14:16:03,11.11,0.01,44,48884,买盘
718,14:16:00,11.1,--,1,1110,卖盘
719,14:15:57,11.1,-0.01,12,13320,卖盘
720,14:15:54,11.11,0.01,58,64438,买盘
721,14:15:51,11.1,--,53,58830,卖盘
722,14:15:48,11.1,-0.01,268,297480,卖盘
723,14:15:45,11.11,--,20,22220,买盘
724,14:15:42,11.11,0.01,13,14443,买盘
725,14:15:39,11.1,-0.01,13,14430,卖盘
726,14:15:36,11.11,0.01,104,115544,买盘
727,14:15:30,11.1,-0.01,51,56610,卖盘
728,14:15:27,11.11,--,27,29997,买盘
729,14:15:21,11.11,0.01,44,48884,买盘
730,14:15:18,11.1,-0.01,25,27750,卖盘
731,14:15:15,11.11,--,9,9999,买盘
732,14:15:12,11.11,--,5,5555,买盘
733,14:15:09,11.11,--,1,1111,买盘
734,14:15:06,11.11,0.01,50,55550,买盘
735,14:15:03,11.1,--,6,6660,卖盘
736,14:15:00,11.1,--,2,2220,卖盘
737,14:14:57,11.1,-0.02,77,85470,卖盘
738,14:14:54,11.12,--,114,126767,买盘
739,14:14:51,11.12,--,30,33360,买盘
740,14:14:48,11.12,--,67,74504,买盘
741,14:14:45,11.12,--,1,1112,买盘
742,14:14:42,11.12,--,283,314696,买盘
743,14:14:39,11.12,0.01,105,116759,买盘
744,14:14:36,11.11,--,34,37774,卖盘
745,14:14:33,11.11,--,23,25553,卖盘
746,14:14:30,11.11,--,16,17776,卖盘
747,14:14:27,11.11,-0.01,11,12221,卖盘
748,14:14:24,11.12,0.01,606,673872,买盘
749,14:14:21,11.11,-0.01,2,2222,卖盘
750,14:14:18,11.12,0.01,34,37808,买盘
751,14:14:15,11.11,--,11,12221,卖盘
752,14:14:12,11.11,--,212,235532,卖盘
753,14:14:09,11.11,--,17,18887,卖盘
754,14:14:06,11.11,-0.01,87,96657,卖盘
755,14:14:03,11.12,0.01,30,33360,买盘
756,14:14:00,11.11,--,30,33330,卖盘
757,14:13:57,11.11,--,131,145541,买盘
758,14:13:54,11.11,--,43,47773,买盘
759,14:13:51,11.11,--,6,6666,买盘
760,14:13:48,11.11,0.01,107,118877,卖盘
761,14:13:45,11.1,--,640,710400,卖盘
762,14:13:42,11.1,--,66,73260,卖盘
763,14:13:39,11.1,-0.01,387,429570,卖盘
764,14:13:36,11.11,--,154,171094,买盘
765,14:13:33,11.11,0.01,18,19998,买盘
766,14:13:30,11.1,-0.01,276,306360,卖盘
767,14:13:27,11.11,-0.01,164,182204,卖盘
768,14:13:24,11.12,0.01,254,282448,买盘
769,14:13:21,11.11,--,546,606606,买盘
770,14:13:18,11.11,--,7,7777,买盘
771,14:13:15,11.11,0.01,4,4444,买盘
772,14:13:12,11.1,-0.01,84,93240,卖盘
773,14:13:09,11.11,0.01,655,728593,买盘
774,14:13:06,11.1,--,22,24420,买盘
775,14:13:03,11.1,0.01,430,477300,买盘
776,14:13:00,11.09,-0.01,251,278359,卖盘
777,14:12:57,11.1,--,1002,1112220,买盘
778,14:12:54,11.1,0.01,97,107670,买盘
779,14:12:51,11.09,-0.01,1199,1329691,卖盘
780,14:12:48,11.1,0.01,29,32190,买盘
781,14:12:45,11.09,--,172,190748,买盘
782,14:12:42,11.09,--,722,800698,卖盘
783,14:12:39,11.09,0.01,326,361534,买盘
784,14:12:36,11.08,-0.01,111,122988,卖盘
785,14:12:33,11.09,0.01,296,328264,买盘
786,14:12:30,11.08,-0.01,314,347912,卖盘
787,14:12:27,11.09,--,308,341572,买盘
788,14:12:24,11.09,0.01,249,276141,买盘
789,14:12:21,11.08,--,5,5540,卖盘
790,14:12:18,11.08,-0.01,303,335724,中性盘
791,14:12:15,11.09,0.01,146,161914,买盘
792,14:12:12,11.08,--,712,788896,买盘
793,14:12:09,11.08,--,96,106368,买盘
794,14:12:06,11.08,0.01,1279,1417132,买盘
795,14:12:03,11.07,0.01,40,44280,买盘
796,14:12:00,11.06,--,261,288666,卖盘
797,14:11:54,11.06,--,342,379136,买盘
798,14:11:51,11.06,--,65,71890,买盘
799,14:11:48,11.06,--,245,270970,买盘
800,14:11:45,11.06,0.01,34,37604,买盘
801,14:11:42,11.05,-0.01,7,7735,卖盘
802,14:11:39,11.06,--,89,98434,买盘
803,14:11:36,11.06,0.01,38,42028,买盘
804,14:11:33,11.05,--,1,1105,卖盘
805,14:11:30,11.05,--,61,67405,买盘
806,14:11:27,11.05,--,264,291720,买盘
807,14:11:24,11.05,--,206,227630,买盘
808,14:11:21,11.05,--,2,2210,买盘
809,14:11:18,11.05,--,8,8840,买盘
810,14:11:15,11.05,0.01,24,26520,买盘
811,14:11:12,11.04,--,71,78384,买盘
812,14:11:09,11.04,-0.01,82,90528,买盘
813,14:11:06,11.05,0.02,5615,6204575,买盘
814,14:11:00,11.03,-0.01,1,1103,卖盘
815,14:10:57,11.04,--,7,7727,买盘
816,14:10:54,11.04,0.01,29,32015,买盘
817,14:10:45,11.03,--,50,55150,卖盘
818,14:10:42,11.03,-0.01,50,55150,卖盘
819,14:10:39,11.04,0.01,1,1104,买盘
820,14:10:36,11.03,--,10,11030,卖盘
821,14:10:33,11.03,--,2,2206,卖盘
822,14:10:30,11.03,--,20,22060,卖盘
823,14:10:27,11.03,-0.01,50,55150,卖盘
824,14:10:24,11.04,--,7,7727,买盘
825,14:10:21,11.04,--,1,1104,买盘
826,14:10:12,11.04,--,538,593952,买盘
827,14:10:09,11.04,--,32,35328,买盘
828,14:10:06,11.04,0.01,4,4416,买盘
829,14:10:03,11.03,--,150,165450,卖盘
830,14:10:00,11.03,-0.01,84,92652,卖盘
831,14:09:57,11.04,0.01,1,1104,买盘
832,14:09:54,11.03,--,5,5515,卖盘
833,14:09:51,11.03,--,31,34193,卖盘
834,14:09:45,11.03,-0.01,4,4412,卖盘
835,14:09:39,11.04,0.01,11,12143,买盘
836,14:09:36,11.03,--,37,40811,卖盘
837,14:09:30,11.03,--,67,73901,卖盘
838,14:09:27,11.03,--,104,114833,买盘
839,14:09:24,11.03,--,1,1103,买盘
840,14:09:18,11.03,0.01,53,58459,买盘
841,14:09:15,11.02,-0.01,34,37468,卖盘
842,14:09:12,11.03,--,97,106991,买盘
843,14:09:09,11.03,--,3,3309,买盘
844,14:09:06,11.03,--,1,1103,买盘
845,14:09:03,11.03,--,30,33090,买盘
846,14:08:57,11.03,-0.01,64,71573,卖盘
847,14:08:54,11.04,0.01,96,105983,买盘
848,14:08:51,11.03,--,10,11030,卖盘
849,14:08:45,11.03,-0.01,13,14339,卖盘
850,14:08:42,11.04,--,18,19872,买盘
851,14:08:39,11.04,0.01,47,51887,买盘
852,14:08:33,11.03,--,10,11030,卖盘
853,14:08:30,11.03,-0.01,2,2206,卖盘
854,14:08:27,11.04,0.01,14,15455,买盘
855,14:08:24,11.03,--,80,88361,买盘
856,14:08:21,11.03,--,3,3309,买盘
857,14:08:18,11.03,--,12,13236,买盘
858,14:08:15,11.03,--,48,52944,买盘
859,14:08:12,11.03,--,10,11030,买盘
860,14:08:09,11.03,0.01,1,1103,买盘
861,14:08:06,11.02,--,21,23142,卖盘
862,14:08:00,11.02,-0.01,407,449494,卖盘
863,14:07:54,11.03,--,92,101476,卖盘
864,14:07:51,11.03,-0.01,1,1103,卖盘
865,14:07:48,11.04,0.01,22,24287,买盘
866,14:07:45,11.03,--,10,11030,卖盘
867,14:07:42,11.03,--,1,1103,卖盘
868,14:07:39,11.03,-0.01,7,7721,卖盘
869,14:07:36,11.04,0.01,16,17664,买盘
870,14:07:33,11.03,--,3,3309,卖盘
871,14:07:30,11.03,--,1,1103,卖盘
872,14:07:27,11.03,--,51,56253,卖盘
873,14:07:24,11.03,--,140,154420,卖盘
874,14:07:18,11.03,--,59,65198,买盘
875,14:07:12,11.03,0.01,10,11030,买盘
876,14:07:09,11.02,-0.01,14,15428,卖盘
877,14:07:06,11.03,0.01,200,220600,买盘
878,14:07:00,11.02,-0.01,25,27550,卖盘
879,14:06:57,11.03,--,5,5515,买盘
880,14:06:54,11.03,--,6,6618,买盘
881,14:06:48,11.03,0.01,19,20957,买盘
882,14:06:45,11.02,--,28,30856,卖盘
883,14:06:42,11.02,-0.01,1036,1141672,卖盘
884,14:06:33,11.03,0.01,25,27575,买盘
885,14:06:30,11.02,--,2,2204,卖盘
886,14:06:24,11.02,--,15,16530,卖盘
887,14:06:15,11.02,--,5,5510,卖盘
888,14:06:09,11.02,--,84,92568,卖盘
889,14:06:03,11.02,--,16,17632,卖盘
890,14:06:00,11.02,--,1,1102,卖盘
891,14:05:57,11.02,--,80,88160,卖盘
892,14:05:54,11.02,-0.01,10,11020,卖盘
893,14:05:51,11.03,--,5,5515,买盘
894,14:05:45,11.03,--,26,28678,买盘
895,14:05:39,11.03,0.02,626,690478,买盘
896,14:05:30,11.01,-0.01,15,16515,卖盘
897,14:05:24,11.02,--,28,30856,买盘
898,14:05:18,11.02,--,1,1102,买盘
899,14:05:15,11.02,--,30,33060,买盘
900,14:05:06,11.02,0.01,95,104690,买盘
901,14:05:00,11.01,-0.01,25,27525,卖盘
902,14:04:54,11.02,--,1,1102,买盘
903,14:04:45,11.02,--,32,35264,买盘
904,14:04:36,11.02,--,19,20938,买盘
905,14:04:33,11.02,0.01,32,35264,买盘
906,14:04:30,11.01,--,46,50646,卖盘
907,14:04:27,11.01,-0.01,1,1101,卖盘
908,14:04:24,11.02,0.01,101,111302,买盘
909,14:04:21,11.01,-0.01,19,20919,卖盘
910,14:04:18,11.02,--,110,121220,买盘
911,14:04:15,11.02,--,59,65018,买盘
912,14:04:12,11.02,--,1,1102,买盘
913,14:04:06,11.02,--,6,6612,买盘
914,14:04:03,11.02,0.01,49,53998,买盘
915,14:04:00,11.01,--,10,11010,卖盘
916,14:03:57,11.01,-0.01,2,2202,卖盘
917,14:03:54,11.02,--,45,49590,买盘
918,14:03:51,11.02,--,123,135546,买盘
919,14:03:48,11.02,--,20,22040,买盘
920,14:03:45,11.02,--,134,147734,卖盘
921,14:03:42,11.02,--,25,27550,卖盘
922,14:03:39,11.02,-0.01,258,284316,卖盘
923,14:03:36,11.03,0.01,31,34193,买盘
924,14:03:33,11.02,--,185,203870,卖盘
925,14:03:30,11.02,--,3,3306,卖盘
926,14:03:27,11.02,--,110,121220,卖盘
927,14:03:24,11.02,-0.01,9,9918,卖盘
928,14:03:21,11.03,--,10,11030,买盘
929,14:03:18,11.03,--,62,68386,买盘
930,14:03:15,11.03,--,1282,1414961,卖盘
931,14:03:12,11.03,-0.01,10,11030,卖盘
932,14:03:09,11.04,--,82,90528,买盘
933,14:03:06,11.04,0.01,13,14351,买盘
934,14:03:03,11.03,--,30,33090,卖盘
935,14:03:00,11.03,--,1,1103,卖盘
936,14:02:57,11.03,-0.01,2,2206,卖盘
937,14:02:54,11.04,--,251,277104,买盘
938,14:02:48,11.04,--,23,25391,买盘
939,14:02:45,11.04,0.01,30,33120,买盘
940,14:02:42,11.03,--,24,26472,卖盘
941,14:02:30,11.03,-0.01,24,26472,卖盘
942,14:02:27,11.04,--,2,2208,买盘
943,14:02:24,11.04,--,10,11040,买盘
944,14:02:21,11.04,0.01,16,17664,买盘
945,14:02:18,11.03,-0.01,24,26659,卖盘
946,14:02:12,11.04,0.02,126,139104,买盘
947,14:02:09,11.02,--,830,914660,卖盘
948,14:02:06,11.02,--,758,835316,卖盘
949,14:02:00,11.02,--,725,798950,卖盘
950,14:01:57,11.02,--,12,13224,卖盘
951,14:01:54,11.02,--,6,6612,卖盘
952,14:01:51,11.02,-0.01,24,26448,卖盘
953,14:01:45,11.03,0.01,17,18751,买盘
954,14:01:42,11.02,-0.01,9,9918,卖盘
955,14:01:39,11.03,--,158,174274,买盘
956,14:01:33,11.03,0.01,15,16545,买盘
957,14:01:30,11.02,--,1,1102,卖盘
958,14:01:27,11.02,-0.01,11,12122,卖盘
959,14:01:24,11.03,--,6,6618,买盘
960,14:01:21,11.03,0.01,122,134566,买盘
961,14:01:18,11.02,--,207,228114,卖盘
962,14:01:15,11.02,--,11,12122,卖盘
963,14:01:12,11.02,--,41,45182,卖盘
964,14:01:06,11.02,--,3,3306,卖盘
965,14:01:03,11.02,--,890,981815,买盘
966,14:01:00,11.02,0.01,50,55100,买盘
967,14:00:57,11.01,-0.01,2,2202,卖盘
968,14:00:54,11.02,--,1,1102,买盘
969,14:00:51,11.02,--,13,14326,买盘
970,14:00:48,11.02,--,11,12122,买盘
971,14:00:45,11.02,--,20,22040,买盘
972,14:00:42,11.02,0.01,7,7714,买盘
973,14:00:36,11.01,--,104,114504,卖盘
974,14:00:33,11.01,--,52,57252,卖盘
975,14:00:30,11.01,--,570,627570,卖盘
976,14:00:27,11.01,--,29,31929,卖盘
977,14:00:21,11.01,-0.01,7,7707,卖盘
978,14:00:15,11.02,--,150,165300,买盘
979,14:00:12,11.02,--,312,343824,买盘
980,14:00:09,11.02,0.01,3,3306,买盘
981,14:00:06,11.01,-0.01,5,5505,卖盘
982,14:00:03,11.02,--,302,332804,买盘
983,14:00:00,11.02,0.01,1,1102,买盘
984,13:59:57,11.01,-0.01,447,492147,卖盘
985,13:59:54,11.02,--,30,33060,买盘
986,13:59:51,11.02,--,14,15428,买盘
987,13:59:48,11.02,--,8,8816,买盘
988,13:59:42,11.02,0.01,510,562020,买盘
989,13:59:39,11.01,-0.01,4,4404,中性盘
990,13:59:33,11.02,0.02,46,50692,买盘
991,13:59:30,11.0,-0.01,701,771100,卖盘
992,13:59:24,11.01,-0.01,62,69208,卖盘
993,13:59:21,11.02,0.01,105,115710,买盘
994,13:59:18,11.01,-0.01,50,55050,卖盘
995,13:59:15,11.02,--,13,14326,买盘
996,13:59:12,11.02,--,30,33060,买盘
997,13:59:09,11.02,0.01,15,16530,买盘
998,13:59:06,11.01,--,1,1101,卖盘
999,13:59:03,11.01,-0.01,701,771801,卖盘
1000,13:59:00,11.02,0.01,148,163096,买盘
1001,13:58:57,11.01,--,3,3303,卖盘
1002,13:58:54,11.01,-0.01,7,7707,卖盘
1003,13:58:51,11.02,--,14,15428,买盘
1004,13:58:48,11.02,0.01,66,72732,买盘
1005,13:58:39,11.01,-0.01,10,11010,卖盘
1006,13:58:36,11.02,0.01,60,66120,买盘
1007,13:58:33,11.01,--,3,3303,卖盘
1008,13:58:30,11.01,-0.01,1,1101,卖盘
1009,13:58:27,11.02,0.01,7,7714,买盘
1010,13:58:24,11.01,--,10,11010,卖盘
1011,13:58:15,11.01,-0.01,9,9909,卖盘
1012,13:58:12,11.02,0.01,80,88160,买盘
1013,13:58:06,11.01,-0.01,6,6606,卖盘
1014,13:58:03,11.02,--,20,22040,买盘
1015,13:58:00,11.02,0.01,17,18734,买盘
1016,13:57:57,11.01,--,2,2202,卖盘
1017,13:57:54,11.01,--,43,47343,卖盘
1018,13:57:51,11.01,-0.01,206,226806,卖盘
1019,13:57:45,11.02,0.01,13,14326,买盘
1020,13:57:42,11.01,--,875,963529,买盘
1021,13:57:39,11.01,--,64,70464,买盘
1022,13:57:30,11.01,--,15,16515,买盘
1023,13:57:27,11.01,--,26,28626,买盘
1024,13:57:24,11.01,--,799,879699,买盘
1025,13:57:21,11.01,--,104,114504,买盘
1026,13:57:15,11.01,0.01,14,15414,买盘
1027,13:57:12,11.0,--,35,38500,卖盘
1028,13:57:06,11.0,--,28,30800,卖盘
1029,13:57:03,11.0,-0.01,3,3300,卖盘
1030,13:57:00,11.01,0.01,5,5505,买盘
1031,13:56:57,11.0,--,15,16500,卖盘
1032,13:56:54,11.0,-0.01,10,11000,中性盘
1033,13:56:51,11.01,--,48,52848,买盘
1034,13:56:48,11.01,--,272,299472,买盘
1035,13:56:45,11.01,--,14,15414,买盘
1036,13:56:39,11.01,--,19,20919,买盘
1037,13:56:33,11.01,0.01,30,33030,买盘
1038,13:56:30,11.0,-0.01,25,27500,卖盘
1039,13:56:27,11.01,--,78,85878,买盘
1040,13:56:21,11.01,0.02,669,736569,买盘
1041,13:56:18,10.99,--,9,9891,卖盘
1042,13:56:15,10.99,-0.01,4,4396,卖盘
1043,13:56:12,11.0,--,60,66000,买盘
1044,13:56:09,11.0,--,39,42900,买盘
1045,13:56:06,11.0,--,569,625900,买盘
1046,13:56:03,11.0,--,127,139700,买盘
1047,13:56:00,11.0,0.01,126,138600,买盘
1048,13:55:57,10.99,--,347,381353,卖盘
1049,13:55:54,10.99,--,12,13188,卖盘
1050,13:55:51,10.99,-0.01,1,1099,卖盘
1051,13:55:48,11.0,0.01,113,124300,买盘
1052,13:55:42,10.99,-0.01,20,21980,卖盘
1053,13:55:39,11.0,0.01,36,39600,买盘
1054,13:55:36,10.99,--,5,5495,卖盘
1055,13:55:30,10.99,-0.01,1,1099,卖盘
1056,13:55:27,11.0,0.01,5,5500,买盘
1057,13:55:24,10.99,--,3,3297,卖盘
1058,13:55:21,10.99,--,2,2198,卖盘
1059,13:55:18,10.99,-0.01,1,1099,卖盘
1060,13:55:15,11.0,0.01,29,31900,买盘
1061,13:55:12,10.99,-0.01,32,35168,卖盘
1062,13:55:09,11.0,0.01,201,221100,买盘
1063,13:55:06,10.99,-0.01,1,1099,卖盘
1064,13:55:03,11.0,--,8,8800,买盘
1065,13:55:00,11.0,--,65,71500,买盘
1066,13:54:57,11.0,0.01,9,9900,买盘
1067,13:54:54,10.99,--,16,17584,卖盘
1068,13:54:51,10.99,-0.01,34,37366,卖盘
1069,13:54:48,11.0,0.01,40,44000,买盘
1070,13:54:45,10.99,-0.01,81,89019,卖盘
1071,13:54:42,11.0,0.01,93,102300,买盘
1072,13:54:39,10.99,--,101,110999,卖盘
1073,13:54:36,10.99,--,10,10990,卖盘
1074,13:54:30,10.99,-0.01,1,1099,卖盘
1075,13:54:27,11.0,--,3,3300,买盘
1076,13:54:21,11.0,--,2,2200,买盘
1077,13:54:18,11.0,--,12,13200,买盘
1078,13:54:15,11.0,--,40,44000,买盘
1079,13:54:12,11.0,--,72,79200,买盘
1080,13:54:03,11.0,0.01,17,18700,买盘
1081,13:54:00,10.99,-0.01,18,19782,卖盘
1082,13:53:57,11.0,--,12,13200,买盘
1083,13:53:54,11.0,0.01,23,25300,买盘
1084,13:53:51,10.99,-0.01,6,6594,卖盘
1085,13:53:48,11.0,--,130,143000,买盘
1086,13:53:45,11.0,--,66,72600,买盘
1087,13:53:42,11.0,--,50,55000,买盘
1088,13:53:36,11.0,--,17,18700,买盘
1089,13:53:33,11.0,0.01,6,6600,买盘
1090,13:53:30,10.99,--,21,23079,卖盘
1091,13:53:24,10.99,--,5,5495,卖盘
1092,13:53:21,10.99,-0.01,2,2198,卖盘
1093,13:53:18,11.0,--,11,12100,买盘
1094,13:53:15,11.0,--,15,16500,买盘
1095,13:53:09,11.0,0.01,60,66000,买盘
1096,13:53:03,10.99,--,167,183533,卖盘
1097,13:53:00,10.99,-0.01,683,750617,卖盘
1098,13:52:57,11.0,--,86,94600,买盘
1099,13:52:51,11.0,--,1091,1200100,买盘
1100,13:52:42,11.0,0.01,19,20900,买盘
1101,13:52:39,10.99,-0.01,1,1099,卖盘
1102,13:52:33,11.0,0.01,1,1100,买盘
1103,13:52:30,10.99,-0.02,1,1099,卖盘
1104,13:52:24,11.01,--,6,6606,买盘
1105,13:52:21,11.01,--,12,13212,买盘
1106,13:52:18,11.01,--,12,13212,买盘
1107,13:52:12,11.01,0.01,66,72666,买盘
1108,13:52:09,11.0,--,130,143000,买盘
1109,13:52:03,11.0,--,5,5500,买盘
1110,13:52:00,11.0,--,1493,1642300,卖盘
1111,13:51:57,11.0,-0.01,1,1100,卖盘
1112,13:51:54,11.01,--,87,95787,买盘
1113,13:51:51,11.01,--,14,15414,买盘
1114,13:51:39,11.01,--,25,27525,买盘
1115,13:51:36,11.01,--,73,81319,卖盘
1116,13:51:33,11.01,--,16,17616,卖盘
1117,13:51:30,11.01,-0.01,2,2202,卖盘
1118,13:51:27,11.02,0.01,31,34162,买盘
1119,13:51:24,11.01,--,5,5505,卖盘
1120,13:51:21,11.01,--,28,30828,卖盘
1121,13:51:18,11.01,--,146,160746,卖盘
1122,13:51:15,11.01,--,10,11010,卖盘
1123,13:51:12,11.01,-0.01,7,7707,卖盘
1124,13:51:06,11.02,0.01,24,26448,买盘
1125,13:51:03,11.01,--,1,1101,卖盘
1126,13:50:57,11.01,--,52,57406,买盘
1127,13:50:54,11.01,--,44,48444,买盘
1128,13:50:51,11.01,--,1,1101,买盘
1129,13:50:48,11.01,-0.01,81,90215,卖盘
1130,13:50:45,11.02,0.01,24,26448,买盘
1131,13:50:42,11.01,--,3025,3330525,卖盘
1132,13:50:39,11.01,-0.01,7,7707,卖盘
1133,13:50:33,11.02,0.01,1,1102,买盘
1134,13:50:30,11.01,-0.01,1,1101,卖盘
1135,13:50:27,11.02,--,98,107996,买盘
1136,13:50:24,11.02,--,1,1102,买盘
1137,13:50:18,11.02,0.01,27,29754,买盘
1138,13:50:15,11.01,--,7,7707,卖盘
1139,13:50:09,11.01,--,9,9909,卖盘
1140,13:50:03,11.01,--,11,12111,卖盘
1141,13:50:00,11.01,-0.01,21,23121,卖盘
1142,13:49:57,11.02,0.01,59,65018,买盘
1143,13:49:48,11.01,-0.01,24,26424,卖盘
1144,13:49:45,11.02,0.01,14,15428,买盘
1145,13:49:36,11.01,0.01,238,262038,买盘
1146,13:49:33,11.0,-0.01,2,2200,卖盘
1147,13:49:30,11.01,--,24,26424,买盘
1148,13:49:24,11.01,--,1,1101,买盘
1149,13:49:21,11.01,--,48,52848,买盘
1150,13:49:18,11.01,--,130,143130,买盘
1151,13:49:15,11.01,--,403,443703,买盘
1152,13:49:12,11.01,--,12,13212,买盘
1153,13:49:09,11.01,--,1,1101,买盘
1154,13:49:06,11.01,0.01,126,138726,买盘
1155,13:49:00,11.0,--,18,19800,卖盘
1156,13:48:57,11.0,-0.01,300,330000,卖盘
1157,13:48:54,11.01,--,28,30828,买盘
1158,13:48:51,11.01,--,12,13212,买盘
1159,13:48:48,11.01,--,49,53949,买盘
1160,13:48:45,11.01,--,71,78171,买盘
1161,13:48:42,11.01,--,20,22020,买盘
1162,13:48:39,11.01,0.01,206,226806,买盘
1163,13:48:33,11.0,--,5,5500,卖盘
1164,13:48:30,11.0,-0.01,74,81400,卖盘
1165,13:48:24,11.01,0.01,1,1101,买盘
1166,13:48:21,11.0,--,1,1100,卖盘
1167,13:48:18,11.0,-0.01,10,11000,卖盘
1168,13:48:06,11.01,0.01,15,16515,买盘
1169,13:48:00,11.0,--,7,7700,卖盘
1170,13:47:57,11.0,--,95,104500,卖盘
1171,13:47:54,11.0,--,18,19800,卖盘
1172,13:47:48,11.0,-0.01,13,14300,卖盘
1173,13:47:42,11.01,0.01,10,11010,买盘
1174,13:47:39,11.0,--,4,4400,卖盘
1175,13:47:36,11.0,-0.01,3,3300,卖盘
1176,13:47:33,11.01,--,16,17616,买盘
1177,13:47:30,11.01,0.01,15,16515,买盘
1178,13:47:27,11.0,--,283,311300,卖盘
1179,13:47:21,11.0,-0.01,50,55000,卖盘
1180,13:47:15,11.01,--,6,6606,买盘
1181,13:47:12,11.01,--,16,17616,卖盘
1182,13:47:09,11.01,--,1,1101,卖盘
1183,13:47:06,11.01,0.01,17,18717,买盘
1184,13:47:00,11.0,-0.01,6,6600,卖盘
1185,13:46:57,11.01,0.01,7,7707,买盘
1186,13:46:48,11.0,-0.01,100,110000,卖盘
1187,13:46:42,11.01,--,15,16515,卖盘
1188,13:46:39,11.01,-0.01,3,3303,卖盘
1189,13:46:36,11.02,0.01,6,6612,买盘
1190,13:46:33,11.01,--,22,24222,卖盘
1191,13:46:30,11.01,--,40,44040,卖盘
1192,13:46:27,11.01,0.01,149,164049,买盘
1193,13:46:18,11.0,-0.01,2,2200,卖盘
1194,13:46:12,11.01,-0.01,499,549399,卖盘
1195,13:46:09,11.02,--,103,113506,买盘
1196,13:46:03,11.02,0.01,11,12122,买盘
1197,13:46:00,11.01,-0.01,76,83676,卖盘
1198,13:45:54,11.02,0.01,54,59508,买盘
1199,13:45:51,11.01,--,34,37434,卖盘
1200,13:45:48,11.01,-0.01,14,15414,卖盘
1201,13:45:45,11.02,--,24,26448,买盘
1202,13:45:42,11.02,--,14,15428,买盘
1203,13:45:39,11.02,0.01,68,74936,买盘
1204,13:45:33,11.01,-0.01,30,33030,卖盘
1205,13:45:30,11.02,0.01,42,46284,买盘
1206,13:45:27,11.01,-0.01,20,22020,卖盘
1207,13:45:24,11.02,--,24,26448,买盘
1208,13:45:21,11.02,0.01,57,62814,买盘
1209,13:45:18,11.01,--,20,22020,卖盘
1210,13:45:15,11.01,-0.01,60,66060,卖盘
1211,13:45:12,11.02,--,27,29754,买盘
1212,13:45:09,11.02,--,10,11020,买盘
1213,13:45:06,11.02,0.01,15,16530,买盘
1214,13:45:03,11.01,--,2,2202,卖盘
1215,13:45:00,11.01,-0.01,43,47343,卖盘
1216,13:44:57,11.02,--,97,106894,买盘
1217,13:44:54,11.02,--,6,6612,买盘
1218,13:44:51,11.02,--,185,203870,买盘
1219,13:44:48,11.02,--,107,117914,买盘
1220,13:44:45,11.02,0.01,524,577448,买盘
1221,13:44:42,11.01,-0.01,23,25323,卖盘
1222,13:44:39,11.02,0.01,38,41876,买盘
1223,13:44:36,11.01,-0.01,8,8808,卖盘
1224,13:44:33,11.02,0.01,12,13224,买盘
1225,13:44:30,11.01,--,1,1101,卖盘
1226,13:44:27,11.01,-0.01,98,107898,卖盘
1227,13:44:24,11.02,--,12,13224,买盘
1228,13:44:21,11.02,--,536,590672,买盘
1229,13:44:18,11.02,0.01,103,113506,买盘
1230,13:44:15,11.01,-0.01,123,135423,卖盘
1231,13:44:12,11.02,--,50,55100,买盘
1232,13:44:09,11.02,0.01,82,90364,买盘
1233,13:44:03,11.01,--,9,9909,卖盘
1234,13:44:00,11.01,--,1,1101,卖盘
1235,13:43:57,11.01,-0.01,24,26424,卖盘
1236,13:43:54,11.02,--,22,24244,买盘
1237,13:43:51,11.02,--,48,52896,买盘
1238,13:43:48,11.02,0.01,12,13224,买盘
1239,13:43:45,11.01,-0.01,38,41838,卖盘
1240,13:43:42,11.02,--,75,82650,买盘
1241,13:43:39,11.02,0.01,52,57304,买盘
1242,13:43:36,11.01,--,12,13212,买盘
1243,13:43:33,11.01,-0.01,348,383148,卖盘
1244,13:43:30,11.02,--,11,12122,买盘
1245,13:43:27,11.02,--,22,24244,买盘
1246,13:43:21,11.02,--,52,57304,买盘
1247,13:43:18,11.02,0.01,24,26448,买盘
1248,13:43:15,11.01,--,30,33030,卖盘
1249,13:43:06,11.01,-0.01,54,59454,卖盘
1250,13:43:03,11.02,0.01,66,72732,买盘
1251,13:43:00,11.01,--,138,152004,买盘
1252,13:42:57,11.01,--,154,169554,买盘
1253,13:42:54,11.01,--,98,107898,买盘
1254,13:42:51,11.01,--,50,55050,买盘
1255,13:42:48,11.01,--,12,13212,买盘
1256,13:42:45,11.01,--,98,107898,买盘
1257,13:42:39,11.01,--,30,33030,买盘
1258,13:42:33,11.01,--,23,25323,买盘
1259,13:42:30,11.01,0.01,70,77070,买盘
1260,13:42:27,11.0,-0.01,81,89100,卖盘
1261,13:42:24,11.01,0.01,53,58353,买盘
1262,13:42:21,11.0,--,116,127600,卖盘
1263,13:42:18,11.0,-0.01,222,244200,卖盘
1264,13:42:15,11.01,--,59,64959,买盘
1265,13:42:12,11.01,--,138,151938,买盘
1266,13:42:09,11.01,--,10,11010,买盘
1267,13:42:03,11.01,0.01,16,17616,买盘
1268,13:42:00,11.0,-0.01,1,1100,卖盘
1269,13:41:57,11.01,--,72,79272,买盘
1270,13:41:54,11.01,--,820,902820,买盘
1271,13:41:51,11.01,--,52,57252,买盘
1272,13:41:48,11.01,--,128,140928,买盘
1273,13:41:45,11.01,--,199,219099,买盘
1274,13:41:42,11.01,0.01,49,53949,买盘
1275,13:41:39,11.0,-0.01,64,70400,卖盘
1276,13:41:36,11.01,0.01,76,83676,买盘
1277,13:41:33,11.0,--,154,169400,卖盘
1278,13:41:30,11.0,-0.01,5,5500,卖盘
1279,13:41:27,11.01,0.01,25,27525,买盘
1280,13:41:24,11.0,-0.01,61,67100,卖盘
1281,13:41:21,11.01,--,49,53949,买盘
1282,13:41:15,11.01,0.01,364,400764,买盘
1283,13:41:09,11.0,--,77,84700,买盘
1284,13:41:06,11.0,--,46,50600,买盘
1285,13:41:03,11.0,--,113,124300,卖盘
1286,13:41:00,11.0,-0.01,2,2200,中性盘
1287,13:40:57,11.01,0.01,302,332502,买盘
1288,13:40:54,11.0,--,55,60500,买盘
1289,13:40:51,11.0,--,146,160600,买盘
1290,13:40:48,11.0,--,77,84700,买盘
1291,13:40:45,11.0,--,142,156200,买盘
1292,13:40:42,11.0,--,46,50600,买盘
1293,13:40:39,11.0,--,36,39600,买盘
1294,13:40:36,11.0,--,42,46200,买盘
1295,13:40:33,11.0,0.01,135,148500,买盘
1296,13:40:30,10.99,-0.01,19,20881,卖盘
1297,13:40:27,11.0,--,42,46200,买盘
1298,13:40:24,11.0,0.01,49,53900,买盘
1299,13:40:21,10.99,-0.01,10,10990,卖盘
1300,13:40:18,11.0,0.01,17,18700,买盘
1301,13:40:12,10.99,-0.01,2,2198,卖盘
1302,13:40:06,11.0,0.01,10,11000,买盘
1303,13:40:03,10.99,--,1,1099,卖盘
1304,13:39:57,10.99,--,8,8792,卖盘
1305,13:39:54,10.99,-0.02,34,37366,卖盘
1306,13:39:51,11.01,0.02,162,178362,买盘
1307,13:39:48,10.99,-0.01,63,69237,卖盘
1308,13:39:45,11.0,--,20,22000,买盘
1309,13:39:42,11.0,--,7,7700,买盘
1310,13:39:36,11.0,--,121,133100,买盘
1311,13:39:33,11.0,0.01,14,15400,买盘
1312,13:39:30,10.99,-0.01,46,50554,卖盘
1313,13:39:27,11.0,-0.01,10,11000,买盘
1314,13:39:24,11.01,0.01,20,22020,买盘
1315,13:39:21,11.0,--,23,25300,买盘
1316,13:39:18,11.0,--,18,19800,卖盘
1317,13:39:15,11.0,--,22,24200,卖盘
1318,13:39:12,11.0,--,481,529100,买盘
1319,13:39:06,11.0,--,51,56100,买盘
1320,13:39:03,11.0,0.01,15,16500,买盘
1321,13:38:57,10.99,--,0,219,卖盘
1322,13:38:54,10.99,--,35,38465,卖盘
1323,13:38:51,10.99,-0.01,103,113197,卖盘
1324,13:38:48,11.0,0.01,62,68200,买盘
1325,13:38:45,10.99,-0.01,50,54950,卖盘
1326,13:38:42,11.0,0.01,15,16500,买盘
1327,13:38:39,10.99,-0.01,205,225295,卖盘
1328,13:38:36,11.0,0.01,1,1100,买盘
1329,13:38:33,10.99,--,3,3297,卖盘
1330,13:38:30,10.99,-0.01,1,1099,卖盘
1331,13:38:27,11.0,--,677,744700,卖盘
1332,13:38:24,11.0,-0.01,60,66000,卖盘
1333,13:38:21,11.01,0.01,23,25323,买盘
1334,13:38:15,11.0,-0.01,42,46200,卖盘
1335,13:38:12,11.01,0.01,13,14313,买盘
1336,13:38:09,11.0,-0.01,56,61600,卖盘
1337,13:38:06,11.01,--,3,3303,买盘
1338,13:38:03,11.01,0.01,20,22020,买盘
1339,13:38:00,11.0,-0.01,41,45100,卖盘
1340,13:37:57,11.01,0.01,20,22020,买盘
1341,13:37:54,11.0,-0.01,42,46200,卖盘
1342,13:37:51,11.01,--,117,128817,买盘
1343,13:37:45,11.01,0.01,1,1101,买盘
1344,13:37:42,11.0,-0.01,10,11000,卖盘
1345,13:37:39,11.01,--,135,148635,买盘
1346,13:37:36,11.01,--,8,8808,买盘
1347,13:37:33,11.01,0.01,15,16515,买盘
1348,13:37:30,11.0,-0.01,21,23100,卖盘
1349,13:37:27,11.01,--,130,143130,买盘
1350,13:37:24,11.01,0.01,214,235614,买盘
1351,13:37:21,11.0,--,11,12100,卖盘
1352,13:37:18,11.0,-0.01,149,163900,卖盘
1353,13:37:15,11.01,--,140,154140,买盘
1354,13:37:12,11.01,--,22,24222,买盘
1355,13:37:09,11.01,--,91,100191,买盘
1356,13:37:06,11.01,--,15,16515,买盘
1357,13:37:03,11.01,0.01,12,13212,买盘
1358,13:37:00,11.0,-0.01,7,7700,卖盘
1359,13:36:57,11.01,--,37,40737,买盘
1360,13:36:51,11.01,--,8,8808,买盘
1361,13:36:48,11.01,--,19,20919,买盘
1362,13:36:45,11.01,--,39,42939,买盘
1363,13:36:42,11.01,--,17,18717,买盘
1364,13:36:39,11.01,--,139,153039,买盘
1365,13:36:36,11.01,--,120,132120,买盘
1366,13:36:33,11.01,0.01,160,176160,买盘
1367,13:36:30,11.0,--,68,74800,卖盘
1368,13:36:27,11.0,-0.01,328,360800,卖盘
1369,13:36:24,11.01,0.01,67,73767,买盘
1370,13:36:21,11.0,-0.01,6,6600,卖盘
1371,13:36:18,11.01,0.01,249,274149,买盘
1372,13:36:15,11.0,--,252,277200,卖盘
1373,13:36:09,11.0,--,600,660000,买盘
1374,13:36:06,11.0,0.01,123,135300,买盘
1375,13:36:03,10.99,-0.01,645,708855,卖盘
1376,13:36:00,11.0,--,294,323400,卖盘
1377,13:35:57,11.0,--,17,18700,卖盘
1378,13:35:54,11.0,--,578,635800,买盘
1379,13:35:51,11.0,0.01,86,94600,买盘
1380,13:35:48,10.99,-0.01,391,429709,卖盘
1381,13:35:45,11.0,--,398,437800,买盘
1382,13:35:42,11.0,--,1319,1450900,买盘
1383,13:35:39,11.0,--,267,293700,买盘
1384,13:35:36,11.0,--,197,216700,买盘
1385,13:35:33,11.0,0.01,226,248600,买盘
1386,13:35:30,10.99,-0.01,82,90118,卖盘
1387,13:35:27,11.0,--,20,22000,买盘
1388,13:35:24,11.0,--,8,8800,买盘
1389,13:35:21,11.0,--,98,107800,买盘
1390,13:35:18,11.0,0.01,404,444400,买盘
1391,13:35:15,10.99,--,2248,2470552,买盘
1392,13:35:12,10.99,--,493,541807,买盘
1393,13:35:09,10.99,0.01,139,152761,买盘
1394,13:35:06,10.98,--,2,2196,卖盘
1395,13:35:03,10.98,--,48,52704,卖盘
1396,13:35:00,10.98,--,376,412848,卖盘
1397,13:34:57,10.98,--,186,204228,买盘
1398,13:34:54,10.98,--,377,413946,买盘
1399,13:34:51,10.98,0.01,1491,1637118,买盘
1400,13:34:45,10.97,-0.01,12,13164,卖盘
1401,13:34:42,10.98,--,290,318420,买盘
1402,13:34:39,10.98,--,164,180072,买盘
1403,13:34:36,10.98,--,5,5490,买盘
1404,13:34:33,10.98,0.01,225,247050,买盘
1405,13:34:30,10.97,-0.01,200,219400,卖盘
1406,13:34:27,10.98,--,43,47214,买盘
1407,13:34:24,10.98,--,63,69174,买盘
1408,13:34:21,10.98,0.01,73,80154,买盘
1409,13:34:18,10.97,--,250,274250,卖盘
1410,13:34:15,10.97,-0.01,138,151386,卖盘
1411,13:34:09,10.98,0.01,7,7686,买盘
1412,13:34:06,10.97,--,131,143707,买盘
1413,13:34:03,10.97,--,47,51559,买盘
1414,13:34:00,10.97,--,37,40589,买盘
1415,13:33:57,10.97,--,225,246825,买盘
1416,13:33:54,10.97,--,88,96536,买盘
1417,13:33:51,10.97,--,146,160162,买盘
1418,13:33:48,10.97,--,50,54850,买盘
1419,13:33:45,10.97,--,18,19746,买盘
1420,13:33:42,10.97,--,143,156871,买盘
1421,13:33:39,10.97,--,12,13164,买盘
1422,13:33:36,10.97,--,11,12067,买盘
1423,13:33:33,10.97,0.01,7,7679,买盘
1424,13:33:30,10.96,-0.01,28,30688,卖盘
1425,13:33:24,10.97,--,72,78984,买盘
1426,13:33:21,10.97,--,32,35104,买盘
1427,13:33:18,10.97,--,64,70208,买盘
1428,13:33:15,10.97,--,61,66917,买盘
1429,13:33:12,10.97,--,47,51559,买盘
1430,13:33:09,10.97,--,8,8776,买盘
1431,13:33:06,10.97,--,52,57044,买盘
1432,13:33:03,10.97,--,57,62529,买盘
1433,13:32:57,10.97,0.01,2899,3180203,买盘
1434,13:32:54,10.96,--,39,42744,买盘
1435,13:32:48,10.96,0.01,49,53704,买盘
1436,13:32:45,10.95,-0.01,17,18615,卖盘
1437,13:32:42,10.96,--,44,48224,买盘
1438,13:32:39,10.96,--,7,7672,买盘
1439,13:32:36,10.96,0.01,32,35072,买盘
1440,13:32:33,10.95,-0.01,2,2190,卖盘
1441,13:32:30,10.96,--,27,29592,买盘
1442,13:32:27,10.96,--,46,50416,买盘
1443,13:32:18,10.96,--,13,14248,买盘
1444,13:32:15,10.96,--,15,16440,买盘
1445,13:32:09,10.96,--,43,47128,买盘
1446,13:32:06,10.96,0.01,97,106312,买盘
1447,13:32:03,10.95,-0.01,10,10950,卖盘
1448,13:32:00,10.96,--,76,83296,买盘
1449,13:31:57,10.96,0.01,14,15344,买盘
1450,13:31:51,10.95,--,3,3285,卖盘
1451,13:31:48,10.95,-0.01,5,5475,卖盘
1452,13:31:45,10.96,--,1,1096,买盘
1453,13:31:36,10.96,--,13,14248,买盘
1454,13:31:33,10.96,--,216,236736,买盘
1455,13:31:30,10.96,--,20,21920,买盘
1456,13:31:21,10.96,0.01,10,10960,买盘
1457,13:31:18,10.95,-0.01,12,13140,卖盘
1458,13:31:12,10.96,0.01,31,33976,买盘
1459,13:31:06,10.95,-0.01,200,219000,卖盘
1460,13:31:03,10.96,0.01,20,21920,买盘
1461,13:31:00,10.95,-0.01,195,213525,中性盘
1462,13:30:57,10.96,0.01,1030,1128880,买盘
1463,13:30:54,10.95,-0.01,75,82125,卖盘
1464,13:30:48,10.96,--,10,10960,买盘
1465,13:30:45,10.96,--,33,36168,买盘
1466,13:30:42,10.96,0.01,360,394560,买盘
1467,13:30:39,10.95,--,81,88695,卖盘
1468,13:30:36,10.95,-0.01,18,19710,卖盘
1469,13:30:33,10.96,--,15,16440,买盘
1470,13:30:30,10.96,0.01,26,28496,买盘
1471,13:30:27,10.95,-0.01,20,21900,卖盘
1472,13:30:24,10.96,--,40,43840,买盘
1473,13:30:21,10.96,--,550,602800,买盘
1474,13:30:15,10.96,--,31,33976,买盘
1475,13:30:09,10.96,--,31,33976,买盘
1476,13:30:06,10.96,--,58,63568,买盘
1477,13:30:03,10.96,0.01,79,86584,买盘
1478,13:30:00,10.95,--,4,4380,卖盘
1479,13:29:57,10.95,0.01,131,143445,买盘
1480,13:29:54,10.94,-0.01,35,38290,卖盘
1481,13:29:42,10.95,--,15,16425,买盘
1482,13:29:39,10.95,--,15,16425,买盘
1483,13:29:36,10.95,0.01,110,120449,买盘
1484,13:29:33,10.94,--,16,17504,卖盘
1485,13:29:30,10.94,-0.01,1,1094,卖盘
1486,13:29:27,10.95,--,14,15329,买盘
1487,13:29:24,10.95,--,14,15329,买盘
1488,13:29:18,10.95,--,1,1095,买盘
1489,13:29:15,10.95,0.01,1015,1111425,买盘
1490,13:29:09,10.94,-0.01,35,38290,卖盘
1491,13:29:06,10.95,--,608,665760,买盘
1492,13:29:03,10.95,--,29,31754,买盘
1493,13:29:00,10.95,--,1,1095,买盘
1494,13:28:57,10.95,--,5,5475,买盘
1495,13:28:54,10.95,0.01,51,55845,买盘
1496,13:28:48,10.94,-0.01,107,117058,卖盘
1497,13:28:45,10.95,--,130,142350,买盘
1498,13:28:42,10.95,--,69,75555,买盘
1499,13:28:39,10.95,0.01,327,358065,买盘
1500,13:28:36,10.94,--,8,8752,卖盘
1501,13:28:30,10.94,--,7,7658,卖盘
1502,13:28:27,10.94,-0.01,2,2188,卖盘
1503,13:28:24,10.95,0.01,14,15329,买盘
1504,13:28:21,10.94,-0.01,40,43760,卖盘
1505,13:28:18,10.95,0.01,15,16425,买盘
1506,13:28:09,10.94,--,36,39384,卖盘
1507,13:28:03,10.94,-0.01,140,153160,卖盘
1508,13:28:00,10.95,--,1,1095,买盘
1509,13:27:57,10.95,--,149,163155,买盘
1510,13:27:54,10.95,--,1,1095,买盘
1511,13:27:51,10.95,--,3,3285,买盘
1512,13:27:45,10.95,--,12,13140,买盘
1513,13:27:42,10.95,0.01,83,90885,买盘
1514,13:27:39,10.94,--,53,57982,卖盘
1515,13:27:33,10.94,--,50,54700,卖盘
1516,13:27:30,10.94,-0.01,8,8752,卖盘
1517,13:27:27,10.95,--,3,3285,买盘
1518,13:27:24,10.95,0.01,14,15329,买盘
1519,13:27:21,10.94,--,1,1094,卖盘
1520,13:27:18,10.94,-0.01,10,10940,卖盘
1521,13:27:15,10.95,--,50,54750,买盘
1522,13:27:09,10.95,0.01,15,16425,买盘
1523,13:27:06,10.94,--,1,1094,卖盘
1524,13:27:03,10.94,-0.01,1,1094,卖盘
1525,13:27:00,10.95,--,11,12045,买盘
1526,13:26:57,10.95,--,354,387630,买盘
1527,13:26:54,10.95,0.01,1,1095,买盘
1528,13:26:51,10.94,--,29,31726,卖盘
1529,13:26:48,10.94,-0.01,6,6564,卖盘
1530,13:26:45,10.95,0.01,3,3285,买盘
1531,13:26:36,10.94,--,20,21880,卖盘
1532,13:26:30,10.94,-0.01,11,12034,卖盘
1533,13:26:27,10.95,--,30,32850,买盘
1534,13:26:24,10.95,--,21,22995,买盘
1535,13:26:21,10.95,--,44,48180,买盘
1536,13:26:18,10.95,0.01,9,9855,买盘
1537,13:26:15,10.94,-0.01,7,7658,卖盘
1538,13:26:09,10.95,--,34,37230,买盘
1539,13:26:06,10.95,--,22,24090,买盘
1540,13:26:03,10.95,0.01,3,3285,买盘
1541,13:26:00,10.94,-0.01,13,14222,卖盘
1542,13:25:54,10.95,--,14,15329,买盘
1543,13:25:51,10.95,0.01,3,3285,买盘
1544,13:25:48,10.94,--,7,7658,卖盘
1545,13:25:42,10.94,-0.01,4,4376,卖盘
1546,13:25:39,10.95,--,44,48180,买盘
1547,13:25:36,10.95,0.01,24,26280,买盘
1548,13:25:30,10.94,-0.01,36,39384,卖盘
1549,13:25:27,10.95,--,66,72270,买盘
1550,13:25:24,10.95,0.01,70,76650,买盘
1551,13:25:21,10.94,-0.01,12,13128,卖盘
1552,13:25:18,10.95,--,10,10950,买盘
1553,13:25:15,10.95,--,14,15329,买盘
1554,13:25:09,10.95,--,19,20805,买盘
1555,13:25:06,10.95,--,25,27375,买盘
1556,13:25:03,10.95,0.01,50,54750,买盘
1557,13:25:00,10.94,-0.01,140,153160,卖盘
1558,13:24:57,10.95,--,14,15329,买盘
1559,13:24:54,10.95,0.01,32,35040,买盘
1560,13:24:51,10.94,-0.01,10,10940,卖盘
1561,13:24:42,10.95,--,6,6570,买盘
1562,13:24:39,10.95,0.01,50,54750,买盘
1563,13:24:33,10.94,-0.01,17,18598,卖盘
1564,13:24:30,10.95,0.01,13,14234,买盘
1565,13:24:27,10.94,-0.01,10,10940,卖盘
1566,13:24:24,10.95,0.01,355,388725,买盘
1567,13:24:21,10.94,-0.01,10,10940,卖盘
1568,13:24:18,10.95,0.01,55,60224,买盘
1569,13:24:15,10.94,-0.01,13,14222,卖盘
1570,13:24:12,10.95,0.01,60,65700,买盘
1571,13:24:06,10.94,--,16,17504,卖盘
1572,13:24:03,10.94,--,65,71110,卖盘
1573,13:24:00,10.94,--,111,121434,卖盘
1574,13:23:57,10.94,--,78,85332,卖盘
1575,13:23:54,10.94,--,100,109400,卖盘
1576,13:23:51,10.94,-0.01,32,35008,卖盘
1577,13:23:48,10.95,0.01,162,177390,买盘
1578,13:23:45,10.94,-0.01,434,474796,卖盘
1579,13:23:42,10.95,--,22,24090,买盘
1580,13:23:36,10.95,--,24,26280,买盘
1581,13:23:33,10.95,0.01,5,5475,买盘
1582,13:23:30,10.94,-0.01,13,14222,卖盘
1583,13:23:27,10.95,--,142,155490,买盘
1584,13:23:24,10.95,--,16,17520,买盘
1585,13:23:21,10.95,--,6,6570,买盘
1586,13:23:15,10.95,0.01,51,55845,买盘
1587,13:23:12,10.94,-0.01,49,53606,卖盘
1588,13:23:06,10.95,0.01,4,4380,买盘
1589,13:23:03,10.94,-0.01,1,1094,卖盘
1590,13:22:57,10.95,--,243,266085,卖盘
1591,13:22:51,10.95,-0.01,7,7664,卖盘
1592,13:22:48,10.96,0.01,5,5480,买盘
1593,13:22:45,10.95,--,77,84315,卖盘
1594,13:22:42,10.95,--,60,65700,卖盘
1595,13:22:39,10.95,--,408,446760,卖盘
1596,13:22:36,10.95,--,36,39420,卖盘
1597,13:22:33,10.95,--,200,219000,卖盘
1598,13:22:30,10.95,-0.01,33,36135,卖盘
1599,13:22:27,10.96,0.01,85,93160,买盘
1600,13:22:24,10.95,-0.01,35,38325,卖盘
1601,13:22:21,10.96,0.01,219,240024,买盘
1602,13:22:18,10.95,-0.01,1,1095,卖盘
1603,13:22:15,10.96,--,13,14248,买盘
1604,13:22:12,10.96,--,55,60280,买盘
1605,13:22:09,10.96,0.01,24,26304,买盘
1606,13:22:03,10.95,--,126,137970,卖盘
1607,13:22:00,10.95,--,1199,1312905,买盘
1608,13:21:57,10.95,0.01,12,13140,买盘
1609,13:21:48,10.94,-0.01,110,120340,卖盘
1610,13:21:45,10.95,--,170,186150,买盘
1611,13:21:42,10.95,0.01,46,50370,买盘
1612,13:21:39,10.94,--,112,122528,卖盘
1613,13:21:36,10.94,--,114,124716,卖盘
1614,13:21:33,10.94,--,3,3282,卖盘
1615,13:21:30,10.94,-0.01,9,9846,卖盘
1616,13:21:27,10.95,0.01,9,9855,买盘
1617,13:21:24,10.94,-0.01,45,49230,卖盘
1618,13:21:21,10.95,--,30,32850,买盘
1619,13:21:18,10.95,--,49,53655,买盘
1620,13:21:15,10.95,0.01,100,109500,买盘
1621,13:21:12,10.94,-0.01,172,188168,卖盘
1622,13:21:09,10.95,0.01,1047,1146465,买盘
1623,13:21:06,10.94,-0.01,1,1094,卖盘
1624,13:21:03,10.95,--,46,50370,买盘
1625,13:21:00,10.95,--,50,54750,买盘
1626,13:20:57,10.95,--,15,16425,买盘
1627,13:20:51,10.95,0.01,55,60224,买盘
1628,13:20:48,10.94,--,42,45948,卖盘
1629,13:20:45,10.94,--,235,257626,买盘
1630,13:20:42,10.94,--,115,125810,买盘
1631,13:20:39,10.94,--,7,7658,买盘
1632,13:20:36,10.94,--,112,122528,买盘
1633,13:20:33,10.94,0.01,23,25162,买盘
1634,13:20:30,10.93,-0.01,60,65580,卖盘
1635,13:20:27,10.94,--,327,357738,买盘
1636,13:20:24,10.94,0.01,288,315072,买盘
1637,13:20:21,10.93,-0.01,56,61208,卖盘
1638,13:20:18,10.94,--,5,5470,买盘
1639,13:20:15,10.94,0.01,316,345704,买盘
1640,13:20:12,10.93,-0.01,12,13116,中性盘
1641,13:20:06,10.94,--,254,277886,买盘
1642,13:20:03,10.94,0.01,49,53606,买盘
1643,13:20:00,10.93,--,1038,1135616,买盘
1644,13:19:57,10.93,--,72,78696,买盘
1645,13:19:54,10.93,0.01,6,6558,买盘
1646,13:19:51,10.92,-0.01,11,12012,卖盘
1647,13:19:48,10.93,--,5,5465,买盘
1648,13:19:45,10.93,--,10,10930,买盘
1649,13:19:42,10.93,0.01,10,10930,买盘
1650,13:19:39,10.92,--,49,53508,卖盘
1651,13:19:33,10.92,-0.01,30,32760,卖盘
1652,13:19:24,10.93,0.01,1,1093,买盘
1653,13:19:18,10.92,--,2,2184,卖盘
1654,13:19:15,10.92,-0.01,1,1092,中性盘
1655,13:19:12,10.93,0.01,54,59022,买盘
1656,13:19:09,10.92,--,9,9828,卖盘
1657,13:19:03,10.92,--,40,43680,卖盘
1658,13:19:00,10.92,--,75,81900,卖盘
1659,13:18:57,10.92,--,100,109200,卖盘
1660,13:18:45,10.92,--,17,18564,卖盘
1661,13:18:42,10.92,0.01,138,150696,买盘
1662,13:18:33,10.91,--,39,42549,卖盘
1663,13:18:30,10.91,-0.01,233,254203,卖盘
1664,13:18:27,10.92,--,167,182364,买盘
1665,13:18:21,10.92,--,11,12012,买盘
1666,13:18:12,10.92,--,40,43680,卖盘
1667,13:18:09,10.92,--,76,82992,买盘
1668,13:18:06,10.92,0.01,46,50232,买盘
1669,13:18:00,10.91,-0.01,2,2182,卖盘
1670,13:17:54,10.92,0.01,47,51324,买盘
1671,13:17:33,10.91,--,63,68733,卖盘
1672,13:17:30,10.91,-0.01,565,616415,卖盘
1673,13:17:27,10.92,--,26,28392,卖盘
1674,13:17:24,10.92,-0.01,220,240240,卖盘
1675,13:17:21,10.93,0.01,51,55743,买盘
1676,13:17:18,10.92,--,10,10920,卖盘
1677,13:17:15,10.92,--,25,27300,卖盘
1678,13:17:12,10.92,0.01,8,8736,中性盘
1679,13:17:03,10.91,--,42,45822,卖盘
1680,13:17:00,10.91,-0.01,58,63278,卖盘
1681,13:16:57,10.92,--,16,17472,买盘
1682,13:16:54,10.92,--,50,54600,买盘
1683,13:16:51,10.92,--,2,2184,买盘
1684,13:16:48,10.92,0.01,15,16380,买盘
1685,13:16:45,10.91,--,114,124374,卖盘
1686,13:16:42,10.91,-0.01,121,132011,卖盘
1687,13:16:39,10.92,--,20,21840,买盘
1688,13:16:36,10.92,--,17,18564,买盘
1689,13:16:33,10.92,0.01,12,13104,买盘
1690,13:16:30,10.91,-0.01,4,4364,卖盘
1691,13:16:27,10.92,--,226,246792,买盘
1692,13:16:24,10.92,0.01,310,338520,买盘
1693,13:16:21,10.91,-0.01,5,5455,卖盘
1694,13:16:18,10.92,--,13,14196,买盘
1695,13:16:15,10.92,0.01,21,22932,买盘
1696,13:16:09,10.91,-0.01,13,14183,卖盘
1697,13:16:06,10.92,--,107,116844,买盘
1698,13:16:03,10.92,0.01,21,22932,买盘
1699,13:16:00,10.91,-0.01,32,34912,卖盘
1700,13:15:57,10.92,--,23,25116,买盘
1701,13:15:54,10.92,--,37,40404,买盘
1702,13:15:51,10.92,--,5,5460,买盘
1703,13:15:48,10.92,--,5,5460,买盘
1704,13:15:42,10.92,--,38,41496,买盘
1705,13:15:39,10.92,--,15,16380,买盘
1706,13:15:36,10.92,--,10,10920,买盘
1707,13:15:33,10.92,0.01,8,8736,买盘
1708,13:15:30,10.91,-0.01,1,1091,卖盘
1709,13:15:27,10.92,0.01,21,22932,买盘
1710,13:15:21,10.91,-0.01,37,40367,卖盘
1711,13:15:18,10.92,0.01,12,13104,买盘
1712,13:15:12,10.91,--,15,16365,卖盘
1713,13:15:09,10.91,--,2,2182,卖盘
1714,13:15:03,10.91,--,1,1091,卖盘
1715,13:15:00,10.91,-0.01,16,17456,卖盘
1716,13:14:54,10.92,--,21,22932,买盘
1717,13:14:45,10.92,--,19,20748,买盘
1718,13:14:39,10.92,0.01,25,27300,买盘
1719,13:14:33,10.91,-0.01,1,1091,卖盘
1720,13:14:27,10.92,--,12,13104,买盘
1721,13:14:21,10.92,0.01,500,546000,买盘
1722,13:14:18,10.91,--,17,18547,卖盘
1723,13:14:12,10.91,--,4,4364,卖盘
1724,13:14:09,10.91,-0.01,40,43640,卖盘
1725,13:14:03,10.92,0.01,20,21840,买盘
1726,13:14:00,10.91,-0.01,127,138884,卖盘
1727,13:13:57,10.92,--,82,89544,卖盘
1728,13:13:54,10.92,--,380,414960,卖盘
1729,13:13:51,10.92,--,10,10920,卖盘
1730,13:13:48,10.92,--,16,17472,卖盘
1731,13:13:45,10.92,--,10,10920,卖盘
1732,13:13:42,10.92,--,73,79716,卖盘
1733,13:13:39,10.92,--,107,116844,卖盘
1734,13:13:36,10.92,--,19,20748,卖盘
1735,13:13:33,10.92,--,31,33852,卖盘
1736,13:13:30,10.92,--,68,74256,卖盘
1737,13:13:27,10.92,--,11,12012,卖盘
1738,13:13:24,10.92,-0.01,28,30576,卖盘
1739,13:13:21,10.93,0.01,71,77603,买盘
1740,13:13:12,10.92,--,18,19656,卖盘
1741,13:13:06,10.92,-0.01,1,1092,卖盘
1742,13:13:03,10.93,--,12,13116,买盘
1743,13:13:00,10.93,--,2,2186,买盘
1744,13:12:57,10.93,--,13,14209,买盘
1745,13:12:51,10.93,--,3,3279,买盘
1746,13:12:48,10.93,0.01,20,21860,买盘
1747,13:12:42,10.92,--,10,10920,卖盘
1748,13:12:39,10.92,-0.01,18,19656,卖盘
1749,13:12:33,10.93,--,285,311505,买盘
1750,13:12:30,10.93,--,15,16395,买盘
1751,13:12:27,10.93,--,32,34976,买盘
1752,13:12:24,10.93,--,29,31697,买盘
1753,13:12:18,10.93,--,22,24046,买盘
1754,13:12:03,10.93,0.01,66,72138,买盘
1755,13:12:00,10.92,-0.01,10,10920,卖盘
1756,13:11:57,10.93,0.01,20,21860,买盘
1757,13:11:48,10.92,--,22,24024,卖盘
1758,13:11:45,10.92,-0.01,27,29484,卖盘
1759,13:11:36,10.93,--,53,57929,买盘
1760,13:11:33,10.93,0.01,3,3279,买盘
1761,13:11:30,10.92,-0.01,2,2184,卖盘
1762,13:11:27,10.93,--,78,85254,买盘
1763,13:11:21,10.93,--,45,49185,买盘
1764,13:11:18,10.93,--,50,54650,买盘
1765,13:11:15,10.93,--,112,122416,买盘
1766,13:11:03,10.93,--,14,15302,买盘
1767,13:10:51,10.93,--,28,30604,买盘
1768,13:10:42,10.93,0.01,39,42627,买盘
1769,13:10:36,10.92,-0.01,39,42588,卖盘
1770,13:10:33,10.93,0.01,47,51371,买盘
1771,13:10:30,10.92,-0.01,300,327600,卖盘
1772,13:10:21,10.93,0.01,11,12023,买盘
1773,13:10:18,10.92,-0.01,6,6552,卖盘
1774,13:10:15,10.93,0.01,12,13116,买盘
1775,13:10:09,10.92,-0.01,16,17472,卖盘
1776,13:10:06,10.93,0.01,78,85254,买盘
1777,13:10:03,10.92,--,34,37128,卖盘
1778,13:10:00,10.92,-0.01,1,1092,卖盘
1779,13:09:57,10.93,0.01,14,15302,买盘
1780,13:09:54,10.92,--,16,17472,卖盘
1781,13:09:51,10.92,-0.01,39,42588,卖盘
1782,13:09:48,10.93,0.01,20,21860,买盘
1783,13:09:42,10.92,-0.01,8,8736,卖盘
1784,13:09:36,10.93,0.01,31,33883,买盘
1785,13:09:30,10.92,--,42,45864,卖盘
1786,13:09:24,10.92,--,22,24024,卖盘
1787,13:09:21,10.92,--,158,172536,卖盘
1788,13:09:18,10.92,-0.01,12,13104,卖盘
1789,13:09:12,10.93,--,22,24046,买盘
1790,13:09:03,10.93,0.01,4,4372,买盘
1791,13:08:57,10.92,--,32,34944,卖盘
1792,13:08:54,10.92,0.01,301,329456,买盘
1793,13:08:51,10.91,-0.01,10,10910,卖盘
1794,13:08:36,10.92,--,13,14196,买盘
1795,13:08:33,10.92,--,24,26208,买盘
1796,13:08:21,10.92,--,200,218400,买盘
1797,13:08:18,10.92,--,15,16380,买盘
1798,13:08:15,10.92,0.01,142,155064,买盘
1799,13:08:06,10.91,--,1,1091,卖盘
1800,13:08:00,10.91,-0.01,1,1091,卖盘
1801,13:07:51,10.92,--,1,1092,买盘
1802,13:07:48,10.92,--,8,8736,买盘
1803,13:07:45,10.92,--,4,4368,买盘
1804,13:07:42,10.92,--,2,2184,买盘
1805,13:07:39,10.92,0.01,11,12012,买盘
1806,13:07:33,10.91,--,9,9819,卖盘
1807,13:07:30,10.91,-0.01,2,2182,卖盘
1808,13:07:27,10.92,--,406,443352,买盘
1809,13:07:15,10.92,--,14,15288,买盘
1810,13:07:12,10.92,0.01,3,3276,买盘
1811,13:07:09,10.91,0.01,4,4364,卖盘
1812,13:07:06,10.9,--,5,5450,卖盘
1813,13:07:03,10.9,-0.02,34,37060,卖盘
1814,13:07:00,10.92,0.02,55,60060,买盘
1815,13:06:57,10.9,-0.01,10,10900,卖盘
1816,13:06:54,10.91,--,3,3273,买盘
1817,13:06:51,10.91,--,12,13092,中性盘
1818,13:06:48,10.91,--,10,10910,买盘
1819,13:06:45,10.91,--,214,233474,买盘
1820,13:06:39,10.91,0.01,1,1091,买盘
1821,13:06:36,10.9,--,13,14170,卖盘
1822,13:06:33,10.9,-0.01,1,1090,卖盘
1823,13:06:24,10.91,--,13,14183,买盘
1824,13:06:03,10.91,0.01,15,16365,买盘
1825,13:06:00,10.9,-0.01,1,1090,卖盘
1826,13:05:57,10.91,--,1,1091,买盘
1827,13:05:51,10.91,0.01,41,44731,买盘
1828,13:05:48,10.9,-0.01,1,1090,卖盘
1829,13:05:45,10.91,--,15,16365,买盘
1830,13:05:39,10.91,--,234,255294,买盘
1831,13:05:36,10.91,0.01,3,3273,买盘
1832,13:05:30,10.9,-0.01,2,2180,卖盘
1833,13:05:24,10.91,--,21,22911,买盘
1834,13:05:18,10.91,--,119,129829,买盘
1835,13:05:15,10.91,0.01,10,10910,买盘
1836,13:05:12,10.9,--,101,110090,卖盘
1837,13:05:06,10.9,--,1,1090,卖盘
1838,13:05:03,10.9,--,1,1090,卖盘
1839,13:05:00,10.9,-0.01,5,5450,卖盘
1840,13:04:57,10.91,--,2,2182,买盘
1841,13:04:54,10.91,0.01,1,1091,买盘
1842,13:04:51,10.9,-0.01,5,5450,卖盘
1843,13:04:48,10.91,--,170,186244,卖盘
1844,13:04:45,10.91,-0.01,16,17510,卖盘
1845,13:04:42,10.92,--,14,15288,买盘
1846,13:04:39,10.92,--,20,21840,买盘
1847,13:04:33,10.92,0.01,17,18564,买盘
1848,13:04:30,10.91,-0.01,31,33821,卖盘
1849,13:04:27,10.92,--,13,15233,卖盘
1850,13:04:18,10.92,--,14,15288,卖盘
1851,13:04:15,10.92,--,28,30630,买盘
1852,13:04:12,10.92,--,22,25061,卖盘
1853,13:04:06,10.92,--,5,5460,卖盘
1854,13:04:03,10.92,--,4,4368,卖盘
1855,13:04:00,10.92,-0.01,9,9882,卖盘
1856,13:03:51,10.93,0.01,14,15302,买盘
1857,13:03:48,10.92,--,10,10920,买盘
1858,13:03:36,10.92,0.01,13,14196,买盘
1859,13:03:33,10.91,--,2,2182,卖盘
1860,13:03:30,10.91,-0.01,17,18547,卖盘
1861,13:03:27,10.92,0.02,15,16642,买盘
1862,13:03:24,10.9,-0.01,4,4360,卖盘
1863,13:03:21,10.91,-0.02,37,41196,卖盘
1864,13:03:18,10.93,0.02,337,368341,买盘
1865,13:03:15,10.91,-0.01,10,10910,卖盘
1866,13:03:09,10.92,--,13,14196,买盘
1867,13:03:06,10.92,--,14,15288,买盘
1868,13:03:03,10.92,0.01,80,87360,买盘
1869,13:03:00,10.91,--,45,49095,卖盘
1870,13:02:57,10.91,-0.01,8,8728,卖盘
1871,13:02:54,10.92,0.01,1,1092,买盘
1872,13:02:48,10.91,--,7,7637,卖盘
1873,13:02:45,10.91,--,44,48004,卖盘
1874,13:02:36,10.91,--,8,8728,卖盘
1875,13:02:30,10.91,-0.01,1,1091,卖盘
1876,13:02:27,10.92,--,14,15288,卖盘
1877,13:02:24,10.92,--,25,27300,卖盘
1878,13:02:18,10.92,-0.01,5,5460,卖盘
1879,13:02:15,10.93,0.01,40,43720,买盘
1880,13:02:12,10.92,--,82,89544,卖盘
1881,13:02:09,10.92,--,36,39312,卖盘
1882,13:02:06,10.92,--,651,710892,卖盘
1883,13:02:03,10.92,--,30,32760,卖盘
1884,13:01:57,10.92,--,5,5460,卖盘
1885,13:01:54,10.92,-0.01,75,81900,卖盘
1886,13:01:51,10.93,--,513,560709,买盘
1887,13:01:48,10.93,--,5,5465,买盘
1888,13:01:36,10.93,0.01,10,10930,买盘
1889,13:01:30,10.92,--,38,41496,卖盘
1890,13:01:24,10.92,0.01,148,161616,买盘
1891,13:01:21,10.91,-0.01,112,122192,卖盘
1892,13:01:18,10.92,--,1000,1092000,买盘
1893,13:01:12,10.92,0.01,11,12012,买盘
1894,13:01:03,10.91,-0.01,8,8728,卖盘
1895,13:01:00,10.92,--,2,2184,买盘
1896,13:00:54,10.92,--,11,12012,买盘
1897,13:00:51,10.92,0.01,1,1092,买盘
1898,13:00:45,10.91,--,15,16365,卖盘
1899,13:00:42,10.91,--,34,37094,卖盘
1900,13:00:39,10.91,--,99,108270,买盘
1901,13:00:36,10.91,0.01,14,15274,买盘
1902,13:00:30,10.9,-0.01,1,1090,卖盘
1903,13:00:27,10.91,0.01,1,1091,买盘
1904,13:00:15,10.9,--,2,2180,卖盘
1905,13:00:09,10.9,--,1,1090,卖盘
1906,13:00:06,10.9,--,389,424010,卖盘
1907,13:00:03,10.9,0.01,3364,3666760,买盘
1908,13:00:00,10.89,--,0,0,买盘
1909,11:30:00,10.89,--,0,0,买盘
1910,11:29:51,10.89,--,1,1089,买盘
1911,11:29:48,10.89,--,200,217800,买盘
1912,11:29:45,10.89,0.01,16,17424,买盘
1913,11:29:39,10.88,--,1,1088,卖盘
1914,11:29:36,10.88,-0.01,134,145792,卖盘
1915,11:29:33,10.89,0.01,1083,1179387,买盘
1916,11:29:24,10.88,--,97,105536,卖盘
1917,11:29:18,10.88,--,5,5440,卖盘
1918,11:29:00,10.88,-0.01,1,1088,卖盘
1919,11:28:57,10.89,--,30,32670,买盘
1920,11:28:51,10.89,--,1,1089,买盘
1921,11:28:45,10.89,--,70,76230,买盘
1922,11:28:33,10.89,0.01,65,70785,买盘
1923,11:28:30,10.88,--,6,6528,卖盘
1924,11:28:09,10.88,--,20,21760,卖盘
1925,11:28:06,10.88,--,1,1088,卖盘
1926,11:28:03,10.88,-0.01,231,251328,卖盘
1927,11:28:00,10.89,--,35,38115,买盘
1928,11:27:54,10.89,--,30,32670,买盘
1929,11:27:51,10.89,--,70,76230,买盘
1930,11:27:45,10.89,--,1,1089,买盘
1931,11:27:42,10.89,0.01,30,32670,买盘
1932,11:27:33,10.88,-0.01,2,2176,卖盘
1933,11:27:30,10.89,--,12,13068,买盘
1934,11:27:27,10.89,0.01,60,65340,买盘
1935,11:27:24,10.88,--,23,25024,卖盘
1936,11:27:09,10.88,--,91,99225,买盘
1937,11:27:06,10.88,0.01,194,211072,买盘
1938,11:27:03,10.87,--,18,19566,卖盘
1939,11:27:00,10.87,-0.01,4,4348,卖盘
1940,11:26:54,10.88,0.01,15,16320,买盘
1941,11:26:51,10.87,-0.01,5,5435,卖盘
1942,11:26:48,10.88,--,7,7616,买盘
1943,11:26:42,10.88,--,1,1088,买盘
1944,11:26:33,10.88,--,14,15232,买盘
1945,11:26:27,10.88,--,11,11968,买盘
1946,11:26:21,10.88,--,10,10880,买盘
1947,11:26:15,10.88,--,14,15232,买盘
1948,11:26:12,10.88,--,10,10880,买盘
1949,11:26:09,10.88,--,28,30464,买盘
1950,11:26:06,10.88,--,11,11968,买盘
1951,11:26:03,10.88,0.01,45,48960,买盘
1952,11:26:00,10.87,-0.01,21,22827,卖盘
1953,11:25:57,10.88,--,298,324224,买盘
1954,11:25:54,10.88,--,12,13056,买盘
1955,11:25:51,10.88,--,11,11968,买盘
1956,11:25:45,10.88,0.01,61,66368,买盘
1957,11:25:33,10.87,--,2,2174,卖盘
1958,11:25:27,10.87,-0.01,10,10870,卖盘
1959,11:25:24,10.88,--,14,15232,买盘
1960,11:25:15,10.88,0.01,59,64192,买盘
1961,11:25:12,10.87,--,135,146745,买盘
1962,11:25:09,10.87,--,7,7608,买盘
1963,11:25:06,10.87,--,131,142397,买盘
1964,11:25:03,10.87,--,13,14130,买盘
1965,11:25:00,10.87,--,120,130439,买盘
1966,11:24:57,10.87,--,20,21740,买盘
1967,11:24:54,10.87,--,1,1087,买盘
1968,11:24:51,10.87,--,5,5435,买盘
1969,11:24:48,10.87,--,7,7608,买盘
1970,11:24:42,10.87,--,31,33697,买盘
1971,11:24:36,10.87,--,40,43480,买盘
1972,11:24:33,10.87,--,2,2174,买盘
1973,11:24:24,10.87,--,1,1087,买盘
1974,11:24:18,10.87,--,1,1087,买盘
1975,11:24:12,10.87,--,24,26087,买盘
1976,11:24:09,10.87,0.01,37,40219,买盘
1977,11:24:03,10.86,-0.01,1,1086,卖盘
1978,11:24:00,10.87,0.01,1,1087,买盘
1979,11:23:57,10.86,-0.01,10,10860,卖盘
1980,11:23:54,10.87,--,12,13043,买盘
1981,11:23:51,10.87,--,1,1087,买盘
1982,11:23:48,10.87,0.01,10,10870,买盘
1983,11:23:30,10.86,-0.01,2,2172,卖盘
1984,11:23:18,10.87,0.01,8,8696,买盘
1985,11:23:15,10.86,--,3,3258,卖盘
1986,11:23:00,10.86,-0.01,1,1086,卖盘
1987,11:22:57,10.87,0.01,39,42393,买盘
1988,11:22:48,10.86,--,181,196566,买盘
1989,11:22:45,10.86,--,300,325800,买盘
1990,11:22:33,10.86,0.01,514,558204,买盘
1991,11:22:30,10.85,-0.01,1,1085,卖盘
1992,11:22:27,10.86,--,1,1086,买盘
1993,11:22:24,10.86,--,51,55386,买盘
1994,11:22:21,10.86,0.01,8,8688,买盘
1995,11:22:03,10.85,-0.01,2,2170,卖盘
1996,11:22:00,10.86,0.01,15,16290,买盘
1997,11:21:57,10.85,-0.01,38,41230,卖盘
1998,11:21:54,10.86,--,1,1086,买盘
1999,11:21:51,10.86,--,43,46698,买盘
2000,11:21:39,10.86,--,10,10860,买盘
2001,11:21:33,10.86,0.01,4,4344,买盘
2002,11:21:30,10.85,-0.01,4,4340,卖盘
2003,11:21:24,10.86,--,1,1086,买盘
2004,11:21:21,10.86,--,14,15204,买盘
2005,11:21:06,10.86,0.01,28,30408,买盘
2006,11:21:00,10.85,--,27,29295,卖盘
2007,11:20:57,10.85,-0.01,707,767095,卖盘
2008,11:20:54,10.86,--,1,1086,买盘
2009,11:20:51,10.86,0.01,1,1086,买盘
2010,11:20:48,10.85,-0.01,8,8680,卖盘
2011,11:20:45,10.86,--,2,2172,买盘
2012,11:20:42,10.86,0.01,7,7602,买盘
2013,11:20:39,10.85,--,28,30380,卖盘
2014,11:20:33,10.85,--,4,4340,卖盘
2015,11:20:30,10.85,-0.01,10,10850,卖盘
2016,11:20:24,10.86,--,11,11946,买盘
2017,11:20:15,10.86,0.01,73,79278,买盘
2018,11:20:06,10.85,--,1,1085,卖盘
2019,11:20:00,10.85,-0.01,14,15190,卖盘
2020,11:19:57,10.86,-0.01,16,17376,卖盘
2021,11:19:51,10.87,--,6,6521,买盘
2022,11:19:48,10.87,0.02,17,18479,买盘
2023,11:19:39,10.85,--,5,5425,卖盘
2024,11:19:33,10.85,--,4,4340,卖盘
2025,11:19:27,10.85,-0.02,5,5425,卖盘
2026,11:19:15,10.87,0.01,55,59784,买盘
2027,11:19:09,10.86,0.01,14,15204,买盘
2028,11:19:06,10.85,--,7,7595,卖盘
2029,11:19:00,10.85,--,2,2170,卖盘
2030,11:18:57,10.85,--,6,6510,卖盘
2031,11:18:54,10.85,-0.01,65,70525,卖盘
2032,11:18:51,10.86,0.01,6,6516,买盘
2033,11:18:45,10.85,-0.01,13,14105,卖盘
2034,11:18:36,10.86,0.01,14,15204,买盘
2035,11:18:33,10.85,-0.01,1,1085,卖盘
2036,11:18:30,10.86,0.01,26,28236,买盘
2037,11:18:27,10.85,--,10,10850,买盘
2038,11:18:21,10.85,0.01,40,43400,买盘
2039,11:18:18,10.84,-0.01,74,80216,卖盘
2040,11:18:09,10.85,0.01,51,55335,买盘
2041,11:18:03,10.84,-0.01,1,1084,卖盘
2042,11:18:00,10.85,--,50,54250,买盘
2043,11:17:51,10.85,--,1,1085,买盘
2044,11:17:48,10.85,-0.01,188,203980,卖盘
2045,11:17:45,10.86,0.01,10,10860,买盘
2046,11:17:33,10.85,-0.01,10,10850,卖盘
2047,11:17:30,10.86,0.01,20,21720,买盘
2048,11:17:27,10.85,-0.01,12,13020,卖盘
2049,11:17:24,10.86,0.01,15,16290,买盘
2050,11:17:18,10.85,--,1,1085,卖盘
2051,11:17:09,10.85,--,415,450275,买盘
2052,11:17:06,10.85,--,1010,1095850,买盘
2053,11:17:03,10.85,--,14,15190,买盘
2054,11:16:57,10.85,--,14,15190,买盘
2055,11:16:54,10.85,--,1,1085,买盘
2056,11:16:51,10.85,--,1,1085,买盘
2057,11:16:48,10.85,0.01,10,10850,买盘
2058,11:16:45,10.84,-0.01,2,2168,卖盘
2059,11:16:42,10.85,--,10,10850,买盘
2060,11:16:36,10.85,0.01,13,14105,买盘
2061,11:16:33,10.84,-0.01,1,1084,卖盘
2062,11:16:30,10.85,--,16,17360,买盘
2063,11:16:24,10.85,0.01,1,1085,买盘
2064,11:16:21,10.84,--,6,6504,卖盘
2065,11:16:18,10.84,-0.01,1,1084,卖盘
2066,11:16:15,10.85,0.01,14,15190,买盘
2067,11:16:06,10.84,--,8,8672,卖盘
2068,11:16:03,10.84,-0.01,1,1084,卖盘
2069,11:15:51,10.85,0.01,22,23870,买盘
2070,11:15:42,10.84,-0.01,30,32520,卖盘
2071,11:15:39,10.85,--,20,21700,买盘
2072,11:15:33,10.85,--,18,19530,买盘
2073,11:15:18,10.85,--,102,110670,买盘
2074,11:15:15,10.85,--,1,1085,买盘
2075,11:15:12,10.85,0.01,16,17360,买盘
2076,11:15:06,10.84,--,1,1084,卖盘
2077,11:15:00,10.84,-0.01,4,4336,卖盘
2078,11:14:57,10.85,--,1,1085,买盘
2079,11:14:54,10.85,--,22,23870,买盘
2080,11:14:51,10.85,-0.01,431,467635,卖盘
2081,11:14:42,10.86,--,5,5430,买盘
2082,11:14:39,10.86,--,20,21720,买盘
2083,11:14:36,10.86,0.01,100,108600,买盘
2084,11:14:33,10.85,-0.01,1,1085,卖盘
2085,11:14:30,10.86,--,13,14118,买盘
2086,11:14:21,10.86,0.01,151,163986,买盘
2087,11:14:09,10.85,-0.01,209,226765,卖盘
2088,11:14:06,10.86,--,50,54300,买盘
2089,11:14:03,10.86,0.01,31,33666,买盘
2090,11:14:00,10.85,-0.01,14,15190,卖盘
2091,11:13:51,10.86,--,1,1086,买盘
2092,11:13:45,10.86,0.01,500,543000,买盘
2093,11:13:33,10.85,-0.01,1,1085,卖盘
2094,11:13:27,10.86,0.01,12,13032,买盘
2095,11:13:18,10.85,-0.01,2,2170,卖盘
2096,11:13:15,10.86,--,10,10860,买盘
2097,11:13:06,10.86,0.01,14,15204,买盘
2098,11:13:00,10.85,-0.01,32,34720,卖盘
2099,11:12:51,10.86,0.01,1,1086,买盘
2100,11:12:42,10.85,--,20,21700,卖盘
2101,11:12:39,10.85,-0.01,26,28210,卖盘
2102,11:12:33,10.86,0.01,15,16290,买盘
2103,11:12:30,10.85,-0.01,7,7595,卖盘
2104,11:12:24,10.86,--,7,7602,买盘
2105,11:12:21,10.86,0.01,20,21720,买盘
2106,11:12:18,10.85,-0.01,102,110670,卖盘
2107,11:12:15,10.86,0.01,65,70590,买盘
2108,11:12:00,10.85,-0.01,1,1085,卖盘
2109,11:11:57,10.86,--,50,54300,买盘
2110,11:11:51,10.86,--,1,1086,买盘
2111,11:11:42,10.86,--,50,54300,买盘
2112,11:11:39,10.86,0.01,13,14118,买盘
2113,11:11:33,10.85,--,1,1085,卖盘
2114,11:11:27,10.85,--,1,1085,卖盘
2115,11:11:18,10.85,-0.01,1,1085,卖盘
2116,11:11:12,10.86,--,28,30408,买盘
2117,11:11:09,10.86,0.01,1,1086,买盘
2118,11:11:06,10.85,--,1,1085,卖盘
2119,11:11:03,10.85,--,1,1085,卖盘
2120,11:11:00,10.85,-0.01,46,49910,卖盘
2121,11:10:54,10.86,0.01,14,15204,买盘
2122,11:10:51,10.85,--,8,8680,卖盘
2123,11:10:48,10.85,--,3,3255,卖盘
2124,11:10:45,10.85,--,18,19530,卖盘
2125,11:10:39,10.85,--,187,202895,卖盘
2126,11:10:36,10.85,--,10,10850,卖盘
2127,11:10:33,10.85,-0.01,2,2170,卖盘
2128,11:10:30,10.86,0.01,14,15204,买盘
2129,11:10:27,10.85,--,3,3255,卖盘
2130,11:10:21,10.85,--,11,11935,卖盘
2131,11:10:18,10.85,--,12,13020,卖盘
2132,11:10:15,10.85,--,3,3255,卖盘
2133,11:10:03,10.85,--,4,4340,卖盘
2134,11:10:00,10.85,--,33,35805,卖盘
2135,11:09:54,10.85,--,24,26040,卖盘
2136,11:09:51,10.85,--,19,20615,卖盘
2137,11:09:45,10.85,--,61,66185,卖盘
2138,11:09:42,10.85,--,15,16275,卖盘
2139,11:09:33,10.85,--,5,5425,卖盘
2140,11:09:27,10.85,--,8,8680,卖盘
2141,11:09:24,10.85,--,10,10850,卖盘
2142,11:09:21,10.85,--,3,3255,卖盘
2143,11:09:18,10.85,--,1,1085,卖盘
2144,11:09:15,10.85,--,50,54250,卖盘
2145,11:09:09,10.85,--,4,4340,卖盘
2146,11:09:06,10.85,--,1,1085,卖盘
2147,11:09:03,10.85,--,1,1085,卖盘
2148,11:08:57,10.85,-0.01,3,3255,卖盘
2149,11:08:51,10.86,0.01,101,109686,买盘
2150,11:08:48,10.85,--,3,3255,卖盘
2151,11:08:36,10.85,--,4,4340,卖盘
2152,11:08:33,10.85,--,2,2170,卖盘
2153,11:08:27,10.85,--,3,3255,卖盘
2154,11:08:18,10.85,--,1,1085,卖盘
2155,11:08:15,10.85,--,3,3255,卖盘
2156,11:08:12,10.85,--,2,2170,卖盘
2157,11:08:09,10.85,--,10,10850,卖盘
2158,11:08:03,10.85,--,15,16275,卖盘
2159,11:08:00,10.85,--,1,1085,卖盘
2160,11:07:51,10.85,--,7,7595,卖盘
2161,11:07:48,10.85,--,21,22785,卖盘
2162,11:07:45,10.85,--,113,122605,卖盘
2163,11:07:42,10.85,--,15,16275,卖盘
2164,11:07:36,10.85,--,36,39060,卖盘
2165,11:07:33,10.85,--,11,11935,卖盘
2166,11:07:30,10.85,--,6,6510,卖盘
2167,11:07:18,10.85,-0.01,5,5425,卖盘
2168,11:07:09,10.86,0.01,10,10860,买盘
2169,11:07:00,10.85,--,1,1085,卖盘
2170,11:06:57,10.85,-0.01,9,9765,卖盘
2171,11:06:51,10.86,0.01,201,218286,买盘
2172,11:06:48,10.85,--,5,5425,卖盘
2173,11:06:45,10.85,--,10,10850,卖盘
2174,11:06:39,10.85,--,7,7595,卖盘
2175,11:06:36,10.85,--,21,22785,卖盘
2176,11:06:33,10.85,--,2,2170,卖盘
2177,11:06:30,10.85,-0.01,12,13020,卖盘
2178,11:06:18,10.86,0.01,3,3258,买盘
2179,11:06:15,10.85,--,6,6510,卖盘
2180,11:06:06,10.85,-0.01,24,26040,卖盘
2181,11:06:03,10.86,0.01,5,5430,买盘
2182,11:06:00,10.85,--,1,1085,卖盘
2183,11:05:54,10.85,-0.01,21,22785,卖盘
2184,11:05:51,10.86,0.01,14,15204,买盘
2185,11:05:45,10.85,--,6,6510,卖盘
2186,11:05:42,10.85,--,10,10850,卖盘
2187,11:05:39,10.85,-0.01,1,1085,卖盘
2188,11:05:33,10.86,--,17,18462,买盘
2189,11:05:30,10.86,0.02,14,15204,买盘
2190,11:05:18,10.84,-0.02,2,2168,卖盘
2191,11:05:15,10.86,0.01,508,551688,买盘
2192,11:05:12,10.85,--,12,13020,买盘
2193,11:05:06,10.85,-0.01,6,6510,卖盘
2194,11:05:03,10.86,0.01,8,8688,买盘
2195,11:05:00,10.85,-0.01,50,54250,卖盘
2196,11:04:54,10.86,--,100,108600,买盘
2197,11:04:51,10.86,--,6,6516,买盘
2198,11:04:48,10.86,0.01,126,136836,买盘
2199,11:04:45,10.85,--,53,57505,卖盘
2200,11:04:33,10.85,--,2,2170,卖盘
2201,11:04:18,10.85,--,51,55335,卖盘
2202,11:04:15,10.85,--,25,27125,卖盘
2203,11:04:09,10.85,--,3,3255,卖盘
2204,11:04:03,10.85,-0.01,10,10850,卖盘
2205,11:03:51,10.86,0.01,1,1086,买盘
2206,11:03:45,10.85,--,1,1085,卖盘
2207,11:03:42,10.85,--,18,20061,卖盘
2208,11:03:39,10.85,--,6,6510,卖盘
2209,11:03:36,10.85,0.01,3,3255,卖盘
2210,11:03:33,10.84,--,40,43360,卖盘
2211,11:03:30,10.84,-0.02,7,7588,卖盘
2212,11:03:27,10.86,0.01,500,543000,买盘
2213,11:03:24,10.85,--,287,311395,卖盘
2214,11:03:18,10.85,--,1,1085,卖盘
2215,11:03:15,10.85,--,22,23870,买盘
2216,11:03:12,10.85,--,284,308140,卖盘
2217,11:03:09,10.85,--,19,20615,卖盘
2218,11:03:06,10.85,--,41,44485,卖盘
2219,11:03:03,10.85,--,1,1085,卖盘
2220,11:03:00,10.85,-0.01,3,3255,卖盘
2221,11:02:57,10.86,0.01,51,55386,买盘
2222,11:02:51,10.85,--,4,4340,卖盘
2223,11:02:48,10.85,-0.01,33,35805,卖盘
2224,11:02:42,10.86,--,10,10860,买盘
2225,11:02:39,10.86,-0.01,857,931168,卖盘
2226,11:02:33,10.87,0.01,11,11957,买盘
2227,11:02:30,10.86,-0.01,24,26064,卖盘
2228,11:02:27,10.87,0.01,101,109786,买盘
2229,11:02:24,10.86,-0.01,23,24978,卖盘
2230,11:02:18,10.87,0.01,56,60871,买盘
2231,11:02:15,10.86,--,6,6516,卖盘
2232,11:02:12,10.86,--,9,9774,卖盘
2233,11:02:06,10.86,--,41,44526,卖盘
2234,11:02:03,10.86,-0.01,1,1086,卖盘
2235,11:02:00,10.87,--,11,11957,买盘
2236,11:01:57,10.87,--,200,217399,买盘
2237,11:01:51,10.87,0.01,1,1087,买盘
2238,11:01:48,10.86,--,3,3258,卖盘
2239,11:01:33,10.86,--,1,1086,卖盘
2240,11:01:30,10.86,--,45,48870,卖盘
2241,11:01:21,10.86,--,51,55386,卖盘
2242,11:01:18,10.86,--,38,41268,卖盘
2243,11:01:12,10.86,--,27,29322,卖盘
2244,11:01:09,10.86,--,18,19548,卖盘
2245,11:01:00,10.86,-0.01,4,4344,卖盘
2246,11:00:54,10.87,--,22,23914,买盘
2247,11:00:51,10.87,--,3,3260,买盘
2248,11:00:45,10.87,--,15,16304,买盘
2249,11:00:42,10.87,0.01,22,23914,买盘
2250,11:00:39,10.86,--,2,2172,卖盘
2251,11:00:30,10.86,--,1,1086,卖盘
2252,11:00:27,10.86,--,102,110772,卖盘
2253,11:00:24,10.86,--,11,11946,卖盘
2254,11:00:21,10.86,-0.01,21,23359,卖盘
2255,11:00:18,10.87,0.01,3,3260,买盘
2256,11:00:15,10.86,-0.01,17,18462,卖盘
2257,11:00:12,10.87,0.01,25,27174,买盘
2258,11:00:06,10.86,-0.01,4,4344,卖盘
2259,11:00:03,10.87,0.01,10,10870,买盘
2260,11:00:00,10.86,-0.01,2,2172,卖盘
2261,10:59:57,10.87,0.01,20,21740,买盘
2262,10:59:54,10.86,-0.01,10,10860,卖盘
2263,10:59:51,10.87,--,5,5435,买盘
2264,10:59:42,10.87,--,22,23914,买盘
2265,10:59:39,10.87,0.01,25,27174,买盘
2266,10:59:33,10.86,-0.01,3,3258,卖盘
2267,10:59:30,10.87,--,50,54349,买盘
2268,10:59:27,10.87,--,39,42393,买盘
2269,10:59:24,10.87,0.01,64,69568,买盘
2270,10:59:21,10.86,-0.01,3,3258,卖盘
2271,10:59:15,10.87,0.01,10,10870,买盘
2272,10:59:09,10.86,-0.01,10,10860,卖盘
2273,10:59:03,10.87,0.01,22,23914,买盘
2274,10:59:00,10.86,--,4,4344,卖盘
2275,10:58:57,10.86,--,35,38075,卖盘
2276,10:58:48,10.86,-0.01,2,2172,卖盘
2277,10:58:45,10.87,--,14,15217,买盘
2278,10:58:39,10.87,0.01,5,5435,买盘
2279,10:58:36,10.86,--,2,2172,卖盘
2280,10:58:33,10.86,--,34,36924,卖盘
2281,10:58:27,10.86,-0.01,18,19548,卖盘
2282,10:58:24,10.87,--,14,15217,买盘
2283,10:58:18,10.87,0.01,3,3260,买盘
2284,10:58:15,10.86,-0.01,2,2172,卖盘
2285,10:58:12,10.87,0.01,4,4348,买盘
2286,10:58:09,10.86,--,25,27150,卖盘
2287,10:58:03,10.86,-0.02,182,198520,卖盘
2288,10:58:00,10.88,0.01,24,26112,买盘
2289,10:57:57,10.87,--,20,21740,卖盘
2290,10:57:54,10.87,-0.01,11,11957,卖盘
2291,10:57:51,10.88,0.01,10,10880,买盘
2292,10:57:42,10.87,-0.01,8,8696,卖盘
2293,10:57:36,10.88,--,13,14144,买盘
2294,10:57:33,10.88,0.01,9,9792,买盘
2295,10:57:30,10.87,-0.01,72,78264,卖盘
2296,10:57:21,10.88,0.01,46,50048,买盘
2297,10:57:12,10.87,--,10,10870,卖盘
2298,10:57:09,10.87,-0.01,8,8696,卖盘
2299,10:57:03,10.88,--,64,69632,买盘
2300,10:57:00,10.88,0.01,43,46784,买盘
2301,10:56:57,10.87,-0.01,86,93482,卖盘
2302,10:56:54,10.88,0.01,34,36992,买盘
2303,10:56:51,10.87,-0.01,1,1087,卖盘
2304,10:56:48,10.88,--,28,30464,买盘
2305,10:56:39,10.88,0.01,10,10880,买盘
2306,10:56:36,10.87,--,2,2174,卖盘
2307,10:56:33,10.87,-0.01,1,1087,卖盘
2308,10:56:30,10.88,0.01,34,36992,买盘
2309,10:56:24,10.87,--,10,10870,卖盘
2310,10:56:21,10.87,--,50,54349,卖盘
2311,10:56:18,10.87,-0.01,3,3260,卖盘
2312,10:56:15,10.88,0.01,4,4352,买盘
2313,10:56:09,10.87,--,132,143484,卖盘
2314,10:56:06,10.87,--,1,1087,卖盘
2315,10:56:03,10.87,--,2,2174,卖盘
2316,10:56:00,10.87,--,2,2174,卖盘
2317,10:55:57,10.87,--,1,1304,卖盘
2318,10:55:54,10.87,--,2,2174,卖盘
2319,10:55:51,10.87,--,10,10870,卖盘
2320,10:55:48,10.87,--,2,2174,卖盘
2321,10:55:42,10.87,--,683,742421,买盘
2322,10:55:36,10.87,0.01,126,136962,买盘
2323,10:55:33,10.86,--,1,1086,卖盘
2324,10:55:27,10.86,--,121,131406,卖盘
2325,10:55:21,10.86,-0.01,5,5430,卖盘
2326,10:55:18,10.87,--,3,3260,买盘
2327,10:55:15,10.87,0.01,13,14130,买盘
2328,10:55:00,10.86,--,25,27150,卖盘
2329,10:54:39,10.86,-0.01,150,162900,卖盘
2330,10:54:36,10.87,--,3,3260,买盘
2331,10:54:33,10.87,--,2,2174,买盘
2332,10:54:30,10.87,--,8,8696,买盘
2333,10:54:27,10.87,--,11,11957,买盘
2334,10:54:18,10.87,0.02,49,53262,买盘
2335,10:54:06,10.85,--,1,1085,卖盘
2336,10:54:00,10.85,--,15,16275,卖盘
2337,10:53:54,10.85,0.01,22,23870,卖盘
2338,10:53:48,10.84,-0.01,444,481296,卖盘
2339,10:53:45,10.85,--,120,130200,买盘
2340,10:53:39,10.85,--,14,15190,买盘
2341,10:53:36,10.85,0.01,429,465465,买盘
2342,10:53:33,10.84,--,1,1084,卖盘
2343,10:53:30,10.84,-0.01,23,24932,卖盘
2344,10:53:27,10.85,--,110,119350,买盘
2345,10:53:21,10.85,0.01,14,15190,买盘
2346,10:53:18,10.84,-0.01,13,14092,卖盘
2347,10:53:15,10.85,0.01,15,16275,买盘
2348,10:53:09,10.84,--,103,111652,卖盘
2349,10:53:06,10.84,-0.01,11,11924,卖盘
2350,10:53:03,10.85,0.01,13,14105,买盘
2351,10:52:57,10.84,--,26,28184,卖盘
2352,10:52:54,10.84,-0.01,19,20596,卖盘
2353,10:52:51,10.85,--,33,35805,买盘
2354,10:52:48,10.85,--,25,27125,买盘
2355,10:52:42,10.85,0.01,145,157325,买盘
2356,10:52:36,10.84,--,15,16260,卖盘
2357,10:52:33,10.84,--,54,58536,卖盘
2358,10:52:30,10.84,-0.01,1,1084,卖盘
2359,10:52:24,10.85,--,18,19530,买盘
2360,10:52:21,10.85,--,10,10850,买盘
2361,10:52:18,10.85,--,21,22785,买盘
2362,10:52:12,10.85,--,458,496930,卖盘
2363,10:52:09,10.85,--,10,10850,卖盘
2364,10:52:06,10.85,--,1,1085,卖盘
2365,10:52:03,10.85,--,62,67270,卖盘
2366,10:51:54,10.85,-0.01,25,27125,卖盘
2367,10:51:48,10.86,0.01,109,118374,买盘
2368,10:51:42,10.85,--,10,10850,卖盘
2369,10:51:39,10.85,--,277,300545,卖盘
2370,10:51:33,10.85,-0.01,1,1085,卖盘
2371,10:51:27,10.86,0.01,16,17376,买盘
2372,10:51:21,10.85,-0.01,50,54250,卖盘
2373,10:51:18,10.86,0.01,22,23892,买盘
2374,10:51:09,10.85,-0.01,13,14105,卖盘
2375,10:51:03,10.86,--,11,11946,买盘
2376,10:51:00,10.86,0.01,14,15204,买盘
2377,10:50:51,10.85,-0.01,10,10850,卖盘
2378,10:50:48,10.86,0.01,7,7602,买盘
2379,10:50:42,10.85,-0.01,20,21700,卖盘
2380,10:50:39,10.86,--,49,53214,买盘
2381,10:50:36,10.86,0.01,10,10860,买盘
2382,10:50:30,10.85,-0.01,1,1085,卖盘
2383,10:50:24,10.86,--,23,24978,买盘
2384,10:50:21,10.86,--,32,34752,买盘
2385,10:50:18,10.86,-0.01,107,116202,卖盘
2386,10:50:15,10.87,--,34,36958,买盘
2387,10:50:12,10.87,0.01,14,15217,买盘
2388,10:50:06,10.86,--,58,62988,卖盘
2389,10:50:03,10.86,-0.01,15,16290,卖盘
2390,10:49:57,10.87,--,262,284794,买盘
2391,10:49:48,10.87,0.01,8,8696,买盘
2392,10:49:42,10.86,-0.01,93,100998,卖盘
2393,10:49:39,10.87,0.01,14,15217,买盘
2394,10:49:36,10.86,--,57,61902,卖盘
2395,10:49:33,10.86,--,2,2172,卖盘
2396,10:49:30,10.86,--,47,51042,卖盘
2397,10:49:27,10.86,--,37,40182,卖盘
2398,10:49:24,10.86,--,172,186792,卖盘
2399,10:49:21,10.86,--,154,167244,卖盘
2400,10:49:12,10.86,0.02,352,382272,买盘
2401,10:49:03,10.84,--,33,35772,卖盘
2402,10:49:00,10.84,-0.01,3,3252,卖盘
2403,10:48:54,10.85,-0.01,808,876680,卖盘
2404,10:48:51,10.86,--,61,66246,卖盘
2405,10:48:48,10.86,--,20,21720,卖盘
2406,10:48:45,10.86,--,1,1086,卖盘
2407,10:48:42,10.86,-0.01,28,30408,卖盘
2408,10:48:39,10.87,--,4,4348,买盘
2409,10:48:33,10.87,0.01,41,44567,买盘
2410,10:48:27,10.86,--,18,19548,卖盘
2411,10:48:24,10.86,--,23,24978,卖盘
2412,10:48:18,10.86,--,13,14118,卖盘
2413,10:48:15,10.86,-0.01,4,4344,卖盘
2414,10:48:09,10.87,0.01,56,60871,买盘
2415,10:48:06,10.86,--,33,35838,卖盘
2416,10:48:03,10.86,--,60,65160,卖盘
2417,10:47:54,10.86,--,3,3258,卖盘
2418,10:47:51,10.86,-0.01,11,11946,卖盘
2419,10:47:48,10.87,--,8,8696,买盘
2420,10:47:45,10.87,0.01,20,21740,买盘
2421,10:47:42,10.86,--,4,4344,卖盘
2422,10:47:39,10.86,--,91,98826,卖盘
2423,10:47:36,10.86,--,26,28236,卖盘
2424,10:47:33,10.86,--,5,5430,卖盘
2425,10:47:21,10.86,-0.01,3,3258,卖盘
2426,10:47:15,10.87,0.01,14,15217,买盘
2427,10:47:09,10.86,--,43,46698,卖盘
2428,10:47:06,10.86,--,101,109686,卖盘
2429,10:47:03,10.86,--,1,1086,卖盘
2430,10:47:00,10.86,--,107,116202,卖盘
2431,10:46:57,10.86,-0.01,4,4344,卖盘
2432,10:46:51,10.87,0.01,9,9783,买盘
2433,10:46:48,10.86,-0.01,3,3258,卖盘
2434,10:46:45,10.87,--,102,110873,卖盘
2435,10:46:42,10.87,-0.01,58,63045,卖盘
2436,10:46:39,10.88,0.01,15,16320,买盘
2437,10:46:36,10.87,--,18,19566,卖盘
2438,10:46:33,10.87,--,1,1087,卖盘
2439,10:46:30,10.87,-0.01,14,15217,卖盘
2440,10:46:27,10.88,0.01,16,17408,买盘
2441,10:46:24,10.87,--,3,3260,卖盘
2442,10:46:15,10.87,-0.01,3,3260,卖盘
2443,10:46:12,10.88,--,35,38080,买盘
2444,10:46:09,10.88,--,16,17408,买盘
2445,10:46:06,10.88,--,72,78336,买盘
2446,10:46:03,10.88,--,658,715904,卖盘
2447,10:46:00,10.88,--,20,21760,卖盘
2448,10:45:54,10.88,--,95,103360,卖盘
2449,10:45:51,10.88,--,1,1088,卖盘
2450,10:45:45,10.88,--,10,10880,卖盘
2451,10:45:33,10.88,-0.01,8,8704,卖盘
2452,10:45:27,10.89,0.01,14,15246,买盘
2453,10:45:24,10.88,--,22,23936,卖盘
2454,10:45:15,10.88,--,6,6528,卖盘
2455,10:45:12,10.88,--,10,10880,卖盘
2456,10:45:09,10.88,--,49,53312,卖盘
2457,10:45:06,10.88,--,1,1088,卖盘
2458,10:45:03,10.88,--,1,1088,卖盘
2459,10:44:57,10.88,--,65,70720,卖盘
2460,10:44:54,10.88,--,24,26112,卖盘
2461,10:44:51,10.88,--,1,1088,卖盘
2462,10:44:48,10.88,-0.01,2,2176,卖盘
2463,10:44:45,10.89,--,64,69696,买盘
2464,10:44:42,10.89,0.01,1,1089,买盘
2465,10:44:33,10.88,-0.01,1,1088,卖盘
2466,10:44:27,10.89,0.01,13,14157,买盘
2467,10:44:24,10.88,-0.01,10,10880,卖盘
2468,10:44:18,10.89,--,202,219978,买盘
2469,10:44:12,10.89,--,7,7623,买盘
2470,10:44:06,10.89,--,13,14157,买盘
2471,10:44:03,10.89,0.01,19,20691,买盘
2472,10:44:00,10.88,--,10,10880,卖盘
2473,10:43:57,10.88,-0.01,20,21760,卖盘
2474,10:43:51,10.89,--,21,22869,买盘
2475,10:43:48,10.89,0.01,18,19602,买盘
2476,10:43:42,10.88,-0.01,523,569024,卖盘
2477,10:43:36,10.89,0.01,7,7623,买盘
2478,10:43:33,10.88,-0.02,2,2176,卖盘
2479,10:43:27,10.9,0.01,93,101370,买盘
2480,10:43:24,10.89,-0.01,10,10890,卖盘
2481,10:43:21,10.9,--,7,7630,买盘
2482,10:43:18,10.9,--,279,304110,买盘
2483,10:43:12,10.9,--,266,289940,买盘
2484,10:43:09,10.9,--,11,11990,买盘
2485,10:43:06,10.9,0.01,15,16350,买盘
2486,10:43:03,10.89,--,1,1089,卖盘
2487,10:43:00,10.89,--,29,31581,卖盘
2488,10:42:57,10.89,-0.01,1,1089,卖盘
2489,10:42:51,10.9,--,40,43600,买盘
2490,10:42:48,10.9,0.01,32,34880,买盘
2491,10:42:45,10.89,--,33,35937,卖盘
2492,10:42:42,10.89,-0.01,16,17424,卖盘
2493,10:42:36,10.9,0.01,1,1090,买盘
2494,10:42:33,10.89,--,21,22869,卖盘
2495,10:42:30,10.89,--,2,2178,卖盘
2496,10:42:24,10.89,--,50,54450,卖盘
2497,10:42:21,10.89,-0.01,112,121968,卖盘
2498,10:42:18,10.9,0.01,300,327000,买盘
2499,10:42:15,10.89,--,133,144837,卖盘
2500,10:42:03,10.89,--,21,22869,卖盘
2501,10:41:57,10.89,--,32,34848,卖盘
2502,10:41:54,10.89,--,24,26136,卖盘
2503,10:41:48,10.89,--,18,19602,卖盘
2504,10:41:45,10.89,-0.01,60,65340,卖盘
2505,10:41:42,10.9,--,18,19620,买盘
2506,10:41:36,10.9,--,111,120990,买盘
2507,10:41:33,10.9,0.01,2,2180,买盘
2508,10:41:30,10.89,-0.01,5,5445,卖盘
2509,10:41:27,10.9,0.01,19,20710,买盘
2510,10:41:24,10.89,--,19,20691,卖盘
2511,10:41:21,10.89,--,10,10890,卖盘
2512,10:41:18,10.89,--,15,16335,卖盘
2513,10:41:15,10.89,--,319,347391,卖盘
2514,10:41:12,10.89,-0.01,15,16335,卖盘
2515,10:41:09,10.9,0.01,13,14170,买盘
2516,10:41:06,10.89,--,6,6534,卖盘
2517,10:41:03,10.89,--,50,54450,卖盘
2518,10:41:00,10.89,-0.01,2,2178,卖盘
2519,10:40:57,10.9,--,899,980455,卖盘
2520,10:40:54,10.9,--,142,154780,卖盘
2521,10:40:45,10.9,--,65,70850,卖盘
2522,10:40:42,10.9,--,36,39240,卖盘
2523,10:40:39,10.9,--,30,32700,卖盘
2524,10:40:36,10.9,0.01,251,274135,买盘
2525,10:40:33,10.89,-0.01,1,1089,卖盘
2526,10:40:30,10.9,0.01,12,13080,买盘
2527,10:40:27,10.89,-0.01,1,1089,卖盘
2528,10:40:24,10.9,--,200,218000,买盘
2529,10:40:21,10.9,0.01,200,218000,买盘
2530,10:40:18,10.89,-0.01,49,53361,卖盘
2531,10:40:12,10.9,--,15,16350,买盘
2532,10:40:09,10.9,0.01,178,194020,买盘
2533,10:40:06,10.89,--,1,1089,卖盘
2534,10:40:03,10.89,-0.01,1,1089,卖盘
2535,10:39:57,10.9,--,126,137340,买盘
2536,10:39:54,10.9,--,31,33790,买盘
2537,10:39:51,10.9,--,20,21800,买盘
2538,10:39:48,10.9,--,126,137340,买盘
2539,10:39:45,10.9,--,405,441995,卖盘
2540,10:39:42,10.9,--,178,194020,卖盘
2541,10:39:39,10.9,--,114,124260,卖盘
2542,10:39:33,10.9,--,1,1090,卖盘
2543,10:39:30,10.9,--,12,13080,卖盘
2544,10:39:27,10.9,--,209,228355,买盘
2545,10:39:24,10.9,0.01,57,62130,买盘
2546,10:39:21,10.89,-0.01,7,7623,卖盘
2547,10:39:15,10.9,-0.01,87,95375,卖盘
2548,10:39:12,10.91,0.01,13,14183,买盘
2549,10:39:09,10.9,--,30,32700,卖盘
2550,10:39:06,10.9,-0.01,8,8720,卖盘
2551,10:39:03,10.91,0.01,128,139648,买盘
2552,10:39:00,10.9,-0.01,25,27250,卖盘
2553,10:38:54,10.91,0.01,306,333846,买盘
2554,10:38:45,10.9,--,74,80660,卖盘
2555,10:38:42,10.9,--,3,3270,卖盘
2556,10:38:39,10.9,--,165,180395,买盘
2557,10:38:36,10.9,0.01,79,86110,买盘
2558,10:38:33,10.89,--,1,1089,卖盘
2559,10:38:30,10.89,--,316,344124,卖盘
2560,10:38:24,10.89,-0.01,10,10890,卖盘
2561,10:38:09,10.9,0.01,14,15260,买盘
2562,10:38:03,10.89,-0.01,10,10890,卖盘
2563,10:38:00,10.9,0.01,45,49050,买盘
2564,10:37:57,10.89,--,16,17424,卖盘
2565,10:37:54,10.89,-0.01,15,16335,卖盘
2566,10:37:51,10.9,--,18,19620,买盘
2567,10:37:45,10.9,--,5,5450,买盘
2568,10:37:42,10.9,--,40,43600,买盘
2569,10:37:39,10.9,--,13,14170,买盘
2570,10:37:33,10.9,--,320,348800,买盘
2571,10:37:24,10.9,0.01,255,277950,买盘
2572,10:37:21,10.89,-0.01,31,33759,卖盘
2573,10:37:18,10.9,--,28,30520,买盘
2574,10:37:09,10.9,--,14,15260,买盘
2575,10:37:03,10.9,0.01,167,182030,买盘
2576,10:37:00,10.89,--,6,6534,卖盘
2577,10:36:57,10.89,--,4,4356,卖盘
2578,10:36:54,10.89,-0.01,7,7623,卖盘
2579,10:36:51,10.9,--,21,22890,买盘
2580,10:36:48,10.9,0.01,16,17440,买盘
2581,10:36:45,10.89,-0.01,3,3267,卖盘
2582,10:36:42,10.9,--,11,11990,买盘
2583,10:36:33,10.9,0.01,42,45780,买盘
2584,10:36:30,10.89,-0.01,1,1089,卖盘
2585,10:36:21,10.9,--,29,31610,买盘
2586,10:36:15,10.9,--,841,916690,买盘
2587,10:36:09,10.9,0.01,5,5450,买盘
2588,10:36:06,10.89,--,1,1089,卖盘
2589,10:36:03,10.89,-0.01,1,1089,卖盘
2590,10:35:57,10.9,--,197,214730,买盘
2591,10:35:51,10.9,--,1,1090,买盘
2592,10:35:48,10.9,--,20,21800,买盘
2593,10:35:36,10.9,--,150,163500,买盘
2594,10:35:33,10.9,0.01,95,103550,买盘
2595,10:35:21,10.89,-0.01,4,4356,卖盘
2596,10:35:15,10.9,0.01,5,5450,买盘
2597,10:35:12,10.89,-0.01,6,6534,卖盘
2598,10:35:06,10.9,0.01,33,35970,买盘
2599,10:35:03,10.89,--,4,4356,卖盘
2600,10:35:00,10.89,0.01,61,66429,买盘
2601,10:34:57,10.88,--,346,376448,卖盘
2602,10:34:45,10.88,--,683,743104,卖盘
2603,10:34:39,10.88,-0.01,30,32640,卖盘
2604,10:34:36,10.89,0.01,6,6534,买盘
2605,10:34:33,10.88,0.01,11,11968,中性盘
2606,10:34:15,10.87,-0.02,22,23914,卖盘
2607,10:34:12,10.89,0.02,1,1089,买盘
2608,10:34:09,10.87,--,12,13043,卖盘
2609,10:34:06,10.87,-0.02,1,1087,卖盘
2610,10:34:03,10.89,0.02,1,1089,买盘
2611,10:34:00,10.87,-0.02,20,21740,卖盘
2612,10:33:54,10.89,0.01,344,374616,买盘
2613,10:33:48,10.88,--,12,13056,卖盘
2614,10:33:45,10.88,--,5,5440,卖盘
2615,10:33:42,10.88,--,70,76160,卖盘
2616,10:33:39,10.88,--,4,4352,卖盘
2617,10:33:33,10.88,--,1,1088,卖盘
2618,10:33:30,10.88,--,1,1088,卖盘
2619,10:33:27,10.88,--,36,39168,买盘
2620,10:33:24,10.88,0.01,26,28288,买盘
2621,10:33:18,10.87,-0.01,13,14130,卖盘
2622,10:33:15,10.88,--,4,4352,买盘
2623,10:33:12,10.88,--,332,361216,卖盘
2624,10:33:09,10.88,--,11,11968,卖盘
2625,10:33:06,10.88,--,1,1088,卖盘
2626,10:33:03,10.88,0.01,12,13056,卖盘
2627,10:33:00,10.87,--,17,18479,卖盘
2628,10:32:54,10.87,-0.01,236,256531,卖盘
2629,10:32:45,10.88,--,77,83776,买盘
2630,10:32:42,10.88,--,100,108800,买盘
2631,10:32:36,10.88,0.01,11,11968,买盘
2632,10:32:33,10.87,-0.01,61,66307,卖盘
2633,10:32:27,10.88,0.01,25,27200,买盘
2634,10:32:24,10.87,--,60,65219,卖盘
2635,10:32:18,10.87,--,58,63045,卖盘
2636,10:32:15,10.87,-0.01,61,66307,卖盘
2637,10:32:09,10.88,--,14,15232,买盘
2638,10:32:03,10.88,--,6,6528,买盘
2639,10:32:00,10.88,--,18,19584,买盘
2640,10:31:57,10.88,--,14,15232,买盘
2641,10:31:54,10.88,--,5,5440,买盘
2642,10:31:51,10.88,--,1203,1308864,卖盘
2643,10:31:48,10.88,-0.01,12,13056,卖盘
2644,10:31:45,10.89,--,27,29403,买盘
2645,10:31:42,10.89,--,32,34848,买盘
2646,10:31:39,10.89,--,12,13068,买盘
2647,10:31:36,10.89,0.01,28,30492,买盘
2648,10:31:33,10.88,--,1,1088,卖盘
2649,10:31:30,10.88,-0.01,1,1088,卖盘
2650,10:31:27,10.89,--,20,21780,买盘
2651,10:31:24,10.89,--,6,6534,买盘
2652,10:31:21,10.89,--,14,15246,买盘
2653,10:31:18,10.89,--,607,661023,买盘
2654,10:31:09,10.89,0.01,18,19602,买盘
2655,10:31:06,10.88,--,1,1088,卖盘
2656,10:31:03,10.88,--,1,1088,卖盘
2657,10:31:00,10.88,-0.01,44,47872,卖盘
2658,10:30:48,10.89,0.01,5,5445,买盘
2659,10:30:42,10.88,--,20,21760,卖盘
2660,10:30:36,10.88,-0.01,28,30464,卖盘
2661,10:30:33,10.89,0.01,12,13068,买盘
2662,10:30:27,10.88,-0.01,14,15232,卖盘
2663,10:30:24,10.89,--,50,54450,买盘
2664,10:30:09,10.89,0.01,14,15246,买盘
2665,10:30:06,10.88,--,1,1088,卖盘
2666,10:30:03,10.88,-0.01,1,1088,卖盘
2667,10:29:57,10.89,--,104,113256,买盘
2668,10:29:48,10.89,--,62,67518,买盘
2669,10:29:36,10.89,--,30,32670,买盘
2670,10:29:33,10.89,--,80,87120,买盘
2671,10:29:27,10.89,--,13,14157,买盘
2672,10:29:21,10.89,0.01,18,19602,买盘
2673,10:29:06,10.88,--,251,273088,卖盘
2674,10:29:03,10.88,-0.01,1,1088,卖盘
2675,10:28:57,10.89,--,62,67518,买盘
2676,10:28:54,10.89,--,654,712206,卖盘
2677,10:28:51,10.89,-0.01,2,2178,卖盘
2678,10:28:48,10.9,--,14,15260,买盘
2679,10:28:42,10.9,--,1,1090,买盘
2680,10:28:39,10.9,0.01,18,19620,买盘
2681,10:28:33,10.89,-0.01,2,2178,卖盘
2682,10:28:27,10.9,--,13,14170,买盘
2683,10:28:21,10.9,--,7,7630,买盘
2684,10:28:15,10.9,--,451,491590,买盘
2685,10:28:06,10.9,0.01,11,11990,买盘
2686,10:28:03,10.89,--,1,1089,卖盘
2687,10:27:57,10.89,--,8,8712,卖盘
2688,10:27:54,10.89,-0.01,5,5445,卖盘
2689,10:27:51,10.9,--,18,19620,买盘
2690,10:27:45,10.9,0.01,5,5450,买盘
2691,10:27:39,10.89,-0.01,40,43560,卖盘
2692,10:27:36,10.9,--,1,1090,买盘
2693,10:27:33,10.9,--,67,73030,买盘
2694,10:27:30,10.9,--,32,34880,买盘
2695,10:27:27,10.9,0.01,5,5450,买盘
2696,10:27:18,10.89,-0.01,2,2178,卖盘
2697,10:27:15,10.9,--,18,19620,买盘
2698,10:27:12,10.9,--,16,17440,买盘
2699,10:27:09,10.9,0.01,9,9810,买盘
2700,10:27:06,10.89,--,1,1089,卖盘
2701,10:27:03,10.89,-0.01,1,1089,卖盘
2702,10:27:00,10.9,--,18,19620,买盘
2703,10:26:51,10.9,--,9,9810,买盘
2704,10:26:48,10.9,0.01,33,35970,买盘
2705,10:26:45,10.89,-0.01,5,5445,卖盘
2706,10:26:42,10.9,--,27,29430,买盘
2707,10:26:39,10.9,0.01,10,10900,买盘
2708,10:26:30,10.89,--,2,2178,卖盘
2709,10:26:27,10.89,--,5,5445,卖盘
2710,10:26:18,10.89,0.01,520,566280,买盘
2711,10:26:15,10.88,-0.01,25,27200,卖盘
2712,10:26:09,10.89,0.01,14,15246,买盘
2713,10:26:00,10.88,-0.01,11,11968,卖盘
2714,10:25:51,10.89,--,16,17424,买盘
2715,10:25:48,10.89,--,14,15246,买盘
2716,10:25:42,10.89,--,25,27225,买盘
2717,10:25:39,10.89,0.01,18,19602,买盘
2718,10:25:33,10.88,--,6,6528,卖盘
2719,10:25:30,10.88,--,114,124032,卖盘
2720,10:25:24,10.88,--,20,21760,卖盘
2721,10:25:21,10.88,-0.01,7,7616,卖盘
2722,10:25:18,10.89,0.01,78,84942,买盘
2723,10:25:15,10.88,--,119,129472,卖盘
2724,10:25:09,10.88,-0.01,25,27200,卖盘
2725,10:25:06,10.89,0.01,16,17424,买盘
2726,10:25:03,10.88,-0.01,1,1088,卖盘
2727,10:25:00,10.89,0.01,18,19602,买盘
2728,10:24:57,10.88,--,20,21760,卖盘
2729,10:24:54,10.88,0.01,1,1088,中性盘
2730,10:24:39,10.87,--,15,16304,卖盘
2731,10:24:36,10.87,-0.01,214,232617,卖盘
2732,10:24:33,10.88,0.01,56,60928,买盘
2733,10:24:30,10.87,-0.01,1,1087,卖盘
2734,10:24:27,10.88,--,10,10880,买盘
2735,10:24:24,10.88,--,528,574464,卖盘
2736,10:24:21,10.88,-0.01,75,81600,卖盘
2737,10:24:18,10.89,0.01,201,218889,买盘
2738,10:24:15,10.88,--,20,21760,卖盘
2739,10:24:12,10.88,--,2,2176,卖盘
2740,10:24:09,10.88,-0.01,20,21760,卖盘
2741,10:24:06,10.89,0.01,10,10890,买盘
2742,10:24:03,10.88,-0.01,1,1088,卖盘
2743,10:24:00,10.89,--,150,163350,买盘
2744,10:23:57,10.89,--,3,3267,买盘
2745,10:23:54,10.89,--,446,485694,卖盘
2746,10:23:51,10.89,-0.01,45,49005,卖盘
2747,10:23:48,10.9,0.01,1,1090,买盘
2748,10:23:45,10.89,-0.01,110,119790,卖盘
2749,10:23:42,10.9,--,30,32700,买盘
2750,10:23:36,10.9,--,200,218000,买盘
2751,10:23:33,10.9,0.01,14,15260,买盘
2752,10:23:27,10.89,-0.01,40,43560,卖盘
2753,10:23:21,10.9,--,33,35970,买盘
2754,10:23:15,10.9,--,14,15260,买盘
2755,10:23:09,10.9,0.01,50,54500,买盘
2756,10:23:06,10.89,--,1,1089,卖盘
2757,10:23:03,10.89,-0.01,17,18513,卖盘
2758,10:23:00,10.9,0.01,16,17440,买盘
2759,10:22:57,10.89,--,12,13068,卖盘
2760,10:22:54,10.89,-0.01,29,31581,卖盘
2761,10:22:48,10.9,--,11,12535,卖盘
2762,10:22:39,10.9,--,119,129710,卖盘
2763,10:22:33,10.9,--,2,2180,卖盘
2764,10:22:30,10.9,--,12,13080,卖盘
2765,10:22:27,10.9,--,71,77935,卖盘
2766,10:22:24,10.9,-0.01,12,13080,卖盘
2767,10:22:21,10.91,0.01,8,8728,买盘
2768,10:22:18,10.9,--,150,163500,卖盘
2769,10:22:15,10.9,--,13,14170,卖盘
2770,10:22:12,10.9,-0.01,48,52320,卖盘
2771,10:22:09,10.91,0.01,18,19638,买盘
2772,10:22:06,10.9,--,21,22890,卖盘
2773,10:22:03,10.9,-0.01,20,21800,卖盘
2774,10:21:51,10.91,--,18,19638,买盘
2775,10:21:45,10.91,0.01,274,298934,买盘
2776,10:21:42,10.9,-0.01,12,13080,卖盘
2777,10:21:39,10.91,0.01,2,2182,买盘
2778,10:21:33,10.9,--,42,45780,卖盘
2779,10:21:24,10.9,--,157,171130,买盘
2780,10:21:21,10.9,--,4,4360,卖盘
2781,10:21:18,10.9,-0.01,20,21800,中性盘
2782,10:21:15,10.91,--,324,353484,买盘
2783,10:21:12,10.91,0.01,178,194198,买盘
2784,10:21:06,10.9,--,224,244160,卖盘
2785,10:21:03,10.9,-0.01,1,1090,卖盘
2786,10:21:00,10.91,--,6,6546,买盘
2787,10:20:57,10.91,0.01,48,52368,买盘
2788,10:20:54,10.9,--,22,23980,卖盘
2789,10:20:51,10.9,--,1,1090,卖盘
2790,10:20:45,10.9,--,10,10900,买盘
2791,10:20:42,10.9,0.01,1,1090,买盘
2792,10:20:39,10.89,--,58,63162,卖盘
2793,10:20:33,10.89,-0.01,1,1089,卖盘
2794,10:20:30,10.9,--,26,28340,买盘
2795,10:20:27,10.9,--,21,22890,卖盘
2796,10:20:24,10.9,-0.01,548,597320,卖盘
2797,10:20:18,10.91,0.01,277,302207,买盘
2798,10:20:06,10.9,--,1,1090,卖盘
2799,10:20:03,10.9,--,2,2180,卖盘
2800,10:19:57,10.9,-0.01,163,177670,卖盘
2801,10:19:48,10.91,0.01,36,39276,买盘
2802,10:19:45,10.9,--,2,2180,卖盘
2803,10:19:39,10.9,-0.01,3,3270,卖盘
2804,10:19:36,10.91,0.01,60,65460,买盘
2805,10:19:33,10.9,--,1,1090,卖盘
2806,10:19:30,10.9,-0.01,76,82840,卖盘
2807,10:19:27,10.91,0.01,68,74188,买盘
2808,10:19:24,10.9,-0.01,5,5450,卖盘
2809,10:19:21,10.91,0.01,500,545500,买盘
2810,10:19:18,10.9,--,3,3270,卖盘
2811,10:19:15,10.9,-0.01,8,8720,卖盘
2812,10:19:09,10.91,0.01,36,39276,买盘
2813,10:19:06,10.9,-0.01,6,6540,卖盘
2814,10:19:03,10.91,--,3,3273,买盘
2815,10:19:00,10.91,--,1,1091,买盘
2816,10:18:57,10.91,--,1000,1091000,买盘
2817,10:18:51,10.91,--,9,9819,买盘
2818,10:18:42,10.91,0.01,2,2182,买盘
2819,10:18:39,10.9,--,25,27250,卖盘
2820,10:18:33,10.9,-0.01,1,1090,卖盘
2821,10:18:30,10.91,--,122,133102,买盘
2822,10:18:27,10.91,--,50,54550,买盘
2823,10:18:21,10.91,0.01,382,416762,买盘
