,time,price,change,volume,amount,type
0,15:00:03,71.83,0.04,2533,18196837,买盘
1,14:57:00,71.79,--,56,402024,卖盘
2,14:56:57,71.79,0.01,131,940449,买盘
3,14:56:54,71.78,-0.02,47,339806,卖盘
4,14:56:51,71.8,--,145,1041100,买盘
5,14:56:48,71.8,0.01,24,172320,买盘
6,14:56:45,71.79,-0.01,19,136401,卖盘
7,14:56:42,71.8,0.01,8,57440,买盘
8,14:56:39,71.79,-0.01,24,172296,卖盘
9,14:56:36,71.8,-0.02,57,409260,卖盘
10,14:56:33,71.82,0.01,59,423737,买盘
11,14:56:30,71.81,--,166,1192046,买盘
12,14:56:27,71.81,0.01,32,229792,买盘
13,14:56:24,71.8,-0.01,99,710820,卖盘
14,14:56:21,71.81,-0.01,10,71810,买盘
15,14:56:18,71.82,0.01,29,208277,买盘
16,14:56:15,71.81,-0.01,46,330326,卖盘
17,14:56:12,71.82,0.01,63,452465,中性盘
18,14:56:09,71.81,0.01,20,143620,卖盘
19,14:56:06,71.8,--,62,445160,卖盘
20,14:56:03,71.8,-0.04,34,244120,卖盘
21,14:56:00,71.84,0.03,41,294544,买盘
22,14:55:57,71.81,--,71,509851,卖盘
23,14:55:54,71.81,-0.03,31,222611,卖盘
24,14:55:51,71.84,0.01,74,531616,卖盘
25,14:55:48,71.83,-0.01,26,186758,卖盘
26,14:55:45,71.84,0.02,55,395120,买盘
27,14:55:42,71.82,-0.01,42,301644,卖盘
28,14:55:39,71.83,0.01,98,703934,买盘
29,14:55:36,71.82,--,28,201095,买盘
30,14:55:33,71.82,0.03,13,93365,中性盘
31,14:55:30,71.79,-0.03,17,122043,卖盘
32,14:55:27,71.82,0.03,37,265734,中性盘
33,14:55:24,71.79,-0.01,33,236907,卖盘
34,14:55:21,71.8,-0.03,14,100520,卖盘
35,14:55:18,71.83,0.04,15,107745,买盘
36,14:55:15,71.79,--,3,21537,卖盘
37,14:55:12,71.79,0.03,9,64611,中性盘
38,14:55:09,71.76,--,24,172224,卖盘
39,14:55:06,71.76,--,33,236808,卖盘
40,14:55:03,71.76,0.01,13,93288,中性盘
41,14:55:00,71.75,--,14,100450,卖盘
42,14:54:57,71.75,-0.01,38,272650,买盘
43,14:54:54,71.76,0.01,59,423384,买盘
44,14:54:51,71.75,--,2,14350,买盘
45,14:54:48,71.75,--,45,324094,卖盘
46,14:54:45,71.75,0.02,31,222425,买盘
47,14:54:42,71.73,0.01,69,494937,买盘
48,14:54:39,71.72,-0.01,56,401632,卖盘
49,14:54:36,71.73,--,15,107595,卖盘
50,14:54:33,71.73,0.01,18,129114,中性盘
51,14:54:30,71.72,0.01,15,107580,卖盘
52,14:54:27,71.71,-0.01,40,286840,卖盘
53,14:54:24,71.72,0.01,34,243848,买盘
54,14:54:21,71.71,0.01,38,272498,买盘
55,14:54:18,71.7,--,26,186420,卖盘
56,14:54:15,71.7,0.01,67,484907,买盘
57,14:54:12,71.69,0.01,51,365619,卖盘
58,14:54:09,71.68,-0.01,25,179200,卖盘
59,14:54:06,71.69,--,15,107535,卖盘
60,14:54:03,71.69,0.01,145,1039505,买盘
61,14:54:00,71.68,-0.01,19,136192,卖盘
62,14:53:57,71.69,--,5,35845,买盘
63,14:53:54,71.69,--,29,207901,买盘
64,14:53:51,71.69,--,43,308267,卖盘
65,14:53:48,71.69,--,29,207901,卖盘
66,14:53:45,71.69,-0.01,49,351281,卖盘
67,14:53:42,71.7,--,51,365670,买盘
68,14:53:39,71.7,--,7,50190,买盘
69,14:53:36,71.7,--,34,243780,买盘
70,14:53:33,71.7,--,210,1506201,卖盘
71,14:53:30,71.7,-0.01,7,50190,卖盘
72,14:53:27,71.71,--,56,401575,卖盘
73,14:53:24,71.71,--,41,300680,卖盘
74,14:53:21,71.71,--,55,394404,买盘
75,14:53:18,71.71,--,59,423088,卖盘
76,14:53:15,71.71,--,23,164933,买盘
77,14:53:12,71.71,--,9,64538,买盘
78,14:53:09,71.71,--,8,57367,买盘
79,14:53:06,71.71,-0.02,55,394404,卖盘
80,14:53:03,71.73,0.02,46,329958,买盘
81,14:53:00,71.71,-0.01,44,315524,卖盘
82,14:52:57,71.72,0.01,51,365772,中性盘
83,14:52:54,71.71,--,26,186445,卖盘
84,14:52:51,71.71,-0.02,39,279669,卖盘
85,14:52:48,71.73,0.02,1,7173,买盘
86,14:52:45,71.71,-0.02,35,250984,卖盘
87,14:52:42,71.73,--,5,35865,买盘
88,14:52:39,71.73,0.02,2,14346,买盘
89,14:52:36,71.71,-0.03,62,444601,卖盘
90,14:52:33,71.74,0.03,1,7173,买盘
91,14:52:30,71.71,-0.02,22,157762,卖盘
92,14:52:27,71.73,0.02,4,28692,卖盘
93,14:52:24,71.71,--,2,14341,卖盘
94,14:52:21,71.71,--,17,121906,卖盘
95,14:52:18,71.71,--,46,329866,买盘
96,14:52:15,71.71,-0.03,1,7170,买盘
97,14:52:12,71.74,0.03,32,229567,买盘
98,14:52:09,71.71,-0.04,25,179274,卖盘
99,14:52:06,71.75,0.01,17,121975,买盘
100,14:52:03,71.74,--,4,28695,买盘
101,14:52:00,71.74,-0.03,27,193698,卖盘
102,14:51:57,71.77,--,24,172248,买盘
103,14:51:54,71.77,0.02,24,172248,买盘
104,14:51:51,71.75,-0.02,47,337225,卖盘
105,14:51:48,71.77,0.02,1,7177,买盘
106,14:51:45,71.75,-0.03,9,64575,卖盘
107,14:51:42,71.78,0.03,11,78958,买盘
108,14:51:39,71.75,-0.02,22,157850,卖盘
109,14:51:36,71.77,0.02,28,200956,中性盘
110,14:51:33,71.75,--,27,193725,卖盘
111,14:51:30,71.75,-0.02,11,78925,卖盘
112,14:51:27,71.77,-0.02,30,215310,卖盘
113,14:51:24,71.79,0.04,7,50253,买盘
114,14:51:21,71.75,-0.04,7,50225,卖盘
115,14:51:18,71.79,--,13,93327,中性盘
116,14:51:15,71.79,-0.03,92,660468,卖盘
117,14:51:12,71.82,0.01,6,43091,买盘
118,14:51:09,71.81,-0.01,17,122077,卖盘
119,14:51:06,71.82,0.01,85,610470,买盘
120,14:51:03,71.81,0.02,31,222611,买盘
121,14:51:00,71.79,-0.03,13,93327,卖盘
122,14:50:57,71.82,--,123,883385,买盘
123,14:50:54,71.82,--,14,100547,卖盘
124,14:50:51,71.82,--,5,35910,卖盘
125,14:50:48,71.82,-0.01,2,14363,卖盘
126,14:50:45,71.83,0.01,9,64647,买盘
127,14:50:42,71.82,0.02,3,21545,买盘
128,14:50:39,71.8,-0.02,24,172320,卖盘
129,14:50:36,71.82,0.01,1,7181,买盘
130,14:50:33,71.81,0.02,4,28724,买盘
131,14:50:30,71.79,--,62,445098,卖盘
132,14:50:27,71.79,--,12,86148,卖盘
133,14:50:24,71.79,--,20,143580,买盘
134,14:50:21,71.79,0.09,2,14358,买盘
135,14:50:18,71.7,--,2,14340,卖盘
136,14:50:15,71.7,--,3,21510,卖盘
137,14:50:12,71.7,0.03,29,207930,买盘
138,14:50:09,71.67,--,5,35835,卖盘
139,14:50:06,71.67,--,45,322515,买盘
140,14:50:03,71.67,0.02,13,93171,买盘
141,14:50:00,71.65,--,5,35825,卖盘
142,14:49:57,71.65,-0.03,10,71650,卖盘
143,14:49:54,71.68,--,27,193536,卖盘
144,14:49:51,71.68,--,7,50176,买盘
145,14:49:48,71.68,-0.02,245,1756160,卖盘
146,14:49:45,71.7,0.02,2,14340,买盘
147,14:49:42,71.68,-0.01,11,78848,卖盘
148,14:49:39,71.69,0.01,11,78859,买盘
149,14:49:36,71.68,-0.01,8,57344,卖盘
150,14:49:33,71.69,0.06,38,272422,买盘
151,14:49:30,71.63,-0.02,15,107445,卖盘
152,14:49:27,71.65,0.01,59,422735,买盘
153,14:49:24,71.64,-0.02,34,243576,卖盘
154,14:49:21,71.66,--,9,64494,卖盘
155,14:49:18,71.66,0.03,4,28664,中性盘
156,14:49:15,71.63,-0.03,26,186238,卖盘
157,14:49:12,71.66,0.03,60,429960,买盘
158,14:49:09,71.63,-0.01,2,14326,卖盘
159,14:49:06,71.64,-0.02,89,637596,卖盘
160,14:49:03,71.66,0.02,2,14332,中性盘
161,14:49:00,71.64,--,18,128952,卖盘
162,14:48:57,71.64,-0.02,7,50148,卖盘
163,14:48:54,71.66,--,2,14332,买盘
164,14:48:51,71.66,-0.02,2,14332,卖盘
165,14:48:48,71.68,-0.02,4,28672,卖盘
166,14:48:45,71.7,0.01,14,100380,买盘
167,14:48:42,71.69,-0.01,19,136211,中性盘
168,14:48:39,71.7,--,22,157740,卖盘
169,14:48:36,71.7,--,33,236610,卖盘
170,14:48:30,71.7,--,7,50190,卖盘
171,14:48:27,71.7,-0.1,19,136230,卖盘
172,14:48:24,71.8,0.09,7,50260,买盘
173,14:48:21,71.71,--,4,28683,卖盘
174,14:48:18,71.71,--,4,28683,卖盘
175,14:48:15,71.71,--,9,64538,卖盘
176,14:48:12,71.71,-0.09,2,14341,卖盘
177,14:48:09,71.8,0.01,4,28720,买盘
178,14:48:06,71.79,-0.01,8,57432,卖盘
179,14:48:03,71.8,--,35,251300,卖盘
180,14:48:00,71.8,-0.01,28,201040,卖盘
181,14:47:57,71.81,--,11,78991,买盘
182,14:47:54,71.81,-0.02,53,380593,卖盘
183,14:47:51,71.83,--,27,193941,买盘
184,14:47:48,71.83,--,26,186758,买盘
185,14:47:45,71.83,-0.05,36,258588,卖盘
186,14:47:42,71.88,--,73,524724,买盘
187,14:47:39,71.88,-0.02,1,7188,买盘
188,14:47:36,71.9,--,9,64710,卖盘
189,14:47:33,71.9,0.04,17,122230,买盘
190,14:47:30,71.86,-0.04,33,237138,卖盘
191,14:47:27,71.9,--,1,7190,卖盘
192,14:47:24,71.9,0.01,60,431400,买盘
193,14:47:21,71.89,--,8,57512,买盘
194,14:47:18,71.89,-0.01,58,416962,卖盘
195,14:47:15,71.9,-0.02,61,438590,卖盘
196,14:47:12,71.92,--,54,388368,买盘
197,14:47:09,71.92,-0.04,26,186992,卖盘
198,14:47:06,71.96,0.01,25,179899,中性盘
199,14:47:00,71.95,-0.01,5,35975,卖盘
200,14:46:57,71.96,-0.02,20,143920,卖盘
201,14:46:51,71.98,--,2,14396,买盘
202,14:46:48,71.98,-0.02,2,14396,卖盘
203,14:46:39,72.0,--,9,64800,买盘
204,14:46:36,72.0,0.04,13,93600,买盘
205,14:46:33,71.96,--,3,21587,卖盘
206,14:46:30,71.96,-0.04,47,338211,卖盘
207,14:46:27,72.0,0.04,1,7200,买盘
208,14:46:24,71.96,-0.04,13,93547,卖盘
209,14:46:21,72.0,--,1,7200,买盘
210,14:46:18,72.0,--,165,1188000,买盘
211,14:46:15,72.0,--,7,50400,买盘
212,14:46:12,72.0,--,20,144000,卖盘
213,14:46:09,72.0,--,25,180000,卖盘
214,14:46:06,72.0,--,23,165600,卖盘
215,14:46:03,72.0,0.04,5,36000,买盘
216,14:46:00,71.96,--,5,35980,卖盘
217,14:45:57,71.96,--,2,14391,买盘
218,14:45:54,71.96,-0.04,34,244663,卖盘
219,14:45:51,72.0,0.04,13,93600,买盘
220,14:45:48,71.96,-0.03,1,7195,卖盘
221,14:45:45,71.99,-0.01,3,21597,买盘
222,14:45:42,72.0,--,2,14400,买盘
223,14:45:39,72.0,--,24,172800,卖盘
224,14:45:36,72.0,--,16,115200,卖盘
225,14:45:33,72.0,--,25,180000,买盘
226,14:45:30,72.0,--,21,151200,买盘
227,14:45:27,72.0,--,10,72000,买盘
228,14:45:24,72.0,-0.03,102,734400,卖盘
229,14:45:21,72.03,0.03,27,194481,买盘
230,14:45:18,72.0,-0.03,30,216000,卖盘
231,14:45:15,72.03,0.03,21,151263,买盘
232,14:45:12,72.0,--,1,7200,卖盘
233,14:45:09,72.0,--,1,7200,卖盘
234,14:45:06,72.0,-0.03,18,129600,卖盘
235,14:45:03,72.03,--,8,57624,买盘
236,14:45:00,72.03,--,28,201684,买盘
237,14:44:57,72.03,0.03,21,151263,买盘
238,14:44:54,72.0,--,18,129600,卖盘
239,14:44:51,72.0,-0.02,20,144000,卖盘
240,14:44:48,72.02,-0.01,9,64818,买盘
241,14:44:45,72.03,0.01,60,432180,买盘
242,14:44:42,72.02,-0.01,2,14404,中性盘
243,14:44:39,72.03,0.02,5,36015,买盘
244,14:44:36,72.01,0.01,128,921728,卖盘
245,14:44:33,72.0,--,2,14400,卖盘
246,14:44:30,72.0,-0.01,22,158400,卖盘
247,14:44:27,72.01,0.01,1,7201,中性盘
248,14:44:24,72.0,--,12,86400,卖盘
249,14:44:21,72.0,--,51,367200,卖盘
250,14:44:18,72.0,--,27,194400,卖盘
251,14:44:15,72.0,-0.01,29,208800,卖盘
252,14:44:12,72.01,0.01,24,172824,买盘
253,14:44:09,72.0,-0.01,4,28800,卖盘
254,14:44:06,72.01,0.01,22,158422,买盘
255,14:44:03,72.0,--,24,172800,卖盘
256,14:44:00,72.0,--,32,230400,卖盘
257,14:43:57,72.0,--,5,36000,卖盘
258,14:43:54,72.0,0.01,1,7200,买盘
259,14:43:51,71.99,0.03,16,115183,中性盘
260,14:43:45,71.96,--,17,122331,卖盘
261,14:43:42,71.96,0.01,39,280644,中性盘
262,14:43:36,71.95,-0.07,30,215850,卖盘
263,14:43:33,72.02,0.01,1,7202,买盘
264,14:43:30,72.01,-0.01,133,957733,卖盘
265,14:43:27,72.02,--,12,86424,买盘
266,14:43:24,72.02,0.02,4,28808,买盘
267,14:43:21,72.0,--,6,43200,卖盘
268,14:43:18,72.0,--,4,28800,卖盘
269,14:43:15,72.0,0.07,46,331200,买盘
270,14:43:12,71.93,--,4,28772,卖盘
271,14:43:06,71.93,-0.07,3,21579,卖盘
272,14:43:03,72.0,0.07,25,180000,买盘
273,14:43:00,71.93,-0.07,7,50351,卖盘
274,14:42:54,72.0,--,8,57600,买盘
275,14:42:45,72.0,-0.03,16,115200,中性盘
276,14:42:42,72.03,0.03,17,122451,买盘
277,14:42:39,72.0,-0.02,16,115200,卖盘
278,14:42:36,72.02,0.02,35,252070,买盘
279,14:42:33,72.0,--,9,64800,卖盘
280,14:42:30,72.0,0.01,20,144000,中性盘
281,14:42:27,71.99,-0.01,57,410342,卖盘
282,14:42:24,72.0,-0.03,14,100800,卖盘
283,14:42:21,72.03,-0.01,11,79233,卖盘
284,14:42:18,72.04,--,3,21612,买盘
285,14:42:15,72.04,0.02,43,309772,买盘
286,14:42:12,72.02,-0.01,13,93626,卖盘
287,14:42:09,72.03,0.01,10,72030,中性盘
288,14:42:06,72.02,--,2,14404,卖盘
289,14:42:00,72.02,-0.02,6,43212,卖盘
290,14:41:57,72.04,--,10,72040,买盘
291,14:41:54,72.04,--,10,72040,卖盘
292,14:41:51,72.04,--,18,129672,卖盘
293,14:41:48,72.04,-0.01,38,273752,卖盘
294,14:41:45,72.05,--,35,252175,卖盘
295,14:41:39,72.05,-0.01,11,79255,卖盘
296,14:41:36,72.06,0.02,3,21618,买盘
297,14:41:33,72.04,--,1,7204,卖盘
298,14:41:30,72.04,-0.01,10,72040,卖盘
299,14:41:27,72.05,0.02,33,243745,买盘
300,14:41:24,72.03,--,2,14406,卖盘
301,14:41:21,72.03,0.01,3,21609,中性盘
302,14:41:15,72.02,-0.05,16,115232,卖盘
303,14:41:09,72.07,0.05,33,237830,买盘
304,14:41:06,72.02,0.01,2,14404,买盘
305,14:41:03,72.01,-0.01,27,194427,卖盘
306,14:41:00,72.02,-0.05,5,36010,卖盘
307,14:40:57,72.07,0.06,1,7206,买盘
308,14:40:51,72.01,-0.01,12,86412,卖盘
309,14:40:48,72.02,-0.06,5,36010,中性盘
310,14:40:42,72.08,0.07,25,180200,买盘
311,14:40:39,72.01,0.01,12,86412,中性盘
312,14:40:36,72.0,--,14,100800,卖盘
313,14:40:33,72.0,--,5,36000,卖盘
314,14:40:30,72.0,-0.02,5,36000,卖盘
315,14:40:27,72.02,-0.12,2,14404,中性盘
316,14:40:24,72.14,0.14,120,865680,买盘
317,14:40:21,72.0,--,7,50400,买盘
318,14:40:18,72.0,-0.02,98,707760,卖盘
319,14:40:15,72.02,-0.07,32,235505,卖盘
320,14:40:12,72.09,0.06,24,173016,中性盘
321,14:40:09,72.03,-0.07,20,144060,卖盘
322,14:40:03,72.1,-0.01,15,108149,卖盘
323,14:40:00,72.11,--,5,36055,卖盘
324,14:39:57,72.11,0.02,11,79321,中性盘
325,14:39:54,72.09,-0.01,5,36045,卖盘
326,14:39:51,72.1,-0.01,12,86520,卖盘
327,14:39:48,72.11,0.01,13,93743,买盘
328,14:39:45,72.1,--,2,14419,卖盘
329,14:39:42,72.1,--,5,36050,中性盘
330,14:39:39,72.1,-0.03,1,7209,买盘
331,14:39:36,72.13,0.03,15,108195,买盘
332,14:39:33,72.1,0.1,13,93729,中性盘
333,14:39:30,72.0,-0.14,10,72000,卖盘
334,14:39:27,72.14,0.06,13,93782,买盘
335,14:39:24,72.08,-0.06,3,21624,买盘
336,14:39:21,72.14,0.14,66,476124,买盘
337,14:39:18,72.0,--,13,93600,卖盘
338,14:39:15,72.0,-0.07,90,648000,卖盘
339,14:39:12,72.07,0.06,10,72070,买盘
340,14:39:09,72.01,0.01,2,14402,中性盘
341,14:39:06,72.0,--,7,50400,卖盘
342,14:39:00,72.0,0.05,214,1540800,买盘
343,14:38:57,71.95,0.01,5,35975,买盘
344,14:38:54,71.94,0.04,6,43164,中性盘
345,14:38:48,71.9,--,4,28760,卖盘
346,14:38:42,71.9,--,10,71900,卖盘
347,14:38:39,71.9,--,11,79090,买盘
348,14:38:36,71.9,--,2,14380,买盘
349,14:38:33,71.9,--,21,150990,卖盘
350,14:38:30,71.9,--,7,50330,卖盘
351,14:38:27,71.9,--,14,100660,卖盘
352,14:38:24,71.9,--,1,7190,卖盘
353,14:38:21,71.9,-0.01,10,71900,卖盘
354,14:38:18,71.91,0.01,3,21573,买盘
355,14:38:15,71.9,--,14,100660,卖盘
356,14:38:09,71.9,0.02,35,251650,买盘
357,14:38:06,71.88,-0.02,2,14376,卖盘
358,14:38:03,71.9,0.02,6,43140,买盘
359,14:38:00,71.88,0.06,15,107820,卖盘
360,14:37:57,71.82,-0.06,31,222641,卖盘
361,14:37:54,71.88,0.08,1,7188,买盘
362,14:37:51,71.8,-0.06,19,136420,卖盘
363,14:37:48,71.86,0.06,54,388044,买盘
364,14:37:45,71.8,--,2,14360,买盘
365,14:37:42,71.8,--,15,107700,买盘
366,14:37:39,71.8,0.08,25,179500,买盘
367,14:37:36,71.72,-0.06,7,50204,中性盘
368,14:37:33,71.78,0.07,4,28712,买盘
369,14:37:30,71.71,--,12,87629,卖盘
370,14:37:27,71.71,0.01,5,35855,卖盘
371,14:37:24,71.7,-0.01,38,272460,卖盘
372,14:37:21,71.71,--,22,157762,买盘
373,14:37:18,71.71,0.07,60,430259,买盘
374,14:37:12,71.64,0.01,7,50148,买盘
375,14:37:09,71.63,-0.02,9,64466,买盘
376,14:37:06,71.65,0.01,20,143300,买盘
377,14:37:03,71.64,--,1,7164,卖盘
378,14:37:00,71.64,-0.01,47,336708,卖盘
379,14:36:57,71.65,0.04,3,21495,买盘
380,14:36:54,71.61,-0.01,66,472626,卖盘
381,14:36:51,71.62,0.01,5,35810,买盘
382,14:36:48,71.61,0.01,53,379533,买盘
383,14:36:45,71.6,-0.01,21,150360,卖盘
384,14:36:42,71.61,0.01,27,193347,买盘
385,14:36:39,71.6,-0.01,155,1109800,卖盘
386,14:36:36,71.61,0.01,23,164703,买盘
387,14:36:33,71.6,0.08,36,257759,买盘
388,14:36:30,71.52,0.02,11,78672,中性盘
389,14:36:27,71.5,-0.1,135,965250,卖盘
390,14:36:24,71.6,--,49,350840,卖盘
391,14:36:21,71.6,--,39,279240,卖盘
392,14:36:18,71.6,--,59,422439,买盘
393,14:36:15,71.6,-0.06,5,35800,卖盘
394,14:36:12,71.66,--,19,136154,买盘
395,14:36:09,71.66,-0.05,26,186316,卖盘
396,14:36:06,71.71,-0.07,10,71710,卖盘
397,14:36:03,71.78,0.07,6,43068,买盘
398,14:36:00,71.71,-0.09,18,129077,卖盘
399,14:35:57,71.8,--,2,14360,买盘
400,14:35:54,71.8,-0.05,85,610300,卖盘
401,14:35:51,71.85,0.05,4,28739,买盘
402,14:35:48,71.8,-0.01,85,610300,卖盘
403,14:35:45,71.81,0.01,14,100534,买盘
404,14:35:42,71.8,--,23,165140,卖盘
405,14:35:39,71.8,-0.05,2,14360,卖盘
406,14:35:36,71.85,0.05,5,35925,中性盘
407,14:35:33,71.8,--,30,215400,卖盘
408,14:35:30,71.8,-0.06,12,86160,卖盘
409,14:35:27,71.86,0.01,26,186836,中性盘
410,14:35:24,71.85,--,6,43110,卖盘
411,14:35:21,71.85,-0.02,14,100589,卖盘
412,14:35:18,71.87,-0.04,5,35935,中性盘
413,14:35:12,71.91,--,27,194157,买盘
414,14:35:09,71.91,-0.04,27,194157,卖盘
415,14:35:06,71.95,0.01,12,86340,买盘
416,14:35:03,71.94,0.01,6,43164,中性盘
417,14:35:00,71.93,-0.03,11,79123,卖盘
418,14:34:57,71.96,--,1,7195,买盘
419,14:34:54,71.96,--,3,21587,卖盘
420,14:34:51,71.96,-0.02,9,64763,卖盘
421,14:34:48,71.98,0.02,4,28792,买盘
422,14:34:45,71.96,-0.02,3,21587,卖盘
423,14:34:42,71.98,-0.02,7,50386,买盘
424,14:34:39,72.0,--,2,14400,买盘
425,14:34:36,72.0,-0.03,348,2505600,卖盘
426,14:34:33,72.03,0.01,1,7203,买盘
427,14:34:30,72.02,-0.01,6,43212,卖盘
428,14:34:24,72.03,-0.07,50,362310,卖盘
429,14:34:21,72.1,--,11,79310,卖盘
430,14:34:18,72.1,--,17,122569,卖盘
431,14:34:12,72.1,-0.03,154,1110340,卖盘
432,14:34:09,72.13,-0.01,14,100982,卖盘
433,14:34:06,72.14,0.01,4,28856,买盘
434,14:34:03,72.13,0.03,3,21639,买盘
435,14:34:00,72.1,--,5,36050,卖盘
436,14:33:57,72.1,0.05,101,733257,买盘
437,14:33:54,72.05,0.01,25,180125,买盘
438,14:33:51,72.04,-0.01,3,21612,卖盘
439,14:33:48,72.05,-0.01,1,7205,买盘
440,14:33:45,72.06,0.02,36,259416,卖盘
441,14:33:42,72.04,-0.03,136,979744,卖盘
442,14:33:39,72.07,0.01,4,28827,买盘
443,14:33:36,72.06,0.01,21,151326,买盘
444,14:33:33,72.05,--,3,21615,买盘
445,14:33:30,72.05,0.02,40,288200,买盘
446,14:33:27,72.03,0.01,3,21609,买盘
447,14:33:24,72.02,--,3,21606,卖盘
448,14:33:21,72.02,--,2,14404,卖盘
449,14:33:18,72.02,--,1,7202,买盘
450,14:33:12,72.02,0.02,4,28808,买盘
451,14:33:06,72.0,0.01,156,1123200,买盘
452,14:33:03,71.99,0.06,10,71990,买盘
453,14:33:00,71.93,--,9,64737,卖盘
454,14:32:57,71.93,--,1,7193,卖盘
455,14:32:54,71.93,--,20,143860,卖盘
456,14:32:51,71.93,0.03,122,877546,买盘
457,14:32:48,71.9,-0.01,24,172560,卖盘
458,14:32:45,71.91,--,5,35955,买盘
459,14:32:42,71.91,--,4,28764,买盘
460,14:32:39,71.91,0.01,52,373932,买盘
461,14:32:36,71.9,0.02,49,352310,买盘
462,14:32:33,71.88,-0.02,1,7188,中性盘
463,14:32:30,71.9,--,16,115040,买盘
464,14:32:27,71.9,-0.02,16,115040,卖盘
465,14:32:24,71.92,--,2,14384,买盘
466,14:32:18,71.92,-0.01,24,172608,卖盘
467,14:32:15,71.93,0.01,3,21579,买盘
468,14:32:12,71.92,-0.01,33,237336,卖盘
469,14:32:09,71.93,-0.05,5,35965,卖盘
470,14:32:06,71.98,--,1,7198,买盘
471,14:32:03,71.98,0.05,2,14396,买盘
472,14:32:00,71.93,-0.05,7,50351,卖盘
473,14:31:57,71.98,--,5,35990,买盘
474,14:31:54,71.98,-0.02,90,647820,卖盘
475,14:31:48,72.0,--,2,14400,买盘
476,14:31:45,72.0,--,4,28800,买盘
477,14:31:42,72.0,-0.02,5,36000,卖盘
478,14:31:39,72.02,-0.01,2,14404,卖盘
479,14:31:36,72.03,0.04,22,158466,买盘
480,14:31:33,71.99,--,1,7198,买盘
481,14:31:30,71.99,-0.01,200,1439800,卖盘
482,14:31:27,72.0,--,20,144000,卖盘
483,14:31:21,72.0,--,7,50400,中性盘
484,14:31:18,72.0,--,26,187200,买盘
485,14:31:15,72.0,-0.02,193,1389600,卖盘
486,14:31:12,72.02,0.02,22,158444,买盘
487,14:31:06,72.0,--,16,115200,买盘
488,14:31:03,72.0,0.01,41,295200,买盘
489,14:31:00,71.99,--,1,7198,买盘
490,14:30:57,71.99,-0.01,1,7198,买盘
491,14:30:54,72.0,--,1,7200,买盘
492,14:30:51,72.0,--,105,756000,买盘
493,14:30:48,72.0,0.01,5,36000,买盘
494,14:30:45,71.99,-0.01,1,7198,卖盘
495,14:30:42,72.0,--,5,36000,买盘
496,14:30:39,72.0,--,2,14400,买盘
497,14:30:36,72.0,--,5,36000,买盘
498,14:30:33,72.0,--,1,7200,卖盘
499,14:30:30,72.0,--,15,108000,卖盘
500,14:30:27,72.0,--,24,172800,卖盘
501,14:30:24,72.0,--,14,100800,卖盘
502,14:30:21,72.0,--,53,381600,卖盘
503,14:30:18,72.0,--,131,943200,卖盘
504,14:30:15,72.0,--,23,165600,卖盘
505,14:30:12,72.0,--,65,468000,卖盘
506,14:30:09,72.0,--,35,252000,卖盘
507,14:30:06,72.0,-0.02,6,43200,卖盘
508,14:30:03,72.02,-0.01,5,36010,卖盘
509,14:30:00,72.03,--,1,7203,买盘
510,14:29:57,72.03,--,1,7203,买盘
511,14:29:54,72.03,0.01,240,1728720,买盘
512,14:29:51,72.02,-0.01,31,223262,卖盘
513,14:29:48,72.03,0.01,16,115248,买盘
514,14:29:45,72.02,--,8,57616,卖盘
515,14:29:42,72.02,--,4,28808,卖盘
516,14:29:39,72.02,--,2,14404,买盘
517,14:29:36,72.02,--,8,57616,卖盘
518,14:29:33,72.02,-0.02,13,93626,卖盘
519,14:29:30,72.04,-0.01,5,36020,中性盘
520,14:29:27,72.05,0.02,6,43230,中性盘
521,14:29:24,72.03,-0.02,7,50421,卖盘
522,14:29:21,72.05,--,15,108075,卖盘
523,14:29:18,72.05,-0.03,66,475530,卖盘
524,14:29:15,72.08,0.03,15,108120,买盘
525,14:29:12,72.05,-0.03,23,165715,卖盘
526,14:29:09,72.08,0.03,35,252280,买盘
527,14:29:06,72.05,-0.03,31,223355,卖盘
528,14:29:03,72.08,-0.01,13,93704,卖盘
529,14:29:00,72.09,0.01,29,209061,买盘
530,14:28:57,72.08,-0.01,13,93704,卖盘
531,14:28:54,72.09,0.01,5,36045,买盘
532,14:28:51,72.08,-0.01,8,57664,卖盘
533,14:28:48,72.09,--,15,108135,买盘
534,14:28:45,72.09,0.04,24,173016,买盘
535,14:28:42,72.05,-0.05,104,749320,中性盘
536,14:28:39,72.1,--,4,28839,买盘
537,14:28:36,72.1,0.08,43,310030,买盘
538,14:28:33,72.02,--,1,7202,卖盘
539,14:28:30,72.02,-0.08,15,108030,卖盘
540,14:28:27,72.1,0.09,1,7209,买盘
541,14:28:21,72.01,--,10,72010,买盘
542,14:28:18,72.01,-0.09,7,50407,卖盘
543,14:28:15,72.1,0.01,30,216299,中性盘
544,14:28:12,72.09,0.07,4,28836,中性盘
545,14:28:09,72.02,--,3,21606,卖盘
546,14:28:06,72.02,0.02,21,151242,买盘
547,14:28:03,72.0,--,3,21600,卖盘
548,14:28:00,72.0,-0.02,14,100800,卖盘
549,14:27:57,72.02,0.02,16,115232,买盘
550,14:27:54,72.0,-0.09,20,144000,卖盘
551,14:27:51,72.09,0.08,5,36045,买盘
552,14:27:48,72.01,0.01,19,136819,中性盘
553,14:27:45,72.0,-0.02,15,108000,卖盘
554,14:27:42,72.02,0.09,21,151242,买盘
555,14:27:39,71.93,--,22,158246,卖盘
556,14:27:36,71.93,-0.07,183,1316319,卖盘
557,14:27:33,72.0,--,7,50400,卖盘
558,14:27:30,72.0,0.05,165,1188000,买盘
559,14:27:27,71.95,--,26,187070,买盘
560,14:27:24,71.95,0.01,8,57560,买盘
561,14:27:21,71.94,-0.01,2,14388,卖盘
562,14:27:18,71.95,0.02,42,302190,买盘
563,14:27:15,71.93,0.01,7,50351,中性盘
564,14:27:12,71.92,-0.06,30,215760,卖盘
565,14:27:09,71.98,0.06,27,194346,买盘
566,14:27:06,71.92,-0.03,73,525016,卖盘
567,14:27:03,71.95,0.02,15,107925,买盘
568,14:27:00,71.93,-0.05,11,79123,卖盘
569,14:26:57,71.98,0.03,2,14396,买盘
570,14:26:54,71.95,--,67,482065,卖盘
571,14:26:51,71.95,-0.05,88,633160,卖盘
572,14:26:48,72.0,0.05,141,1015200,买盘
573,14:26:45,71.95,-0.03,8,57560,卖盘
574,14:26:42,71.98,--,8,57584,买盘
575,14:26:39,71.98,0.06,12,86376,买盘
576,14:26:36,71.92,0.02,17,122264,中性盘
577,14:26:33,71.9,-0.09,326,2346097,卖盘
578,14:26:30,71.99,--,1,7198,买盘
579,14:26:24,71.99,-0.01,1,7198,买盘
580,14:26:21,72.0,--,10,72000,买盘
581,14:26:18,72.0,--,296,2131200,卖盘
582,14:26:15,72.0,-0.01,23,165600,卖盘
583,14:26:12,72.01,-0.09,36,259236,卖盘
584,14:26:09,72.1,--,5,36050,买盘
585,14:26:06,72.1,0.01,11,79310,买盘
586,14:26:03,72.09,-0.04,47,338823,卖盘
587,14:26:00,72.13,-0.01,38,274094,中性盘
588,14:25:57,72.14,-0.01,5,36070,卖盘
589,14:25:54,72.15,-0.02,52,380230,卖盘
590,14:25:51,72.17,--,118,851606,买盘
591,14:25:48,72.17,--,103,743351,卖盘
592,14:25:45,72.17,--,36,259812,卖盘
593,14:25:42,72.17,--,13,93821,卖盘
594,14:25:39,72.17,-0.01,10,72170,卖盘
595,14:25:36,72.18,-0.01,33,238194,买盘
596,14:25:33,72.19,--,204,1474841,买盘
597,14:25:30,72.19,--,5,36095,买盘
598,14:25:27,72.19,-0.01,37,267103,卖盘
599,14:25:24,72.2,0.01,1,7220,买盘
600,14:25:21,72.19,-0.01,1,7219,卖盘
601,14:25:18,72.2,0.02,12,86640,买盘
602,14:25:15,72.18,-0.07,42,303156,卖盘
603,14:25:09,72.25,0.02,22,158950,买盘
604,14:25:06,72.23,-0.01,68,491164,卖盘
605,14:25:03,72.24,0.04,55,397320,买盘
606,14:25:00,72.2,-0.02,47,339340,卖盘
607,14:24:57,72.22,0.01,5,36110,中性盘
608,14:24:51,72.21,--,56,404375,卖盘
609,14:24:48,72.21,0.01,26,187745,中性盘
610,14:24:45,72.2,--,35,252700,卖盘
611,14:24:42,72.2,-0.02,44,317680,卖盘
612,14:24:39,72.22,-0.03,107,772754,卖盘
613,14:24:36,72.25,0.01,12,86700,买盘
614,14:24:33,72.24,0.04,41,296184,买盘
615,14:24:30,72.2,--,1,7220,买盘
616,14:24:27,72.2,--,4,28880,卖盘
617,14:24:24,72.2,-0.04,3,21660,卖盘
618,14:24:21,72.24,0.04,16,115583,中性盘
619,14:24:18,72.2,-0.06,5,36100,卖盘
620,14:24:15,72.26,0.06,6,43356,买盘
621,14:24:12,72.2,--,10,72200,卖盘
622,14:24:09,72.2,-0.06,45,324900,卖盘
623,14:24:06,72.26,-0.01,190,1372940,买盘
624,14:24:03,72.27,--,20,144540,买盘
625,14:23:57,72.27,-0.03,31,224037,卖盘
626,14:23:54,72.3,0.02,7,50610,买盘
627,14:23:51,72.28,-0.02,8,57824,卖盘
628,14:23:48,72.3,--,8,57840,买盘
629,14:23:45,72.3,--,5,36150,买盘
630,14:23:42,72.3,--,3,21690,买盘
631,14:23:39,72.3,-0.07,9,65070,卖盘
632,14:23:36,72.37,0.01,16,115792,买盘
633,14:23:33,72.36,-0.01,3,21708,买盘
634,14:23:30,72.37,--,3,21711,买盘
635,14:23:27,72.37,--,30,217110,卖盘
636,14:23:24,72.37,-0.01,3,21711,卖盘
637,14:23:21,72.38,--,4,28952,买盘
638,14:23:18,72.38,-0.02,21,151998,卖盘
639,14:23:15,72.4,-0.02,20,144800,卖盘
640,14:23:12,72.42,-0.03,26,188292,中性盘
641,14:23:09,72.45,-0.01,91,659295,卖盘
642,14:23:06,72.46,-0.03,188,1362247,卖盘
643,14:23:03,72.49,0.02,54,391446,买盘
644,14:23:00,72.47,--,107,775429,卖盘
645,14:22:57,72.47,-0.01,7,50729,卖盘
646,14:22:54,72.48,--,5,36240,买盘
647,14:22:51,72.48,0.01,62,449376,买盘
648,14:22:48,72.47,--,19,137693,买盘
649,14:22:45,72.47,0.09,140,1014580,买盘
650,14:22:42,72.38,-0.02,20,144760,买盘
651,14:22:39,72.4,--,5,36200,买盘
652,14:22:36,72.4,0.05,2,14480,买盘
653,14:22:33,72.35,-0.04,1,7234,中性盘
654,14:22:30,72.39,0.13,35,253365,买盘
655,14:22:27,72.26,-0.11,15,108390,卖盘
656,14:22:24,72.37,--,15,108555,买盘
657,14:22:21,72.37,0.11,4,28948,买盘
658,14:22:18,72.26,-0.12,47,339622,卖盘
659,14:22:15,72.38,0.01,19,137522,中性盘
660,14:22:12,72.37,--,3,21711,卖盘
661,14:22:09,72.37,0.02,2,14474,卖盘
662,14:22:06,72.35,0.09,5,36175,中性盘
663,14:22:03,72.26,--,5,36130,卖盘
664,14:22:00,72.26,0.01,213,1539138,买盘
665,14:21:57,72.25,--,32,231200,卖盘
666,14:21:54,72.25,-0.01,22,158950,卖盘
667,14:21:51,72.26,-0.03,1,7226,中性盘
668,14:21:48,72.29,-0.02,10,72290,中性盘
669,14:21:45,72.31,0.05,120,867720,买盘
670,14:21:42,72.26,-0.04,12,86712,卖盘
671,14:21:39,72.3,0.04,38,274740,买盘
672,14:21:36,72.26,-0.04,36,260136,卖盘
673,14:21:33,72.3,--,42,303660,卖盘
674,14:21:30,72.3,--,57,412110,买盘
675,14:21:27,72.3,--,74,535020,买盘
676,14:21:24,72.3,0.02,38,274740,买盘
677,14:21:21,72.28,-0.02,56,404768,中性盘
678,14:21:18,72.3,--,15,108450,买盘
679,14:21:15,72.3,--,24,173520,买盘
680,14:21:12,72.3,--,4,28920,买盘
681,14:21:09,72.3,-0.08,34,245820,卖盘
682,14:21:06,72.38,-0.01,7,50666,中性盘
683,14:21:03,72.39,0.08,4,28956,中性盘
684,14:21:00,72.31,0.01,10,72310,卖盘
685,14:20:57,72.3,--,4,28920,卖盘
686,14:20:54,72.3,0.03,55,397650,中性盘
687,14:20:51,72.27,--,5,36135,卖盘
688,14:20:48,72.27,--,99,715473,买盘
689,14:20:45,72.27,0.03,19,137313,买盘
690,14:20:42,72.24,0.04,31,223943,卖盘
691,14:20:39,72.2,--,196,1415120,买盘
692,14:20:36,72.2,--,93,671460,买盘
693,14:20:33,72.2,--,17,122740,买盘
694,14:20:30,72.2,--,36,259920,买盘
695,14:20:27,72.2,-0.13,7,50540,卖盘
696,14:20:24,72.33,-0.08,7,50631,中性盘
697,14:20:21,72.41,0.04,36,260676,买盘
698,14:20:18,72.37,-0.04,20,144740,卖盘
699,14:20:15,72.41,0.01,122,883402,买盘
700,14:20:12,72.4,--,67,485080,买盘
701,14:20:09,72.4,-0.02,50,362000,卖盘
702,14:20:06,72.42,-0.02,17,123114,中性盘
703,14:20:03,72.44,-0.01,39,282516,卖盘
704,14:20:00,72.45,-0.04,107,775215,卖盘
705,14:19:57,72.49,0.04,71,514678,买盘
706,14:19:54,72.45,-0.05,113,818685,卖盘
707,14:19:51,72.5,0.01,55,398750,买盘
708,14:19:48,72.49,-0.05,45,326205,卖盘
709,14:19:45,72.54,-0.02,78,565812,中性盘
710,14:19:42,72.56,0.06,89,645784,买盘
711,14:19:39,72.5,--,40,290000,中性盘
712,14:19:36,72.5,0.05,77,558250,买盘
713,14:19:33,72.45,-0.04,54,391230,中性盘
714,14:19:30,72.49,-0.11,13,94237,买盘
715,14:19:27,72.6,0.11,286,2076359,买盘
716,14:19:24,72.49,--,31,224718,买盘
717,14:19:21,72.49,-0.01,45,326205,中性盘
718,14:19:18,72.5,0.1,212,1537000,买盘
719,14:19:15,72.4,0.1,6,43440,买盘
720,14:19:12,72.3,0.03,264,1908720,买盘
721,14:19:09,72.27,0.03,188,1358676,买盘
722,14:19:06,72.24,0.05,20,144480,买盘
723,14:19:03,72.19,--,16,115504,卖盘
724,14:19:00,72.19,0.02,142,1025098,买盘
725,14:18:57,72.17,-0.08,42,303114,卖盘
726,14:18:54,72.25,0.08,21,151725,买盘
727,14:18:51,72.17,-0.01,68,490756,卖盘
728,14:18:48,72.18,-0.07,201,1450818,卖盘
729,14:18:45,72.25,0.01,48,346800,买盘
730,14:18:42,72.24,-0.01,87,628488,中性盘
731,14:18:39,72.25,0.02,17,122825,买盘
732,14:18:36,72.23,-0.04,16,115568,中性盘
733,14:18:33,72.27,0.02,36,260172,买盘
734,14:18:30,72.25,--,17,122825,买盘
735,14:18:27,72.25,--,45,325125,买盘
736,14:18:24,72.25,--,111,801975,卖盘
737,14:18:21,72.25,0.05,8,57800,中性盘
738,14:18:18,72.2,-0.05,55,397100,中性盘
739,14:18:15,72.25,-0.05,163,1177675,卖盘
740,14:18:12,72.3,--,27,195210,买盘
741,14:18:09,72.3,0.03,48,347040,买盘
742,14:18:06,72.27,-0.03,42,303534,卖盘
743,14:18:03,72.3,-0.01,17,122910,卖盘
744,14:18:00,72.31,0.21,163,1184076,买盘
745,14:17:57,72.1,-0.02,250,1802499,卖盘
746,14:17:54,72.12,0.01,23,172511,买盘
747,14:17:51,72.11,0.09,55,396605,中性盘
748,14:17:48,72.02,0.01,22,158444,中性盘
749,14:17:45,72.01,0.02,169,1216969,买盘
750,14:17:42,71.99,0.09,10,71990,买盘
751,14:17:39,71.9,-0.1,63,452970,卖盘
752,14:17:36,72.0,0.17,303,2181600,买盘
753,14:17:33,71.83,0.03,4,28732,中性盘
754,14:17:30,71.8,-0.03,236,1694480,卖盘
755,14:17:27,71.83,0.03,79,567457,买盘
756,14:17:24,71.8,0.07,121,868780,买盘
757,14:17:21,71.73,0.03,4,28692,买盘
758,14:17:18,71.7,0.1,1,7170,买盘
759,14:17:15,71.6,0.02,139,997387,买盘
760,14:17:12,71.58,0.05,13,93054,中性盘
761,14:17:09,71.53,-0.01,103,736759,卖盘
762,14:17:06,71.54,0.04,52,372008,买盘
763,14:17:03,71.5,--,9,64350,卖盘
764,14:17:00,71.5,--,254,1816100,买盘
765,14:16:57,71.5,--,18,128700,买盘
766,14:16:54,71.5,--,3,21450,买盘
767,14:16:51,71.5,--,46,328900,买盘
768,14:16:48,71.5,--,4,28600,买盘
769,14:16:45,71.5,--,60,429000,买盘
770,14:16:42,71.5,--,69,493350,买盘
771,14:16:39,71.5,--,2,14300,买盘
772,14:16:36,71.5,--,10,71500,买盘
773,14:16:33,71.5,--,59,421850,卖盘
774,14:16:30,71.5,--,5,35750,卖盘
775,14:16:27,71.5,--,16,114400,卖盘
776,14:16:24,71.5,0.01,11,78650,买盘
777,14:16:21,71.49,-0.01,3,21447,卖盘
778,14:16:18,71.5,--,29,207350,买盘
779,14:16:15,71.5,-0.09,35,250250,卖盘
780,14:16:12,71.59,0.09,12,85908,买盘
781,14:16:09,71.5,-0.08,12,85800,卖盘
782,14:16:06,71.58,0.08,27,193266,中性盘
783,14:16:03,71.5,-0.1,72,514800,卖盘
784,14:16:00,71.6,0.05,10,71600,买盘
785,14:15:57,71.55,-0.05,27,193185,中性盘
786,14:15:54,71.6,--,4,28639,买盘
787,14:15:51,71.6,--,34,243439,买盘
788,14:15:48,71.6,--,27,193319,买盘
789,14:15:45,71.6,0.03,33,236279,买盘
790,14:15:42,71.57,-0.11,107,765798,卖盘
791,14:15:39,71.68,0.03,112,802816,买盘
792,14:15:36,71.65,-0.02,80,573200,卖盘
793,14:15:33,71.67,0.02,6,43002,买盘
794,14:15:30,71.65,-0.02,18,128970,卖盘
795,14:15:27,71.67,-0.01,13,93171,中性盘
796,14:15:24,71.68,0.08,12,86016,买盘
797,14:15:21,71.6,--,16,114559,卖盘
798,14:15:18,71.6,-0.08,20,143200,卖盘
799,14:15:15,71.68,0.08,42,301056,买盘
800,14:15:12,71.6,0.03,109,780439,买盘
801,14:15:09,71.57,0.09,179,1281102,买盘
802,14:15:06,71.48,0.01,82,586136,买盘
803,14:15:03,71.47,--,3,21441,买盘
804,14:15:00,71.47,-0.01,5,35735,中性盘
805,14:14:57,71.48,-0.02,14,100072,卖盘
806,14:14:54,71.5,0.02,20,143000,买盘
807,14:14:51,71.48,--,81,578988,买盘
808,14:14:48,71.48,--,29,207292,买盘
809,14:14:45,71.48,-0.02,14,100072,卖盘
810,14:14:42,71.5,--,77,550550,卖盘
811,14:14:39,71.5,-0.01,102,729300,卖盘
812,14:14:36,71.51,0.09,62,443362,买盘
813,14:14:33,71.42,-0.06,3,21426,卖盘
814,14:14:30,71.48,--,15,107220,买盘
815,14:14:27,71.48,0.02,84,600432,买盘
816,14:14:24,71.46,-0.01,56,400175,卖盘
817,14:14:21,71.47,0.01,2,14294,卖盘
818,14:14:18,71.46,--,4,28583,买盘
819,14:14:15,71.46,--,3,21437,买盘
820,14:14:12,71.46,0.07,10,71460,买盘
821,14:14:09,71.39,0.04,2,14278,买盘
822,14:14:06,71.35,--,56,399559,卖盘
823,14:14:03,71.35,0.05,59,420964,买盘
824,14:14:00,71.3,-0.03,2,14260,中性盘
825,14:13:54,71.33,0.09,42,299586,买盘
826,14:13:51,71.24,0.01,1,7123,中性盘
827,14:13:48,71.23,--,6,42738,卖盘
828,14:13:45,71.23,0.01,3,21369,卖盘
829,14:13:42,71.22,0.04,149,1061178,买盘
830,14:13:39,71.18,0.01,42,298956,买盘
831,14:13:36,71.17,0.02,8,56936,买盘
832,14:13:33,71.15,--,7,49805,卖盘
833,14:13:30,71.15,0.01,2,14230,卖盘
834,14:13:27,71.14,0.04,14,99596,买盘
835,14:13:24,71.1,0.01,4,28439,中性盘
836,14:13:21,71.09,--,4,28436,卖盘
837,14:13:18,71.09,--,95,675355,卖盘
838,14:13:15,71.09,0.01,44,312796,买盘
839,14:13:12,71.08,--,5,35540,卖盘
840,14:13:09,71.08,0.01,71,504668,买盘
841,14:13:06,71.07,--,8,56855,买盘
842,14:13:03,71.07,--,67,476168,卖盘
843,14:13:00,71.07,--,22,156353,卖盘
844,14:12:57,71.07,--,11,78176,卖盘
845,14:12:54,71.07,-0.01,11,78176,卖盘
846,14:12:51,71.08,-0.01,15,106620,买盘
847,14:12:48,71.09,--,161,1144549,卖盘
848,14:12:45,71.09,--,15,106635,卖盘
849,14:12:42,71.09,0.03,2,14218,中性盘
850,14:12:39,71.06,-0.01,51,362406,卖盘
851,14:12:36,71.07,--,5,35535,卖盘
852,14:12:33,71.07,-0.01,19,135033,卖盘
853,14:12:30,71.08,0.01,29,206132,买盘
854,14:12:27,71.07,-0.01,91,646736,卖盘
855,14:12:24,71.08,--,47,334076,买盘
856,14:12:21,71.08,--,1,7108,买盘
857,14:12:18,71.08,--,7,49756,买盘
858,14:12:15,71.08,-0.06,109,774772,卖盘
859,14:12:12,71.14,0.06,16,113824,买盘
860,14:12:09,71.08,-0.06,13,92404,卖盘
861,14:12:06,71.14,-0.01,2,14228,买盘
862,14:12:03,71.15,0.01,36,256140,买盘
863,14:12:00,71.14,--,12,85368,卖盘
864,14:11:54,71.14,0.05,88,626032,买盘
865,14:11:51,71.09,0.01,8,56872,买盘
866,14:11:48,71.08,-0.01,34,241672,卖盘
867,14:11:45,71.09,0.01,1,7109,买盘
868,14:11:42,71.08,0.01,80,568640,买盘
869,14:11:39,71.07,-0.01,17,120818,卖盘
870,14:11:36,71.08,--,4,28432,买盘
871,14:11:33,71.08,--,41,291428,买盘
872,14:11:30,71.08,-0.01,72,511776,卖盘
873,14:11:27,71.09,-0.01,5,35545,卖盘
874,14:11:24,71.1,--,7,49769,买盘
875,14:11:21,71.1,--,6,42660,买盘
876,14:11:18,71.1,--,13,92429,买盘
877,14:11:15,71.1,--,5,35550,卖盘
878,14:11:12,71.1,-0.01,38,270180,卖盘
879,14:11:09,71.11,0.01,15,106665,卖盘
880,14:11:06,71.1,-0.05,50,355500,卖盘
881,14:11:03,71.15,0.04,5,35575,买盘
882,14:11:00,71.11,--,45,319995,卖盘
883,14:10:57,71.11,--,3,21333,卖盘
884,14:10:54,71.11,-0.03,5,35555,买盘
885,14:10:51,71.14,0.03,20,142280,买盘
886,14:10:48,71.11,-0.03,4,28444,卖盘
887,14:10:45,71.14,--,3,21342,买盘
888,14:10:39,71.14,0.03,131,931934,买盘
889,14:10:36,71.11,-0.06,15,106665,卖盘
890,14:10:33,71.17,--,33,234861,买盘
891,14:10:30,71.17,0.06,5,35585,买盘
892,14:10:27,71.11,--,3,21333,卖盘
893,14:10:24,71.11,-0.06,3,21333,卖盘
894,14:10:21,71.17,0.07,30,213510,中性盘
895,14:10:18,71.1,--,6,42660,卖盘
896,14:10:15,71.1,0.01,4,28439,买盘
897,14:10:12,71.09,-0.01,11,78199,卖盘
898,14:10:09,71.1,--,4,28439,卖盘
899,14:10:06,71.1,-0.08,17,120869,中性盘
900,14:10:03,71.18,0.09,23,163714,买盘
901,14:10:00,71.09,-0.09,10,71090,卖盘
902,14:09:57,71.18,0.09,1,7118,买盘
903,14:09:54,71.09,-0.09,2,14218,买盘
904,14:09:51,71.18,0.09,54,384372,买盘
905,14:09:48,71.09,--,13,92417,卖盘
906,14:09:45,71.09,0.01,7,49763,卖盘
907,14:09:42,71.08,-0.01,14,99512,卖盘
908,14:09:36,71.09,-0.01,26,184834,卖盘
909,14:09:33,71.1,--,5,35550,买盘
910,14:09:30,71.1,-0.01,10,71100,中性盘
911,14:09:27,71.11,0.03,62,440882,中性盘
912,14:09:24,71.08,--,6,42648,卖盘
913,14:09:21,71.08,-0.04,100,710800,卖盘
914,14:09:18,71.12,-0.06,38,270256,卖盘
915,14:09:15,71.18,--,54,384372,卖盘
916,14:09:12,71.18,0.08,82,583676,买盘
917,14:09:06,71.1,-0.01,85,604350,卖盘
918,14:09:03,71.11,--,23,163553,卖盘
919,14:09:00,71.11,--,8,56888,卖盘
920,14:08:57,71.11,--,28,199108,买盘
921,14:08:54,71.11,-0.01,1,7111,卖盘
922,14:08:51,71.12,--,13,92456,买盘
923,14:08:48,71.12,-0.06,28,199136,卖盘
924,14:08:45,71.18,--,6,42708,买盘
925,14:08:42,71.18,--,14,99652,买盘
926,14:08:39,71.18,--,26,185068,买盘
927,14:08:36,71.18,--,82,583676,买盘
928,14:08:33,71.18,-0.01,53,377254,卖盘
929,14:08:30,71.19,-0.01,53,377307,买盘
930,14:08:27,71.2,0.01,50,356000,买盘
931,14:08:24,71.19,0.01,11,78309,买盘
932,14:08:21,71.18,--,3,21354,卖盘
933,14:08:18,71.18,--,4,28472,卖盘
934,14:08:15,71.18,0.01,51,363018,买盘
935,14:08:12,71.17,--,10,71170,卖盘
936,14:08:09,71.17,--,8,56936,买盘
937,14:08:06,71.17,0.02,7,49819,买盘
938,14:08:03,71.15,0.02,10,71150,买盘
939,14:08:00,71.13,-0.02,3,21339,卖盘
940,14:07:57,71.15,0.03,12,85380,买盘
941,14:07:54,71.12,--,4,28448,卖盘
942,14:07:51,71.12,--,31,220472,卖盘
943,14:07:48,71.12,0.02,44,312928,买盘
944,14:07:45,71.1,--,15,106649,买盘
945,14:07:42,71.1,--,17,120869,买盘
946,14:07:39,71.1,--,15,106649,买盘
947,14:07:36,71.1,0.05,1,7109,买盘
948,14:07:33,71.05,--,49,348145,卖盘
949,14:07:30,71.05,--,52,369460,卖盘
950,14:07:27,71.05,--,6,42630,卖盘
951,14:07:24,71.05,0.02,94,667870,买盘
952,14:07:21,71.03,-0.01,22,156266,卖盘
953,14:07:18,71.04,-0.01,2,14208,卖盘
954,14:07:15,71.05,0.01,13,92365,买盘
955,14:07:12,71.04,0.01,21,149184,买盘
956,14:07:09,71.03,-0.01,22,156266,卖盘
957,14:07:06,71.04,--,13,92352,卖盘
958,14:07:03,71.04,-0.01,8,56832,卖盘
959,14:07:00,71.05,-0.02,6,42630,卖盘
960,14:06:57,71.07,0.02,14,99497,买盘
961,14:06:54,71.05,-0.02,24,170520,卖盘
962,14:06:51,71.07,--,9,63962,买盘
963,14:06:48,71.07,-0.01,4,28427,中性盘
964,14:06:45,71.08,--,66,469128,买盘
965,14:06:42,71.08,--,44,312752,买盘
966,14:06:39,71.08,--,2,14216,买盘
967,14:06:36,71.08,--,30,213240,卖盘
968,14:06:33,71.08,-0.01,18,127944,卖盘
969,14:06:27,71.09,-0.01,4,28436,卖盘
970,14:06:24,71.1,--,2,14219,买盘
971,14:06:21,71.1,-0.02,2,14219,中性盘
972,14:06:18,71.12,0.02,2,14224,买盘
973,14:06:15,71.1,-0.03,6,42660,卖盘
974,14:06:12,71.13,0.01,7,49791,中性盘
975,14:06:09,71.12,-0.03,11,78232,卖盘
976,14:06:06,71.15,-0.01,12,85380,卖盘
977,14:06:03,71.16,--,36,256176,买盘
978,14:06:00,71.16,--,7,49812,买盘
979,14:05:57,71.16,-0.02,52,370032,卖盘
980,14:05:54,71.18,-0.02,5,35590,卖盘
981,14:05:51,71.2,-0.02,46,327520,卖盘
982,14:05:48,71.22,-0.02,46,327612,中性盘
983,14:05:45,71.24,0.04,6,42744,买盘
984,14:05:42,71.2,-0.01,115,818800,卖盘
985,14:05:39,71.21,-0.02,21,149541,中性盘
986,14:05:36,71.23,0.02,1,7123,买盘
987,14:05:33,71.21,-0.03,14,104678,卖盘
988,14:05:30,71.24,0.01,26,185224,买盘
989,14:05:27,71.23,-0.01,16,113968,中性盘
990,14:05:24,71.24,-0.01,18,128231,卖盘
991,14:05:21,71.25,--,18,128250,买盘
992,14:05:18,71.25,-0.02,113,805125,卖盘
993,14:05:15,71.27,--,8,57016,买盘
994,14:05:12,71.27,0.02,33,235191,买盘
995,14:05:09,71.25,-0.01,35,249375,卖盘
996,14:05:06,71.26,0.01,5,35630,买盘
997,14:05:03,71.25,--,56,399000,买盘
998,14:05:00,71.25,--,15,106875,买盘
999,14:04:57,71.25,-0.02,73,520125,卖盘
1000,14:04:54,71.27,0.01,10,71270,买盘
1001,14:04:51,71.26,0.01,21,149646,买盘
1002,14:04:48,71.25,0.01,24,171000,买盘
1003,14:04:45,71.24,-0.01,20,142480,卖盘
1004,14:04:42,71.25,-0.01,15,106875,卖盘
1005,14:04:39,71.26,0.01,4,28504,买盘
1006,14:04:36,71.25,0.01,8,59137,买盘
1007,14:04:33,71.24,--,4,28495,买盘
1008,14:04:30,71.24,--,8,56991,买盘
1009,14:04:27,71.24,0.04,9,64115,买盘
1010,14:04:24,71.2,--,3,21360,卖盘
1011,14:04:21,71.2,--,16,113920,卖盘
1012,14:04:18,71.2,0.04,183,1302960,买盘
1013,14:04:12,71.16,0.08,91,647556,买盘
1014,14:04:09,71.08,-0.04,86,611288,卖盘
1015,14:04:06,71.12,-0.02,89,632968,卖盘
1016,14:04:03,71.14,-0.01,7,49798,中性盘
1017,14:04:00,71.15,-0.01,96,683040,中性盘
1018,14:03:57,71.16,0.04,88,626208,买盘
1019,14:03:54,71.12,0.02,171,1216152,买盘
1020,14:03:51,71.1,-0.01,136,966959,中性盘
1021,14:03:48,71.11,--,194,1379534,买盘
1022,14:03:45,71.11,--,54,383994,买盘
1023,14:03:42,71.11,--,39,277329,买盘
1024,14:03:39,71.11,0.02,72,511992,买盘
1025,14:03:36,71.09,-0.02,6,42654,中性盘
1026,14:03:33,71.11,0.04,132,938652,买盘
1027,14:03:30,71.07,0.02,238,1691465,买盘
1028,14:03:27,71.05,--,18,127890,买盘
1029,14:03:24,71.05,0.01,25,177625,买盘
1030,14:03:21,71.04,-0.01,329,2337216,卖盘
1031,14:03:18,71.05,0.03,100,710500,买盘
1032,14:03:15,71.02,--,29,205958,卖盘
1033,14:03:12,71.02,0.02,15,106530,买盘
1034,14:03:09,71.0,--,569,4039900,买盘
1035,14:03:06,71.0,0.02,105,745500,买盘
1036,14:03:03,70.98,-0.02,88,624624,卖盘
1037,14:03:00,71.0,-0.02,162,1150200,卖盘
1038,14:02:57,71.02,--,23,163346,买盘
1039,14:02:54,71.02,0.01,93,660486,买盘
1040,14:02:51,71.01,--,4,28404,卖盘
1041,14:02:48,71.01,0.01,202,1434402,买盘
1042,14:02:45,71.0,0.08,207,1469700,买盘
1043,14:02:42,70.92,-0.04,76,538992,中性盘
1044,14:02:39,70.96,0.07,408,2895167,买盘
1045,14:02:36,70.89,--,183,1297287,买盘
1046,14:02:33,70.89,0.03,58,411162,买盘
1047,14:02:30,70.86,-0.01,48,340128,卖盘
1048,14:02:27,70.87,--,67,474829,中性盘
1049,14:02:24,70.87,--,28,198436,买盘
1050,14:02:21,70.87,-0.03,120,850440,卖盘
1051,14:02:18,70.9,--,47,333230,买盘
1052,14:02:15,70.9,--,25,177250,卖盘
1053,14:02:12,70.9,-0.01,72,510480,卖盘
1054,14:02:09,70.91,-0.06,146,1035286,卖盘
1055,14:02:06,70.97,--,10,70970,买盘
1056,14:02:03,70.97,-0.03,39,276783,卖盘
1057,14:02:00,71.0,0.01,53,376300,买盘
1058,14:01:57,70.99,-0.01,289,2051610,卖盘
1059,14:01:54,71.0,--,325,2307500,卖盘
1060,14:01:51,71.0,-0.01,334,2371400,卖盘
1061,14:01:48,71.01,0.01,419,2975319,中性盘
1062,14:01:45,71.0,-0.01,719,5104900,卖盘
1063,14:01:42,71.01,-0.06,188,1334988,卖盘
1064,14:01:39,71.07,0.01,397,2821478,买盘
1065,14:01:36,71.06,--,147,1044582,买盘
1066,14:01:33,71.06,-0.02,42,298452,卖盘
1067,14:01:30,71.08,0.01,125,888500,买盘
1068,14:01:27,71.07,-0.02,153,1087371,卖盘
1069,14:01:24,71.09,-0.01,69,490521,卖盘
1070,14:01:21,71.1,0.01,44,312840,买盘
1071,14:01:18,71.09,-0.01,7,49763,卖盘
1072,14:01:15,71.1,--,65,462149,卖盘
1073,14:01:12,71.1,-0.04,124,881639,卖盘
1074,14:01:09,71.14,-0.04,34,241876,中性盘
1075,14:01:06,71.18,-0.01,640,4555520,卖盘
1076,14:01:03,71.19,--,30,213570,买盘
1077,14:01:00,71.19,-0.01,16,113904,卖盘
1078,14:00:57,71.2,0.01,15,106800,买盘
1079,14:00:54,71.19,-0.01,28,199332,卖盘
1080,14:00:51,71.2,--,21,149520,买盘
1081,14:00:48,71.2,--,141,1003920,买盘
1082,14:00:45,71.2,--,9,64080,买盘
1083,14:00:42,71.2,--,55,391600,买盘
1084,14:00:39,71.2,0.02,20,142400,卖盘
1085,14:00:36,71.18,-0.01,27,192186,卖盘
1086,14:00:33,71.19,-0.01,32,227808,买盘
1087,14:00:30,71.2,0.02,267,1901040,买盘
1088,14:00:27,71.18,--,11,78298,卖盘
1089,14:00:24,71.18,--,17,121006,卖盘
1090,14:00:21,71.18,0.01,6,42708,买盘
1091,14:00:18,71.17,-0.01,22,156574,卖盘
1092,14:00:15,71.18,--,26,185068,买盘
1093,14:00:12,71.18,--,14,99652,买盘
1094,14:00:09,71.18,-0.05,19,135242,卖盘
1095,14:00:06,71.23,--,799,5691277,买盘
1096,14:00:03,71.23,-0.01,245,1745135,卖盘
1097,14:00:00,71.24,--,15,106859,买盘
1098,13:59:57,71.24,-0.01,31,225830,卖盘
1099,13:59:54,71.25,-0.01,48,342000,中性盘
1100,13:59:51,71.26,0.01,30,213780,买盘
1101,13:59:48,71.25,--,20,142500,买盘
1102,13:59:45,71.25,-0.03,182,1296750,卖盘
1103,13:59:42,71.28,0.01,2,14256,买盘
1104,13:59:39,71.27,--,2,14254,买盘
1105,13:59:36,71.27,0.01,13,92651,中性盘
1106,13:59:33,71.26,--,47,334922,卖盘
1107,13:59:30,71.26,-0.01,20,142520,卖盘
1108,13:59:27,71.27,--,3,21381,买盘
1109,13:59:24,71.27,-0.03,8,57016,中性盘
1110,13:59:21,71.3,--,2,14260,买盘
1111,13:59:18,71.3,0.04,9,64170,买盘
1112,13:59:15,71.26,0.01,25,178150,买盘
1113,13:59:12,71.25,--,5,35625,买盘
1114,13:59:09,71.25,--,6,42750,买盘
1115,13:59:06,71.25,-0.03,91,648375,卖盘
1116,13:59:03,71.28,0.03,16,114048,买盘
1117,13:59:00,71.25,-0.02,100,712500,卖盘
1118,13:58:57,71.27,-0.03,245,1746115,卖盘
1119,13:58:54,71.3,--,37,263810,买盘
1120,13:58:51,71.3,0.03,93,663090,卖盘
1121,13:58:48,71.27,-0.03,541,3855707,卖盘
1122,13:58:45,71.3,0.01,2,14260,买盘
1123,13:58:42,71.29,-0.01,13,92677,卖盘
1124,13:58:39,71.3,--,2,14260,买盘
1125,13:58:36,71.3,0.01,11,78430,买盘
1126,13:58:33,71.29,-0.01,12,85548,卖盘
1127,13:58:30,71.3,0.01,37,263810,买盘
1128,13:58:27,71.29,-0.01,12,85548,买盘
1129,13:58:24,71.3,--,38,270940,买盘
1130,13:58:21,71.3,0.01,7,49910,买盘
1131,13:58:18,71.29,0.01,18,128322,中性盘
1132,13:58:15,71.28,-0.01,62,441936,卖盘
1133,13:58:12,71.29,--,47,335063,卖盘
1134,13:58:09,71.29,-0.01,16,114064,卖盘
1135,13:58:06,71.3,--,27,192510,买盘
1136,13:58:03,71.3,-0.01,39,278070,卖盘
1137,13:58:00,71.31,-0.02,29,206799,卖盘
1138,13:57:57,71.33,0.02,7,49931,买盘
1139,13:57:54,71.31,-0.02,70,499170,卖盘
1140,13:57:51,71.33,0.01,3,21399,买盘
1141,13:57:45,71.32,-0.01,1,7131,中性盘
1142,13:57:42,71.33,0.03,69,492177,买盘
1143,13:57:39,71.3,-0.05,260,1853800,卖盘
1144,13:57:36,71.35,--,14,99889,买盘
1145,13:57:33,71.35,--,26,185509,买盘
1146,13:57:30,71.35,-0.05,58,420679,卖盘
1147,13:57:27,71.4,--,54,385560,买盘
1148,13:57:24,71.4,0.02,50,357000,买盘
1149,13:57:21,71.38,-0.02,34,242691,卖盘
1150,13:57:18,71.4,0.01,6,42840,买盘
1151,13:57:15,71.39,--,32,228733,买盘
1152,13:57:12,71.39,--,21,149919,买盘
1153,13:57:09,71.39,--,186,1327854,买盘
1154,13:57:06,71.39,--,23,164197,买盘
1155,13:57:03,71.39,0.04,9,64251,买盘
1156,13:57:00,71.35,-0.03,19,135565,卖盘
1157,13:56:57,71.38,0.04,5,35690,买盘
1158,13:56:54,71.34,-0.01,46,328164,卖盘
1159,13:56:51,71.35,0.01,53,378154,买盘
1160,13:56:48,71.34,--,227,1619418,买盘
1161,13:56:45,71.34,--,17,121278,买盘
1162,13:56:42,71.34,--,21,149814,买盘
1163,13:56:39,71.34,--,60,428040,买盘
1164,13:56:36,71.34,--,36,256824,买盘
1165,13:56:33,71.34,0.02,22,156948,中性盘
1166,13:56:30,71.32,-0.03,122,870103,卖盘
1167,13:56:27,71.35,--,17,121294,买盘
1168,13:56:24,71.35,-0.05,23,164105,卖盘
1169,13:56:21,71.4,0.02,19,135660,买盘
1170,13:56:18,71.38,0.05,10,71380,中性盘
1171,13:56:15,71.33,-0.05,39,278187,卖盘
1172,13:56:12,71.38,0.08,162,1156356,买盘
1173,13:56:09,71.3,0.03,70,499100,买盘
1174,13:56:06,71.27,-0.01,33,237329,卖盘
1175,13:56:03,71.28,-0.01,7,49896,买盘
1176,13:56:00,71.29,--,17,121193,买盘
1177,13:55:57,71.29,0.01,19,135451,买盘
1178,13:55:54,71.28,0.01,24,171072,卖盘
1179,13:55:51,71.27,-0.02,14,99778,卖盘
1180,13:55:48,71.29,--,36,256644,买盘
1181,13:55:45,71.29,--,3,21387,中性盘
1182,13:55:42,71.29,-0.01,14,99806,卖盘
1183,13:55:39,71.3,-0.05,109,777170,卖盘
1184,13:55:36,71.35,0.03,43,306805,买盘
1185,13:55:33,71.32,-0.03,42,299544,卖盘
1186,13:55:30,71.35,--,35,249724,买盘
1187,13:55:27,71.35,-0.03,106,756309,卖盘
1188,13:55:21,71.38,--,10,71380,中性盘
1189,13:55:18,71.38,-0.01,11,78518,买盘
1190,13:55:15,71.39,-0.01,83,592537,中性盘
1191,13:55:12,71.4,0.01,28,199920,买盘
1192,13:55:09,71.39,-0.01,36,257004,卖盘
1193,13:55:06,71.4,--,65,464100,买盘
1194,13:55:03,71.4,--,61,435540,买盘
1195,13:55:00,71.4,0.01,38,271320,买盘
1196,13:54:57,71.39,-0.01,2,14278,中性盘
1197,13:54:54,71.4,0.01,27,195993,卖盘
1198,13:54:51,71.39,-0.01,7,49973,卖盘
1199,13:54:48,71.4,--,120,860727,买盘
1200,13:54:45,71.4,--,9,64260,买盘
1201,13:54:42,71.4,--,34,242760,买盘
1202,13:54:39,71.4,-0.1,210,1502613,卖盘
1203,13:54:36,71.5,--,2,14300,买盘
1204,13:54:33,71.5,--,10,71500,买盘
1205,13:54:30,71.5,--,6,42900,买盘
1206,13:54:27,71.5,--,10,71500,买盘
1207,13:54:24,71.5,--,13,92950,买盘
1208,13:54:21,71.5,-0.08,62,443300,卖盘
1209,13:54:18,71.58,-0.01,40,286320,卖盘
1210,13:54:15,71.59,--,2,14318,买盘
1211,13:54:12,71.59,-0.01,115,823285,中性盘
1212,13:54:09,71.6,0.02,5,35800,买盘
1213,13:54:06,71.58,-0.02,12,85896,卖盘
1214,13:54:03,71.6,--,1,7159,买盘
1215,13:54:00,71.6,0.02,2,14319,买盘
1216,13:53:57,71.58,-0.07,1,7158,中性盘
1217,13:53:51,71.65,0.15,11,78815,买盘
1218,13:53:48,71.5,--,30,214500,买盘
1219,13:53:45,71.5,0.01,5,35750,买盘
1220,13:53:42,71.49,-0.01,33,235916,中性盘
1221,13:53:39,71.5,--,24,171600,买盘
1222,13:53:36,71.5,--,91,650650,买盘
1223,13:53:33,71.5,--,26,185900,买盘
1224,13:53:30,71.5,--,5,35750,买盘
1225,13:53:27,71.5,--,2,14300,买盘
1226,13:53:24,71.5,0.09,2,14300,买盘
1227,13:53:21,71.41,-0.09,97,692677,卖盘
1228,13:53:18,71.5,0.01,2,14300,买盘
1229,13:53:15,71.49,--,26,185874,买盘
1230,13:53:12,71.49,--,5,35745,买盘
1231,13:53:09,71.49,0.07,33,239848,买盘
1232,13:53:06,71.42,-0.07,15,110343,卖盘
1233,13:53:03,71.49,--,20,146911,买盘
1234,13:53:00,71.49,0.05,10,71490,买盘
1235,13:52:57,71.44,-0.05,5,35720,卖盘
1236,13:52:54,71.49,0.03,18,128681,买盘
1237,13:52:51,71.46,-0.03,5,35730,买盘
1238,13:52:48,71.49,--,13,92937,买盘
1239,13:52:42,71.49,0.08,9,64340,买盘
1240,13:52:39,71.41,-0.02,2,14282,买盘
1241,13:52:36,71.43,0.03,13,92859,买盘
1242,13:52:33,71.4,-0.09,109,778260,卖盘
1243,13:52:30,71.49,0.08,13,92937,买盘
1244,13:52:27,71.41,-0.05,56,399896,卖盘
1245,13:52:24,71.46,0.03,24,171503,中性盘
1246,13:52:18,71.43,--,1,7143,买盘
1247,13:52:15,71.43,--,4,28572,中性盘
1248,13:52:12,71.43,-0.02,11,78573,卖盘
1249,13:52:09,71.45,0.02,4,28580,买盘
1250,13:52:06,71.43,-0.02,3,21429,卖盘
1251,13:52:03,71.45,0.04,3,21435,卖盘
1252,13:52:00,71.41,--,8,57128,买盘
1253,13:51:57,71.41,--,25,178525,卖盘
1254,13:51:54,71.41,-0.02,21,149961,卖盘
1255,13:51:51,71.43,0.02,69,492867,买盘
1256,13:51:48,71.41,--,217,1549597,买盘
1257,13:51:42,71.41,0.02,34,242794,买盘
1258,13:51:39,71.39,-0.02,13,92807,卖盘
1259,13:51:36,71.41,0.01,55,392755,买盘
1260,13:51:33,71.4,-0.01,24,171360,卖盘
1261,13:51:30,71.41,--,36,257076,买盘
1262,13:51:27,71.41,--,5,35705,买盘
1263,13:51:24,71.41,--,15,107115,买盘
1264,13:51:21,71.41,0.01,82,585562,买盘
1265,13:51:18,71.4,--,32,228480,买盘
1266,13:51:15,71.4,0.01,16,114240,买盘
1267,13:51:12,71.39,-0.02,234,1670526,卖盘
1268,13:51:06,71.41,0.01,16,114256,买盘
1269,13:51:03,71.4,0.05,7,49980,买盘
1270,13:51:00,71.35,-0.04,2,14269,卖盘
1271,13:50:57,71.39,0.04,51,364089,买盘
1272,13:50:54,71.35,0.02,186,1327110,买盘
1273,13:50:51,71.33,0.02,23,164059,中性盘
1274,13:50:48,71.31,-0.02,25,178275,卖盘
1275,13:50:45,71.33,0.03,56,399448,买盘
1276,13:50:42,71.3,0.03,20,142600,卖盘
1277,13:50:39,71.27,-0.01,34,242318,卖盘
1278,13:50:36,71.28,0.03,22,156816,中性盘
1279,13:50:33,71.25,--,64,456000,卖盘
1280,13:50:30,71.25,--,11,78375,卖盘
1281,13:50:27,71.25,-0.05,65,463125,卖盘
1282,13:50:24,71.3,0.05,46,327980,买盘
1283,13:50:21,71.25,--,111,790875,买盘
1284,13:50:18,71.25,0.01,99,705375,买盘
1285,13:50:15,71.24,--,68,484431,买盘
1286,13:50:12,71.24,-0.05,52,370448,卖盘
1287,13:50:09,71.29,0.02,122,869738,买盘
1288,13:50:06,71.27,--,17,121159,买盘
1289,13:50:03,71.27,0.03,19,135413,买盘
1290,13:50:00,71.24,-0.05,11,78364,中性盘
1291,13:49:57,71.29,--,12,85548,买盘
1292,13:49:54,71.29,-0.01,31,220999,中性盘
1293,13:49:51,71.3,--,455,3244150,买盘
1294,13:49:48,71.3,--,28,199640,买盘
1295,13:49:45,71.3,-0.03,284,2024920,卖盘
1296,13:49:42,71.33,--,28,199724,买盘
1297,13:49:39,71.33,--,73,520709,卖盘
1298,13:49:36,71.33,-0.01,51,363783,卖盘
1299,13:49:33,71.34,--,14,99876,买盘
1300,13:49:30,71.34,--,44,313896,卖盘
1301,13:49:27,71.34,-0.01,23,164082,卖盘
1302,13:49:24,71.35,-0.02,37,263995,卖盘
1303,13:49:21,71.37,--,38,271206,买盘
1304,13:49:18,71.37,0.01,12,85644,买盘
1305,13:49:15,71.36,-0.02,34,242624,卖盘
1306,13:49:12,71.38,-0.01,79,563902,卖盘
1307,13:49:09,71.39,-0.01,77,549703,卖盘
1308,13:49:06,71.4,--,118,842520,卖盘
1309,13:49:03,71.4,--,27,192780,卖盘
1310,13:49:00,71.4,-0.09,86,614040,卖盘
1311,13:48:57,71.49,0.04,94,672006,买盘
1312,13:48:54,71.45,-0.01,37,264365,卖盘
1313,13:48:51,71.46,-0.12,295,2108070,卖盘
1314,13:48:48,71.58,0.08,112,801696,中性盘
1315,13:48:45,71.5,--,121,865150,卖盘
1316,13:48:42,71.5,-0.08,849,6070350,卖盘
1317,13:48:39,71.58,--,7,50106,卖盘
1318,13:48:36,71.58,-0.01,16,114528,卖盘
1319,13:48:33,71.59,0.02,7,50113,买盘
1320,13:48:30,71.57,-0.01,2,14313,卖盘
1321,13:48:27,71.58,0.08,4,28632,买盘
1322,13:48:24,71.5,-0.08,808,5777200,卖盘
1323,13:48:21,71.58,--,8,57264,买盘
1324,13:48:18,71.58,--,70,501060,买盘
1325,13:48:12,71.58,--,19,136002,买盘
1326,13:48:09,71.58,--,11,78738,卖盘
1327,13:48:06,71.58,--,14,100212,卖盘
1328,13:48:03,71.58,--,9,64422,买盘
1329,13:48:00,71.58,0.01,13,93054,买盘
1330,13:47:57,71.57,-0.01,22,157453,卖盘
1331,13:47:54,71.58,--,104,744432,买盘
1332,13:47:51,71.58,--,33,236214,卖盘
1333,13:47:48,71.58,--,31,221898,卖盘
1334,13:47:45,71.58,--,82,586956,卖盘
1335,13:47:42,71.58,-0.01,23,164634,卖盘
1336,13:47:39,71.59,--,5,35795,买盘
1337,13:47:36,71.59,-0.01,52,372268,卖盘
1338,13:47:33,71.6,0.01,5,35800,买盘
1339,13:47:30,71.59,--,4,28636,卖盘
1340,13:47:27,71.59,0.01,18,128862,买盘
1341,13:47:24,71.58,-0.01,17,121686,中性盘
1342,13:47:21,71.59,0.01,9,64431,买盘
1343,13:47:18,71.58,-0.01,60,429480,卖盘
1344,13:47:15,71.59,--,18,128862,买盘
1345,13:47:12,71.59,0.01,20,143180,买盘
1346,13:47:09,71.58,-0.01,40,286320,卖盘
1347,13:47:06,71.59,--,26,186134,买盘
1348,13:47:03,71.59,--,30,214770,买盘
1349,13:47:00,71.59,-0.01,32,229088,卖盘
1350,13:46:57,71.6,--,72,515519,买盘
1351,13:46:54,71.6,--,135,972041,卖盘
1352,13:46:51,71.6,-0.05,12,85920,卖盘
1353,13:46:48,71.65,0.05,44,315260,买盘
1354,13:46:45,71.6,--,27,193319,卖盘
1355,13:46:42,71.6,-0.01,74,529840,卖盘
1356,13:46:39,71.61,-0.05,15,107415,卖盘
1357,13:46:36,71.66,0.06,16,114656,买盘
1358,13:46:33,71.6,--,4,28639,卖盘
1359,13:46:27,71.6,-0.1,138,988079,卖盘
1360,13:46:24,71.7,0.03,74,530580,买盘
1361,13:46:21,71.67,--,45,322515,买盘
1362,13:46:18,71.67,-0.02,69,494523,卖盘
1363,13:46:15,71.69,--,61,437309,卖盘
1364,13:46:12,71.69,-0.01,5,35845,卖盘
1365,13:46:09,71.7,0.01,41,293970,买盘
1366,13:46:06,71.69,-0.01,57,408633,卖盘
1367,13:46:03,71.7,-0.08,120,860400,卖盘
1368,13:46:00,71.78,0.02,6,43068,买盘
1369,13:45:54,71.76,--,6,43056,卖盘
1370,13:45:51,71.76,--,1,7176,卖盘
1371,13:45:48,71.76,--,9,64584,卖盘
1372,13:45:45,71.76,-0.01,1,7176,卖盘
1373,13:45:42,71.77,0.01,9,64593,买盘
1374,13:45:39,71.76,0.03,2,14352,中性盘
1375,13:45:36,71.73,--,27,193671,卖盘
1376,13:45:33,71.73,-0.03,37,265401,卖盘
1377,13:45:27,71.76,0.03,34,243984,买盘
1378,13:45:24,71.73,--,33,236709,卖盘
1379,13:45:18,71.73,-0.03,3,21519,卖盘
1380,13:45:15,71.76,0.04,1,7176,买盘
1381,13:45:12,71.72,--,38,272536,卖盘
1382,13:45:09,71.72,--,17,121924,卖盘
1383,13:45:06,71.72,0.02,22,157784,买盘
1384,13:45:03,71.7,-0.02,6,43020,卖盘
1385,13:45:00,71.72,--,17,121924,买盘
1386,13:44:54,71.72,--,7,50204,买盘
1387,13:44:51,71.72,-0.01,14,100408,卖盘
1388,13:44:48,71.73,-0.02,3,21519,卖盘
1389,13:44:45,71.75,--,18,129150,买盘
1390,13:44:42,71.75,0.02,1,7175,买盘
1391,13:44:39,71.73,--,36,258228,卖盘
1392,13:44:36,71.73,--,96,688608,卖盘
1393,13:44:33,71.73,--,34,243882,买盘
1394,13:44:30,71.73,0.04,8,57384,买盘
1395,13:44:27,71.69,-0.01,10,71690,卖盘
1396,13:44:21,71.7,0.01,7,50190,买盘
1397,13:44:18,71.69,--,15,107535,买盘
1398,13:44:15,71.69,--,3,21507,买盘
1399,13:44:12,71.69,--,11,78859,买盘
1400,13:44:09,71.69,-0.05,282,2021658,卖盘
1401,13:44:06,71.74,--,2,14347,买盘
1402,13:44:03,71.74,--,7,50218,买盘
1403,13:44:00,71.74,-0.03,15,107609,卖盘
1404,13:43:57,71.77,--,1,7177,中性盘
1405,13:43:54,71.77,--,6,43062,买盘
1406,13:43:48,71.77,--,6,43062,买盘
1407,13:43:45,71.77,--,15,107655,买盘
1408,13:43:39,71.77,-0.02,1,7177,中性盘
1409,13:43:33,71.79,0.06,9,64611,买盘
1410,13:43:30,71.73,0.02,8,57384,买盘
1411,13:43:27,71.71,--,2,14341,卖盘
1412,13:43:24,71.71,-0.02,77,552167,卖盘
1413,13:43:21,71.73,0.01,12,86076,买盘
1414,13:43:18,71.72,--,16,114752,买盘
1415,13:43:15,71.72,--,4,28688,买盘
1416,13:43:12,71.72,--,37,265364,买盘
1417,13:43:09,71.72,0.01,2,14344,买盘
1418,13:43:06,71.71,--,26,186445,买盘
1419,13:43:03,71.71,-0.01,9,64538,卖盘
1420,13:43:00,71.72,0.01,3,21516,买盘
1421,13:42:57,71.71,0.05,8,57367,买盘
1422,13:42:51,71.66,-0.01,19,136154,卖盘
1423,13:42:48,71.67,-0.05,57,408519,卖盘
1424,13:42:45,71.72,0.01,6,43032,买盘
1425,13:42:42,71.71,-0.04,2,14341,卖盘
1426,13:42:39,71.75,--,9,64575,买盘
1427,13:42:36,71.75,0.05,6,43050,买盘
1428,13:42:33,71.7,-0.02,56,401520,卖盘
1429,13:42:30,71.72,-0.01,1,7172,卖盘
1430,13:42:27,71.73,-0.07,16,114768,卖盘
1431,13:42:24,71.8,--,10,71800,买盘
1432,13:42:21,71.8,--,2,14360,买盘
1433,13:42:18,71.8,-0.04,30,215400,卖盘
1434,13:42:15,71.84,0.01,17,122128,买盘
1435,13:42:12,71.83,-0.01,16,118160,卖盘
1436,13:42:03,71.84,-0.03,2,14368,卖盘
1437,13:42:00,71.87,--,3,21561,买盘
1438,13:41:57,71.87,0.03,1,7187,买盘
1439,13:41:54,71.84,-0.03,3,21552,卖盘
1440,13:41:45,71.87,--,4,28748,卖盘
1441,13:41:42,71.87,-0.01,9,64683,卖盘
1442,13:41:39,71.88,-0.01,4,28752,中性盘
1443,13:41:33,71.89,-0.01,12,86268,中性盘
1444,13:41:30,71.9,0.03,12,86280,买盘
1445,13:41:27,71.87,-0.03,13,93431,卖盘
1446,13:41:24,71.9,-0.01,1,7190,卖盘
1447,13:41:21,71.91,--,23,165393,买盘
1448,13:41:18,71.91,--,7,50337,买盘
1449,13:41:15,71.91,-0.01,15,107865,卖盘
1450,13:41:12,71.92,--,11,79112,买盘
1451,13:41:09,71.92,0.01,9,64728,买盘
1452,13:41:06,71.91,-0.03,11,79101,卖盘
1453,13:41:03,71.94,0.03,5,35970,买盘
1454,13:41:00,71.91,-0.04,4,28764,卖盘
1455,13:40:54,71.95,0.01,13,93535,买盘
1456,13:40:51,71.94,-0.01,2,14388,中性盘
1457,13:40:48,71.95,0.01,4,28780,中性盘
1458,13:40:42,71.94,-0.02,9,64746,卖盘
1459,13:40:39,71.96,0.01,7,50371,买盘
1460,13:40:36,71.95,0.01,16,115120,买盘
1461,13:40:33,71.94,--,1,7194,买盘
1462,13:40:30,71.94,0.03,1,7194,买盘
1463,13:40:27,71.91,-0.04,13,93483,卖盘
1464,13:40:24,71.95,0.04,4,28780,中性盘
1465,13:40:21,71.91,--,90,647190,卖盘
1466,13:40:18,71.91,--,7,50337,卖盘
1467,13:40:15,71.91,-0.05,2,14382,卖盘
1468,13:40:12,71.96,0.08,2,14391,买盘
1469,13:40:06,71.88,--,16,115008,买盘
1470,13:40:03,71.88,--,11,79068,买盘
1471,13:39:57,71.88,--,4,28752,买盘
1472,13:39:54,71.88,0.05,3,21564,买盘
1473,13:39:51,71.83,-0.05,55,395065,卖盘
1474,13:39:48,71.88,0.02,11,79068,买盘
1475,13:39:45,71.86,-0.02,9,64674,中性盘
1476,13:39:42,71.88,0.07,21,154901,买盘
1477,13:39:39,71.81,-0.07,31,225842,卖盘
1478,13:39:33,71.88,0.01,52,373776,买盘
1479,13:39:30,71.87,0.01,18,129366,买盘
1480,13:39:27,71.86,-0.02,5,35930,卖盘
1481,13:39:24,71.88,-0.08,12,86256,卖盘
1482,13:39:21,71.96,--,15,107939,卖盘
1483,13:39:18,71.96,-0.05,69,496523,卖盘
1484,13:39:15,72.01,0.02,37,266437,买盘
1485,13:39:12,71.99,-0.01,2,14397,卖盘
1486,13:39:09,72.0,0.04,23,165600,买盘
1487,13:39:06,71.96,-0.03,21,151116,卖盘
1488,13:39:03,71.99,0.01,28,201572,买盘
1489,13:39:00,71.98,--,8,57584,卖盘
1490,13:38:57,71.98,-0.01,5,35990,卖盘
1491,13:38:54,71.99,--,2,14397,卖盘
1492,13:38:51,71.99,0.03,6,43194,买盘
1493,13:38:48,71.96,0.09,1,7195,中性盘
1494,13:38:42,71.87,--,6,43122,卖盘
1495,13:38:39,71.87,-0.1,11,79057,中性盘
1496,13:38:30,71.97,0.16,46,331062,买盘
1497,13:38:27,71.81,-0.02,9,64629,卖盘
1498,13:38:24,71.83,0.02,9,68597,买盘
1499,13:38:21,71.81,0.06,1,7181,买盘
1500,13:38:18,71.75,--,31,222425,买盘
1501,13:38:15,71.75,0.03,5,35875,买盘
1502,13:38:09,71.72,--,1,7172,买盘
1503,13:38:06,71.72,0.04,5,35860,买盘
1504,13:38:03,71.68,-0.02,71,508928,卖盘
1505,13:38:00,71.7,0.02,40,286800,买盘
1506,13:37:57,71.68,-0.02,6,43008,卖盘
1507,13:37:54,71.7,0.02,17,121890,买盘
1508,13:37:51,71.68,--,4,28672,买盘
1509,13:37:48,71.68,0.02,11,78848,买盘
1510,13:37:45,71.66,--,18,128988,买盘
1511,13:37:42,71.66,0.01,57,408462,买盘
1512,13:37:39,71.65,0.01,20,143300,买盘
1513,13:37:36,71.64,0.01,6,42984,中性盘
1514,13:37:33,71.63,--,15,109164,买盘
1515,13:37:30,71.63,0.02,112,802256,买盘
1516,13:37:27,71.61,0.01,7,50127,中性盘
1517,13:37:24,71.6,-0.01,47,336520,卖盘
1518,13:37:21,71.61,--,158,1131438,买盘
1519,13:37:18,71.61,--,20,143220,买盘
1520,13:37:15,71.61,0.01,96,687456,买盘
1521,13:37:12,71.6,--,7,50119,买盘
1522,13:37:09,71.6,--,8,57279,买盘
1523,13:37:06,71.6,0.01,20,143200,买盘
1524,13:37:03,71.59,--,17,121703,卖盘
1525,13:37:00,71.59,--,9,64431,买盘
1526,13:36:57,71.59,--,8,57272,买盘
1527,13:36:54,71.59,-0.01,37,264883,卖盘
1528,13:36:51,71.6,--,1,7159,买盘
1529,13:36:48,71.6,--,34,243439,卖盘
1530,13:36:45,71.6,-0.01,18,128879,卖盘
1531,13:36:42,71.61,0.01,17,121737,买盘
1532,13:36:39,71.6,0.02,4,28639,卖盘
1533,13:36:36,71.58,-0.02,28,200424,卖盘
1534,13:36:33,71.6,--,9,64439,买盘
1535,13:36:30,71.6,-0.01,27,193319,卖盘
1536,13:36:27,71.61,0.01,31,221991,买盘
1537,13:36:24,71.6,-0.01,32,229119,卖盘
1538,13:36:21,71.61,--,52,372372,买盘
1539,13:36:18,71.61,--,27,193347,卖盘
1540,13:36:15,71.61,--,33,236313,卖盘
1541,13:36:12,71.61,-0.02,811,5807571,卖盘
1542,13:36:09,71.63,--,34,243541,买盘
1543,13:36:06,71.63,--,11,78793,买盘
1544,13:36:03,71.63,--,327,2342301,卖盘
1545,13:36:00,71.63,-0.02,24,171912,卖盘
1546,13:35:57,71.65,0.04,15,107475,买盘
1547,13:35:54,71.61,-0.02,71,508431,卖盘
1548,13:35:51,71.63,0.01,4,28652,中性盘
1549,13:35:48,71.62,-0.03,17,121754,卖盘
1550,13:35:45,71.65,-0.01,10,71650,卖盘
1551,13:35:42,71.66,0.04,11,81190,买盘
1552,13:35:39,71.62,-0.02,23,164726,中性盘
1553,13:35:36,71.64,0.03,32,229248,买盘
1554,13:35:33,71.61,-0.02,46,329406,卖盘
1555,13:35:30,71.63,-0.04,101,728262,卖盘
1556,13:35:27,71.67,0.03,13,93171,买盘
1557,13:35:24,71.64,-0.01,17,124152,卖盘
1558,13:35:21,71.65,-0.04,42,300930,卖盘
1559,13:35:18,71.69,0.01,65,465985,买盘
1560,13:35:15,71.68,-0.01,119,852992,卖盘
1561,13:35:12,71.69,-0.01,58,415802,卖盘
1562,13:35:09,71.7,-0.01,157,1125690,卖盘
1563,13:35:06,71.71,0.01,139,996768,卖盘
1564,13:35:03,71.7,-0.02,433,3104610,卖盘
1565,13:35:00,71.72,--,37,265364,卖盘
1566,13:34:57,71.72,-0.03,29,207988,卖盘
1567,13:34:54,71.75,-0.01,20,143500,买盘
1568,13:34:51,71.76,0.04,3,21528,卖盘
1569,13:34:48,71.72,-0.08,200,1434400,卖盘
1570,13:34:45,71.8,--,5,35900,买盘
1571,13:34:42,71.8,0.02,32,229760,买盘
1572,13:34:39,71.78,-0.03,45,323010,卖盘
1573,13:34:36,71.81,0.01,39,280059,买盘
1574,13:34:33,71.8,-0.01,14,100520,卖盘
1575,13:34:30,71.81,--,4,28724,买盘
1576,13:34:27,71.81,0.01,6,43086,买盘
1577,13:34:24,71.8,-0.01,60,430800,卖盘
1578,13:34:21,71.81,-0.02,86,620797,卖盘
1579,13:34:18,71.83,--,38,272954,买盘
1580,13:34:15,71.83,--,25,179575,买盘
1581,13:34:12,71.83,--,7,50281,买盘
1582,13:34:09,71.83,0.02,15,107745,买盘
1583,13:34:06,71.81,-0.02,31,222611,卖盘
1584,13:34:03,71.83,-0.02,87,624921,卖盘
1585,13:34:00,71.85,0.02,173,1243005,买盘
1586,13:33:57,71.83,--,6,43098,买盘
1587,13:33:54,71.83,-0.01,51,366333,卖盘
1588,13:33:51,71.84,0.01,65,466960,买盘
1589,13:33:48,71.83,-0.01,32,229856,卖盘
1590,13:33:45,71.84,0.01,20,143680,买盘
1591,13:33:42,71.83,-0.01,51,366333,卖盘
1592,13:33:39,71.84,0.01,14,100576,买盘
1593,13:33:36,71.83,-0.01,47,337601,卖盘
1594,13:33:33,71.84,-0.01,67,481328,卖盘
1595,13:33:30,71.85,--,6,43110,买盘
1596,13:33:24,71.85,-0.05,5,35925,中性盘
1597,13:33:21,71.9,0.07,25,183704,买盘
1598,13:33:18,71.83,-0.05,27,197173,卖盘
1599,13:33:15,71.88,-0.02,23,169277,买盘
1600,13:33:12,71.9,0.07,5,35950,买盘
1601,13:33:06,71.83,0.02,24,172392,买盘
1602,13:33:03,71.81,-0.02,21,150801,卖盘
1603,13:33:00,71.83,--,33,237039,买盘
1604,13:32:54,71.83,--,3,21549,买盘
1605,13:32:51,71.83,-0.04,48,344784,卖盘
1606,13:32:48,71.87,-0.03,282,2026734,卖盘
1607,13:32:45,71.9,0.01,11,79090,买盘
1608,13:32:42,71.89,-0.01,1,7189,卖盘
1609,13:32:39,71.9,--,46,330740,卖盘
1610,13:32:36,71.9,--,10,71900,卖盘
1611,13:32:33,71.9,-0.01,16,115040,卖盘
1612,13:32:30,71.91,-0.01,1,7191,卖盘
1613,13:32:27,71.92,-0.05,53,381176,卖盘
1614,13:32:24,71.97,-0.03,166,1196213,卖盘
1615,13:32:21,72.0,--,43,309600,卖盘
1616,13:32:18,72.0,-0.01,48,345600,卖盘
1617,13:32:15,72.01,--,64,460864,买盘
1618,13:32:09,72.01,--,1,7201,买盘
1619,13:32:06,72.01,--,2,14402,买盘
1620,13:32:03,72.01,--,30,216030,卖盘
1621,13:32:00,72.01,--,22,158422,卖盘
1622,13:31:57,72.01,--,2,14402,卖盘
1623,13:31:54,72.01,--,9,64809,卖盘
1624,13:31:51,72.01,--,11,79211,卖盘
1625,13:31:48,72.01,-0.02,10,72010,卖盘
1626,13:31:45,72.03,--,12,86436,买盘
1627,13:31:42,72.03,0.02,3,21609,买盘
1628,13:31:39,72.01,-0.01,11,79211,卖盘
1629,13:31:36,72.02,0.01,4,28808,中性盘
1630,13:31:33,72.01,-0.02,11,79211,卖盘
1631,13:31:30,72.03,--,16,115824,买盘
1632,13:31:27,72.03,--,10,72030,买盘
1633,13:31:24,72.03,--,8,57624,卖盘
1634,13:31:18,72.03,--,1,7203,卖盘
1635,13:31:12,72.03,--,7,50421,买盘
1636,13:31:09,72.03,0.01,14,100842,买盘
1637,13:31:06,72.02,-0.01,28,201656,卖盘
1638,13:31:03,72.03,--,12,86436,卖盘
1639,13:31:00,72.03,--,24,172872,卖盘
1640,13:30:57,72.03,-0.01,17,122451,卖盘
1641,13:30:54,72.04,0.01,18,129672,买盘
1642,13:30:51,72.03,--,3,21609,卖盘
1643,13:30:48,72.03,--,11,79233,卖盘
1644,13:30:45,72.03,-0.01,9,64827,卖盘
1645,13:30:42,72.04,0.01,2,14408,买盘
1646,13:30:36,72.03,--,9,64827,卖盘
1647,13:30:33,72.03,-0.02,16,115248,卖盘
1648,13:30:30,72.05,0.02,1,7205,买盘
1649,13:30:27,72.03,-0.02,21,151263,卖盘
1650,13:30:24,72.05,0.01,10,72050,买盘
1651,13:30:15,72.04,--,15,108060,卖盘
1652,13:30:12,72.04,--,5,36020,中性盘
1653,13:30:09,72.04,0.01,20,144080,卖盘
1654,13:30:03,72.03,-0.02,20,144060,卖盘
1655,13:30:00,72.05,--,38,273790,买盘
1656,13:29:57,72.05,0.02,103,742115,买盘
1657,13:29:54,72.03,--,83,597849,卖盘
1658,13:29:51,72.03,--,10,72030,卖盘
1659,13:29:48,72.03,-0.02,10,72030,卖盘
1660,13:29:45,72.05,--,43,313057,卖盘
1661,13:29:42,72.05,-0.01,61,439505,卖盘
1662,13:29:39,72.06,--,2,14412,中性盘
1663,13:29:36,72.06,-0.02,13,93678,卖盘
1664,13:29:33,72.08,0.02,12,86496,中性盘
1665,13:29:30,72.06,0.01,13,93678,中性盘
1666,13:29:27,72.05,--,11,79255,卖盘
1667,13:29:24,72.05,--,10,72050,卖盘
1668,13:29:21,72.05,--,15,108075,卖盘
1669,13:29:18,72.05,--,19,136895,卖盘
1670,13:29:15,72.05,-0.01,22,158510,卖盘
1671,13:29:12,72.06,-0.02,22,158532,卖盘
1672,13:29:09,72.08,0.03,96,695932,买盘
1673,13:29:06,72.05,0.02,114,821370,买盘
1674,13:29:03,72.03,-0.02,44,316932,卖盘
1675,13:29:00,72.05,-0.03,111,799755,卖盘
1676,13:28:57,72.08,0.02,20,144160,买盘
1677,13:28:54,72.06,0.01,3,21618,中性盘
1678,13:28:51,72.05,-0.03,15,108075,卖盘
1679,13:28:48,72.08,0.03,11,79288,买盘
1680,13:28:45,72.05,--,18,129690,卖盘
1681,13:28:42,72.05,--,43,309815,卖盘
1682,13:28:39,72.05,--,12,86460,卖盘
1683,13:28:36,72.05,--,22,158510,买盘
1684,13:28:33,72.05,0.02,2,14410,买盘
1685,13:28:30,72.03,--,16,115248,卖盘
1686,13:28:27,72.03,-0.02,38,273714,卖盘
1687,13:28:24,72.05,0.02,43,309815,买盘
1688,13:28:21,72.03,--,54,388962,卖盘
1689,13:28:18,72.03,-0.06,140,1008420,卖盘
1690,13:28:15,72.09,0.05,1,7209,买盘
1691,13:28:12,72.04,0.01,11,79244,卖盘
1692,13:28:09,72.03,--,19,136857,卖盘
1693,13:28:06,72.03,--,1,7203,卖盘
1694,13:28:03,72.03,--,3,21609,卖盘
1695,13:28:00,72.03,0.01,32,230496,买盘
1696,13:27:57,72.02,--,3,21606,卖盘
1697,13:27:54,72.02,0.02,20,150665,买盘
1698,13:27:51,72.0,-0.02,41,295200,卖盘
1699,13:27:48,72.02,--,97,698594,买盘
1700,13:27:45,72.02,-0.01,5,36010,买盘
1701,13:27:42,72.03,0.02,19,136857,买盘
1702,13:27:39,72.01,-0.02,13,93613,卖盘
1703,13:27:36,72.03,0.01,8,57624,卖盘
1704,13:27:33,72.02,0.02,2,14404,卖盘
1705,13:27:30,72.0,--,14,100800,卖盘
1706,13:27:27,72.0,-0.04,23,165600,卖盘
1707,13:27:24,72.04,0.04,23,165692,买盘
1708,13:27:21,72.0,-0.04,30,216000,卖盘
1709,13:27:18,72.04,0.04,6,43224,买盘
1710,13:27:15,72.0,-0.01,38,273600,卖盘
1711,13:27:12,72.01,-0.03,4,28804,卖盘
1712,13:27:09,72.04,0.03,2,14408,中性盘
1713,13:27:06,72.01,-0.07,142,1022542,买盘
1714,13:27:03,72.08,0.07,38,273904,买盘
1715,13:27:00,72.01,0.01,55,396055,中性盘
1716,13:26:57,72.0,--,34,244800,卖盘
1717,13:26:54,72.0,-0.09,29,208800,卖盘
1718,13:26:51,72.09,0.09,6,43254,买盘
1719,13:26:48,72.0,-0.14,6,43200,卖盘
1720,13:26:45,72.14,0.09,291,2099274,买盘
1721,13:26:42,72.05,-0.04,102,734910,卖盘
1722,13:26:39,72.09,-0.04,84,605556,卖盘
1723,13:26:36,72.13,-0.12,1626,11728338,卖盘
1724,13:26:33,72.25,-0.03,18,130050,卖盘
1725,13:26:30,72.28,-0.02,73,527644,中性盘
1726,13:26:27,72.3,--,10,72300,买盘
1727,13:26:21,72.3,0.03,6,43380,买盘
1728,13:26:18,72.27,--,1,7227,买盘
1729,13:26:12,72.27,-0.03,1,7227,卖盘
1730,13:26:06,72.3,--,4,28920,买盘
1731,13:26:03,72.3,0.04,35,253050,买盘
1732,13:26:00,72.26,--,1,7226,卖盘
1733,13:25:57,72.26,--,6,43356,卖盘
1734,13:25:54,72.26,--,3,21678,卖盘
1735,13:25:51,72.26,--,10,72260,买盘
1736,13:25:48,72.26,--,8,57808,买盘
1737,13:25:45,72.26,--,2,14452,买盘
1738,13:25:39,72.26,--,7,50582,买盘
1739,13:25:36,72.26,0.01,3,21678,中性盘
1740,13:25:33,72.25,-0.05,2,14450,卖盘
1741,13:25:30,72.3,0.05,7,50610,买盘
1742,13:25:27,72.25,0.04,189,1365525,买盘
1743,13:25:24,72.21,-0.01,2,14441,卖盘
1744,13:25:21,72.22,--,4,28888,卖盘
1745,13:25:18,72.22,-0.03,3,21666,中性盘
1746,13:25:15,72.25,--,17,122825,买盘
1747,13:25:12,72.25,--,2,14450,买盘
1748,13:25:09,72.25,0.04,7,50575,买盘
1749,13:25:06,72.21,-0.04,3,21662,卖盘
1750,13:25:00,72.25,--,2,14450,买盘
1751,13:24:57,72.25,--,11,79475,买盘
1752,13:24:54,72.25,-0.05,83,599675,卖盘
1753,13:24:51,72.3,--,2,14460,卖盘
1754,13:24:48,72.3,--,7,50610,卖盘
1755,13:24:42,72.3,-0.04,9,65070,卖盘
1756,13:24:36,72.34,0.04,2,14468,买盘
1757,13:24:33,72.3,-0.04,6,43380,卖盘
1758,13:24:30,72.34,0.04,51,368934,中性盘
1759,13:24:27,72.3,--,13,93990,卖盘
1760,13:24:21,72.3,-0.05,3,21690,卖盘
1761,13:24:18,72.35,0.05,75,542625,买盘
1762,13:24:15,72.3,--,20,144600,卖盘
1763,13:24:12,72.3,--,55,397650,卖盘
1764,13:24:03,72.3,--,36,260280,卖盘
1765,13:24:00,72.3,--,7,50610,卖盘
1766,13:23:57,72.3,--,10,72300,买盘
1767,13:23:51,72.3,--,4,28920,买盘
1768,13:23:48,72.3,-0.02,161,1164030,卖盘
1769,13:23:45,72.32,-0.02,14,101247,卖盘
1770,13:23:36,72.34,--,2,14468,买盘
1771,13:23:33,72.34,-0.01,5,36170,卖盘
1772,13:23:24,72.35,0.03,3,21705,买盘
1773,13:23:18,72.32,0.01,5,36160,中性盘
1774,13:23:12,72.31,0.02,11,79541,中性盘
1775,13:23:03,72.29,--,2,14458,卖盘
1776,13:23:00,72.29,-0.01,34,245786,买盘
1777,13:22:57,72.3,0.02,4,28920,中性盘
1778,13:22:51,72.28,-0.01,24,173472,卖盘
1779,13:22:45,72.29,-0.01,13,93977,卖盘
1780,13:22:39,72.3,0.03,2,14460,卖盘
1781,13:22:36,72.27,-0.01,5,36135,卖盘
1782,13:22:33,72.28,-0.01,10,72280,卖盘
1783,13:22:30,72.29,-0.15,5,36145,卖盘
1784,13:22:27,72.44,0.15,29,210076,买盘
1785,13:22:24,72.29,-0.06,30,216870,卖盘
1786,13:22:21,72.35,-0.04,8,57879,卖盘
1787,13:22:18,72.39,0.01,2,14478,买盘
1788,13:22:15,72.38,0.02,10,72380,买盘
1789,13:22:09,72.36,-0.01,2,14472,卖盘
1790,13:22:06,72.37,--,5,36185,卖盘
1791,13:22:03,72.37,-0.02,6,43422,卖盘
1792,13:22:00,72.39,0.02,1,7239,买盘
1793,13:21:54,72.37,-0.02,5,36185,卖盘
1794,13:21:48,72.39,0.01,1,7239,买盘
1795,13:21:45,72.38,--,1,7238,卖盘
1796,13:21:39,72.38,0.01,5,36190,中性盘
1797,13:21:36,72.37,-0.02,1,7237,中性盘
1798,13:21:30,72.39,0.02,2,14478,买盘
1799,13:21:27,72.37,-0.01,5,36185,买盘
1800,13:21:24,72.38,0.01,5,36190,买盘
1801,13:21:21,72.37,0.04,1,7237,中性盘
1802,13:21:18,72.33,--,7,50631,卖盘
1803,13:21:12,72.33,-0.04,5,36165,卖盘
1804,13:21:06,72.37,-0.01,4,28948,卖盘
1805,13:21:03,72.38,--,30,217140,买盘
1806,13:20:57,72.38,0.01,2,14476,买盘
1807,13:20:54,72.37,-0.01,16,115792,卖盘
1808,13:20:51,72.38,0.01,3,21714,中性盘
1809,13:20:48,72.37,-0.04,10,72370,卖盘
1810,13:20:45,72.41,--,8,57928,买盘
1811,13:20:39,72.41,--,2,14482,买盘
1812,13:20:36,72.41,-0.02,8,57928,卖盘
1813,13:20:33,72.43,-0.01,14,101402,中性盘
1814,13:20:27,72.44,--,18,130392,买盘
1815,13:20:24,72.44,--,19,137636,买盘
1816,13:20:21,72.44,--,3,21732,买盘
1817,13:20:18,72.44,0.03,8,57952,买盘
1818,13:20:15,72.41,-0.03,2,14482,卖盘
1819,13:20:12,72.44,--,9,65196,买盘
1820,13:20:09,72.44,--,4,28976,买盘
1821,13:20:06,72.44,--,2,14488,买盘
1822,13:20:03,72.44,--,16,115904,买盘
1823,13:20:00,72.44,--,1,7244,买盘
1824,13:19:57,72.44,--,9,65196,买盘
1825,13:19:54,72.44,0.06,47,340468,买盘
1826,13:19:51,72.38,0.01,7,50666,买盘
1827,13:19:48,72.37,--,24,173688,买盘
1828,13:19:45,72.37,--,2,14474,买盘
1829,13:19:42,72.37,0.01,12,86844,买盘
1830,13:19:39,72.36,--,131,947916,买盘
1831,13:19:36,72.36,0.02,82,593352,买盘
1832,13:19:33,72.34,0.01,4,28936,买盘
1833,13:19:30,72.33,0.03,2,14466,买盘
1834,13:19:27,72.3,-0.01,5,36150,买盘
1835,13:19:24,72.31,0.02,3,21693,买盘
1836,13:19:21,72.29,-0.01,10,72290,卖盘
1837,13:19:15,72.3,--,11,79530,买盘
1838,13:19:12,72.3,--,5,36150,买盘
1839,13:19:09,72.3,0.02,91,657930,买盘
1840,13:19:06,72.28,-0.02,1,7228,卖盘
1841,13:19:03,72.3,--,2,14460,买盘
1842,13:19:00,72.3,0.02,18,130140,买盘
1843,13:18:57,72.28,--,1,7228,买盘
1844,13:18:54,72.28,--,1,7228,买盘
1845,13:18:51,72.28,-0.02,8,57824,卖盘
1846,13:18:45,72.3,0.03,15,108450,买盘
1847,13:18:42,72.27,-0.03,38,274626,卖盘
1848,13:18:39,72.3,-0.01,4,28920,中性盘
1849,13:18:33,72.31,--,6,43386,买盘
1850,13:18:30,72.31,--,5,36155,买盘
1851,13:18:27,72.31,-0.04,5,36155,卖盘
1852,13:18:18,72.35,--,2,14469,买盘
1853,13:18:15,72.35,0.02,2,14469,买盘
1854,13:18:12,72.33,--,5,36165,买盘
1855,13:18:06,72.33,-0.02,1,7233,中性盘
1856,13:18:03,72.35,0.08,13,94054,买盘
1857,13:17:57,72.27,-0.03,4,28908,卖盘
1858,13:17:54,72.3,--,1,7230,卖盘
1859,13:17:51,72.3,0.03,14,101220,买盘
1860,13:17:48,72.27,--,23,166221,卖盘
1861,13:17:45,72.27,--,22,158994,卖盘
1862,13:17:42,72.27,--,32,231264,买盘
1863,13:17:39,72.27,--,2,14454,买盘
1864,13:17:36,72.27,--,5,36135,买盘
1865,13:17:33,72.27,--,21,151767,卖盘
1866,13:17:27,72.27,-0.02,10,72270,卖盘
1867,13:17:24,72.29,0.02,2,14458,中性盘
1868,13:17:21,72.27,-0.01,37,267399,卖盘
1869,13:17:18,72.28,-0.02,12,86736,卖盘
1870,13:17:15,72.3,0.02,1,7230,买盘
1871,13:17:12,72.28,-0.02,5,36140,卖盘
1872,13:17:09,72.3,0.02,1,7230,买盘
1873,13:17:03,72.28,--,1,7228,卖盘
1874,13:17:00,72.28,-0.02,2,14456,卖盘
1875,13:16:57,72.3,--,1,7230,买盘
1876,13:16:54,72.3,-0.05,11,79530,卖盘
1877,13:16:51,72.35,0.05,2,14469,买盘
1878,13:16:48,72.3,-0.05,7,50610,卖盘
1879,13:16:45,72.35,--,4,28939,买盘
1880,13:16:42,72.35,--,24,173640,卖盘
1881,13:16:39,72.35,--,10,72350,卖盘
1882,13:16:36,72.35,-0.02,10,72350,卖盘
1883,13:16:30,72.37,0.01,19,137503,买盘
1884,13:16:24,72.36,-0.04,68,492048,卖盘
1885,13:16:21,72.4,0.03,1,7240,买盘
1886,13:16:18,72.37,-0.03,3,21711,卖盘
1887,13:16:15,72.4,--,19,137560,买盘
1888,13:16:12,72.4,-0.04,40,289600,卖盘
1889,13:16:09,72.44,-0.02,22,159368,卖盘
1890,13:16:06,72.46,0.01,203,1470937,买盘
1891,13:16:03,72.45,--,6,43470,卖盘
1892,13:16:00,72.45,--,15,108675,卖盘
1893,13:15:54,72.45,--,11,79695,卖盘
1894,13:15:51,72.45,0.02,40,289800,买盘
1895,13:15:48,72.43,-0.01,2,14486,卖盘
1896,13:15:45,72.44,--,4,28976,买盘
1897,13:15:42,72.44,-0.02,4,28976,买盘
1898,13:15:39,72.46,0.01,51,369545,买盘
1899,13:15:36,72.45,--,1,7245,买盘
1900,13:15:33,72.45,-0.01,19,137655,卖盘
1901,13:15:30,72.46,0.01,46,333316,买盘
1902,13:15:27,72.45,--,2,14490,卖盘
1903,13:15:24,72.45,-0.03,1,7245,卖盘
1904,13:15:21,72.48,0.03,18,130464,买盘
1905,13:15:18,72.45,--,2,14490,买盘
1906,13:15:12,72.45,0.01,9,65205,中性盘
1907,13:15:06,72.44,-0.04,2,14488,卖盘
1908,13:15:03,72.48,0.03,68,492864,买盘
1909,13:15:00,72.45,0.02,30,217350,买盘
1910,13:14:57,72.43,--,12,86916,卖盘
1911,13:14:54,72.43,0.02,22,159346,卖盘
1912,13:14:51,72.41,0.01,5,36205,买盘
1913,13:14:48,72.4,-0.03,16,115840,卖盘
1914,13:14:45,72.43,-0.01,10,72430,中性盘
1915,13:14:42,72.44,0.03,22,159368,买盘
1916,13:14:39,72.41,--,13,94133,卖盘
1917,13:14:36,72.41,--,55,398255,卖盘
1918,13:14:33,72.41,-0.01,24,173784,卖盘
1919,13:14:30,72.42,0.01,5,36210,中性盘
1920,13:14:27,72.41,-0.07,4,28964,卖盘
1921,13:14:24,72.48,0.05,130,942240,买盘
1922,13:14:18,72.43,-0.04,48,347664,卖盘
1923,13:14:15,72.47,-0.01,37,268139,买盘
1924,13:14:12,72.48,--,43,311664,买盘
1925,13:14:09,72.48,0.01,28,202944,买盘
1926,13:14:06,72.47,-0.02,8,57976,中性盘
1927,13:14:03,72.49,0.01,17,123232,买盘
1928,13:14:00,72.48,--,9,65232,卖盘
1929,13:13:57,72.48,0.01,52,376896,买盘
1930,13:13:54,72.47,0.03,77,558019,买盘
1931,13:13:51,72.44,0.02,10,72440,买盘
1932,13:13:48,72.42,0.01,19,137598,中性盘
1933,13:13:45,72.41,-0.02,15,108615,卖盘
1934,13:13:42,72.43,--,6,43458,买盘
1935,13:13:39,72.43,0.02,4,28972,中性盘
1936,13:13:36,72.41,--,46,333086,卖盘
1937,13:13:33,72.41,-0.06,4,28964,卖盘
1938,13:13:30,72.47,0.02,35,253645,买盘
1939,13:13:27,72.45,-0.02,4,28980,中性盘
1940,13:13:24,72.47,0.02,1,7247,中性盘
1941,13:13:21,72.45,0.04,3,21735,卖盘
1942,13:13:18,72.41,-0.03,29,209989,卖盘
1943,13:13:15,72.44,0.04,3,21732,买盘
1944,13:13:12,72.4,--,82,593680,买盘
1945,13:13:09,72.4,--,27,195480,买盘
1946,13:13:06,72.4,--,39,282360,买盘
1947,13:13:03,72.4,0.01,57,412680,买盘
1948,13:13:00,72.39,--,31,224409,买盘
1949,13:12:57,72.39,0.01,3,21717,买盘
1950,13:12:54,72.38,0.02,16,115808,买盘
1951,13:12:51,72.36,0.01,13,94068,买盘
1952,13:12:48,72.35,--,2,14469,卖盘
1953,13:12:45,72.35,0.01,50,361750,买盘
1954,13:12:39,72.34,0.01,10,72340,买盘
1955,13:12:36,72.33,-0.01,1,7233,买盘
1956,13:12:33,72.34,0.03,12,86808,买盘
1957,13:12:30,72.31,-0.02,2,14462,卖盘
1958,13:12:24,72.33,0.02,10,72330,买盘
1959,13:12:21,72.31,0.01,6,43386,买盘
1960,13:12:18,72.3,0.02,1,7230,中性盘
1961,13:12:12,72.28,-0.02,41,296348,卖盘
1962,13:12:09,72.3,--,20,144600,卖盘
1963,13:12:06,72.3,--,5,36150,卖盘
1964,13:12:03,72.3,0.02,3,21690,买盘
1965,13:12:00,72.28,-0.02,1,7228,卖盘
1966,13:11:57,72.3,0.02,4,28920,买盘
1967,13:11:54,72.28,--,40,289120,卖盘
1968,13:11:51,72.28,-0.02,12,86736,卖盘
1969,13:11:48,72.3,0.05,4,28920,买盘
1970,13:11:39,72.25,-0.03,21,151725,卖盘
1971,13:11:33,72.28,--,8,57824,卖盘
1972,13:11:30,72.28,--,1,7228,卖盘
1973,13:11:27,72.28,--,22,159016,卖盘
1974,13:11:24,72.28,--,7,50596,买盘
1975,13:11:21,72.28,--,2,14456,买盘
1976,13:11:18,72.28,0.05,3,21684,买盘
1977,13:11:15,72.23,-0.02,2,14446,卖盘
1978,13:11:09,72.25,0.02,11,79475,中性盘
1979,13:11:06,72.23,-0.07,18,130014,卖盘
1980,13:11:03,72.3,--,2,14460,买盘
1981,13:11:00,72.3,--,17,122910,买盘
1982,13:10:57,72.3,--,15,108450,买盘
1983,13:10:54,72.3,--,1,7230,买盘
1984,13:10:51,72.3,--,10,72300,买盘
1985,13:10:48,72.3,0.09,2,14460,买盘
1986,13:10:42,72.21,0.01,21,151641,卖盘
1987,13:10:39,72.2,0.01,15,108300,买盘
1988,13:10:36,72.19,0.03,50,360950,买盘
1989,13:10:33,72.16,-0.02,16,115456,卖盘
1990,13:10:30,72.18,0.02,47,339246,买盘
1991,13:10:27,72.16,0.01,10,72160,买盘
1992,13:10:21,72.15,0.01,1,7215,买盘
1993,13:10:15,72.14,0.01,5,36070,买盘
1994,13:10:09,72.13,--,11,79343,卖盘
1995,13:10:03,72.13,--,12,86556,买盘
1996,13:10:00,72.13,0.01,1,7213,买盘
1997,13:09:54,72.12,0.02,4,28848,买盘
1998,13:09:51,72.1,--,15,108149,卖盘
1999,13:09:45,72.1,0.01,44,317240,买盘
2000,13:09:42,72.09,-0.01,4,28836,卖盘
2001,13:09:39,72.1,--,4,28839,买盘
2002,13:09:33,72.1,--,24,173040,买盘
2003,13:09:30,72.1,--,10,72100,买盘
2004,13:09:27,72.1,--,1,7209,买盘
2005,13:09:24,72.1,--,4,28839,买盘
2006,13:09:21,72.1,0.03,6,43260,买盘
2007,13:09:15,72.07,--,18,129725,卖盘
2008,13:09:03,72.07,0.02,37,266659,中性盘
2009,13:09:00,72.05,--,12,86460,卖盘
2010,13:08:57,72.05,--,5,36025,卖盘
2011,13:08:54,72.05,--,50,360250,买盘
2012,13:08:51,72.05,-0.05,11,79255,卖盘
2013,13:08:42,72.1,--,82,591220,买盘
2014,13:08:39,72.1,--,13,93729,买盘
2015,13:08:36,72.1,0.01,11,79310,买盘
2016,13:08:30,72.09,0.04,2,14418,买盘
2017,13:08:27,72.05,0.01,2,14410,买盘
2018,13:08:24,72.04,-0.04,2,14408,卖盘
2019,13:08:21,72.08,--,9,64872,买盘
2020,13:08:15,72.08,0.05,22,158576,买盘
2021,13:08:09,72.03,-0.05,1,7203,中性盘
2022,13:08:06,72.08,0.06,14,100912,买盘
2023,13:08:03,72.02,--,5,36010,卖盘
2024,13:08:00,72.02,--,32,230464,卖盘
2025,13:07:57,72.02,-0.01,20,144040,卖盘
2026,13:07:54,72.03,-0.07,11,79233,卖盘
2027,13:07:51,72.1,0.08,50,360500,买盘
2028,13:07:45,72.02,-0.07,9,64818,卖盘
2029,13:07:42,72.09,0.07,2,14418,买盘
2030,13:07:39,72.02,--,19,136838,卖盘
2031,13:07:36,72.02,-0.05,2,14404,卖盘
2032,13:07:33,72.07,0.05,1,7206,中性盘
2033,13:07:30,72.02,-0.08,208,1498016,卖盘
2034,13:07:27,72.1,--,7,50469,买盘
2035,13:07:24,72.1,--,3,21630,买盘
2036,13:07:18,72.1,--,3,21630,买盘
2037,13:07:15,72.1,--,53,382129,卖盘
2038,13:07:12,72.1,--,1,7209,卖盘
2039,13:07:06,72.1,--,1,7209,卖盘
2040,13:07:03,72.1,--,2,14419,卖盘
2041,13:07:00,72.1,--,5,36050,卖盘
2042,13:06:57,72.1,--,13,93729,卖盘
2043,13:06:48,72.1,0.04,52,374919,买盘
2044,13:06:45,72.06,--,2,14412,卖盘
2045,13:06:36,72.06,--,4,28824,卖盘
2046,13:06:30,72.06,--,8,57648,卖盘
2047,13:06:24,72.06,-0.01,6,43236,卖盘
2048,13:06:15,72.07,-0.03,6,43241,卖盘
2049,13:06:12,72.1,--,2,14419,买盘
2050,13:06:09,72.1,0.03,5,36050,买盘
2051,13:06:06,72.07,-0.03,6,43241,卖盘
2052,13:06:03,72.1,-0.02,7,50469,卖盘
2053,13:05:57,72.12,-0.02,3,21636,中性盘
2054,13:05:54,72.14,0.04,23,165922,买盘
2055,13:05:51,72.1,--,1,7209,卖盘
2056,13:05:42,72.1,-0.04,2,14419,卖盘
2057,13:05:39,72.14,0.02,7,50498,卖盘
2058,13:05:36,72.12,--,5,36060,买盘
2059,13:05:33,72.12,-0.04,1,7212,中性盘
2060,13:05:27,72.16,0.04,6,43296,买盘
2061,13:05:24,72.12,--,1,7212,买盘
2062,13:05:21,72.12,0.01,8,57696,中性盘
2063,13:05:15,72.11,-0.06,48,346128,卖盘
2064,13:05:09,72.17,--,9,64953,卖盘
2065,13:05:06,72.17,--,4,28868,卖盘
2066,13:05:03,72.17,--,1,7217,卖盘
2067,13:05:00,72.17,--,2,14434,卖盘
2068,13:04:57,72.17,0.02,134,967078,买盘
2069,13:04:51,72.15,0.03,1,7215,买盘
2070,13:04:48,72.12,-0.03,1,7212,卖盘
2071,13:04:45,72.15,--,1,7215,买盘
2072,13:04:42,72.15,--,27,194805,卖盘
2073,13:04:39,72.15,--,53,382395,卖盘
2074,13:04:30,72.15,--,9,64935,卖盘
2075,13:04:27,72.15,0.04,4,28860,买盘
2076,13:04:18,72.11,0.01,6,43266,买盘
2077,13:04:15,72.1,--,19,136990,卖盘
2078,13:04:12,72.1,-0.01,7,50469,卖盘
2079,13:04:09,72.11,0.01,3,21633,买盘
2080,13:04:06,72.1,-0.01,5,36050,卖盘
2081,13:04:03,72.11,--,3,21633,卖盘
2082,13:04:00,72.11,-0.02,4,28844,卖盘
2083,13:03:57,72.13,--,1,7213,买盘
2084,13:03:54,72.13,-0.01,1,7213,卖盘
2085,13:03:51,72.14,--,2,14428,买盘
2086,13:03:48,72.14,--,8,57712,买盘
2087,13:03:45,72.14,0.03,10,72140,买盘
2088,13:03:42,72.11,-0.04,6,43266,卖盘
2089,13:03:39,72.15,--,14,101010,买盘
2090,13:03:36,72.15,--,3,21645,买盘
2091,13:03:33,72.15,-0.02,33,238095,卖盘
2092,13:03:30,72.17,--,2,14434,买盘
2093,13:03:27,72.17,--,3,21651,买盘
2094,13:03:24,72.17,0.01,9,64953,买盘
2095,13:03:21,72.16,0.01,6,43296,买盘
2096,13:03:18,72.15,--,3,21645,卖盘
2097,13:03:15,72.15,--,7,50505,买盘
2098,13:03:12,72.15,--,4,28860,买盘
2099,13:03:09,72.15,0.01,4,28860,买盘
2100,13:03:06,72.14,0.02,12,86568,买盘
2101,13:03:03,72.12,-0.03,2,14424,中性盘
2102,13:03:00,72.15,0.05,4,28860,买盘
2103,13:02:42,72.1,--,2,14419,卖盘
2104,13:02:39,72.1,0.02,35,252349,买盘
2105,13:02:33,72.08,0.02,1,7208,买盘
2106,13:02:30,72.06,--,1,7206,卖盘
2107,13:02:27,72.06,-0.02,1,7206,中性盘
2108,13:02:21,72.08,0.01,1,7208,买盘
2109,13:02:18,72.07,0.02,9,64862,买盘
2110,13:02:15,72.05,0.01,1,7205,中性盘
2111,13:02:12,72.04,-0.02,4,28816,卖盘
2112,13:02:03,72.06,--,1,7206,卖盘
2113,13:02:00,72.06,-0.02,5,36030,卖盘
2114,13:01:57,72.08,0.05,14,100912,买盘
2115,13:01:54,72.03,-0.02,20,144060,卖盘
2116,13:01:51,72.05,--,2,14410,买盘
2117,13:01:48,72.05,--,5,36025,卖盘
2118,13:01:45,72.05,-0.04,4,28820,卖盘
2119,13:01:42,72.09,-0.01,3,21627,卖盘
2120,13:01:39,72.1,-0.07,20,144200,卖盘
2121,13:01:33,72.17,--,2,14434,买盘
2122,13:01:30,72.17,--,2,14434,买盘
2123,13:01:27,72.17,-0.01,26,187642,买盘
2124,13:01:24,72.18,0.01,5,36090,买盘
2125,13:01:21,72.17,0.11,3,21651,买盘
2126,13:01:18,72.06,-0.11,4,28824,卖盘
2127,13:01:15,72.17,0.1,10,72170,买盘
2128,13:01:12,72.07,0.03,2,14413,中性盘
2129,13:00:57,72.04,-0.13,1,7204,中性盘
2130,13:00:48,72.17,0.14,26,193343,买盘
2131,13:00:45,72.03,--,1,7203,买盘
2132,13:00:42,72.03,--,1,7203,买盘
2133,13:00:39,72.03,0.01,3,21609,买盘
2134,13:00:36,72.02,-0.01,1,7202,卖盘
2135,13:00:30,72.03,--,1,7203,买盘
2136,13:00:27,72.03,--,3,21609,买盘
2137,13:00:24,72.03,-0.02,24,174384,卖盘
2138,13:00:18,72.05,-0.06,6,43230,卖盘
2139,13:00:15,72.11,0.06,3,27329,买盘
2140,13:00:09,72.05,0.02,2,14410,买盘
2141,13:00:06,72.03,--,51,367353,卖盘
2142,13:00:03,72.03,--,224,1613472,卖盘
2143,13:00:00,72.03,--,0,0,卖盘
2144,11:30:00,72.03,-0.02,13,93639,卖盘
2145,11:29:51,72.05,0.02,2,14410,中性盘
2146,11:29:48,72.03,-0.07,72,518616,卖盘
2147,11:29:42,72.1,-0.01,21,151770,卖盘
2148,11:29:39,72.11,--,1,7211,买盘
2149,11:29:36,72.11,--,48,346128,卖盘
2150,11:29:33,72.11,--,7,54587,卖盘
2151,11:29:30,72.11,-0.06,2,14422,卖盘
2152,11:29:27,72.17,0.06,1,7217,买盘
2153,11:29:24,72.11,-0.05,11,82061,卖盘
2154,11:29:18,72.16,0.05,4,28864,买盘
2155,11:29:15,72.11,0.01,2,14422,中性盘
2156,11:29:12,72.1,--,7,50469,卖盘
2157,11:29:03,72.1,-0.06,71,511909,卖盘
2158,11:29:00,72.16,--,2,14432,卖盘
2159,11:28:57,72.16,0.04,73,526768,买盘
2160,11:28:54,72.12,0.02,5,36060,卖盘
2161,11:28:51,72.1,-0.06,200,1442000,卖盘
2162,11:28:42,72.16,--,60,432960,买盘
2163,11:28:39,72.16,--,2,14432,买盘
2164,11:28:36,72.16,--,1,7216,买盘
2165,11:28:30,72.16,--,2,14432,买盘
2166,11:28:27,72.16,-0.02,21,151536,卖盘
2167,11:28:24,72.18,--,72,519696,买盘
2168,11:28:21,72.18,--,11,79398,买盘
2169,11:28:18,72.18,0.02,11,79398,买盘
2170,11:28:15,72.16,--,62,447392,买盘
2171,11:28:12,72.16,0.02,58,418528,买盘
2172,11:28:09,72.14,-0.02,6,43284,卖盘
2173,11:28:06,72.16,0.02,2,14432,买盘
2174,11:28:03,72.14,-0.02,6,43284,卖盘
2175,11:28:00,72.16,0.02,1,7216,买盘
2176,11:27:57,72.14,--,13,93782,卖盘
2177,11:27:48,72.14,-0.02,47,339058,卖盘
2178,11:27:45,72.16,-0.02,6,43296,卖盘
2179,11:27:42,72.18,--,7,50526,买盘
2180,11:27:39,72.18,-0.02,8,57744,卖盘
2181,11:27:36,72.2,--,5,36100,买盘
2182,11:27:33,72.2,--,1,7220,买盘
2183,11:27:30,72.2,--,5,36100,买盘
2184,11:27:27,72.2,--,9,64980,买盘
2185,11:27:24,72.2,--,22,158840,买盘
2186,11:27:21,72.2,--,13,93860,买盘
2187,11:27:18,72.2,--,13,93860,买盘
2188,11:27:09,72.2,--,3,21660,买盘
2189,11:27:06,72.2,-0.03,24,173280,卖盘
2190,11:27:03,72.23,--,57,411711,买盘
2191,11:27:00,72.23,--,9,65007,买盘
2192,11:26:57,72.23,--,20,144460,买盘
2193,11:26:54,72.23,--,52,375596,买盘
2194,11:26:48,72.23,-0.02,13,93899,中性盘
2195,11:26:42,72.25,0.05,34,245650,买盘
2196,11:26:39,72.2,-0.05,4,28880,卖盘
2197,11:26:36,72.25,--,16,115600,买盘
2198,11:26:33,72.25,--,10,72250,买盘
2199,11:26:30,72.25,0.05,9,65025,买盘
2200,11:26:27,72.2,-0.04,50,361000,卖盘
2201,11:26:24,72.24,0.02,5,36120,买盘
2202,11:26:21,72.22,--,3,21666,中性盘
2203,11:26:18,72.22,-0.03,10,72220,卖盘
2204,11:26:15,72.25,--,14,101150,买盘
2205,11:26:12,72.25,0.05,5,36125,买盘
2206,11:26:09,72.2,0.06,5,36100,卖盘
2207,11:26:06,72.14,--,6,43284,卖盘
2208,11:26:03,72.14,--,71,512194,卖盘
2209,11:26:00,72.14,--,20,144280,卖盘
2210,11:25:57,72.14,--,16,115424,卖盘
2211,11:25:54,72.14,-0.02,16,115424,卖盘
2212,11:25:51,72.16,0.02,9,64944,买盘
2213,11:25:48,72.14,--,158,1139812,买盘
2214,11:25:45,72.14,--,8,57712,买盘
2215,11:25:42,72.14,--,24,173136,买盘
2216,11:25:39,72.14,--,4,28856,买盘
2217,11:25:36,72.14,0.01,7,50498,买盘
2218,11:25:33,72.13,-0.01,4,28852,中性盘
2219,11:25:30,72.14,0.01,55,396770,买盘
2220,11:25:27,72.13,0.03,4,28852,买盘
2221,11:25:24,72.1,-0.03,8,57679,卖盘
2222,11:25:21,72.13,0.03,9,64916,买盘
2223,11:25:18,72.1,--,77,555170,卖盘
2224,11:25:15,72.1,--,57,410969,买盘
2225,11:25:09,72.1,--,9,64889,买盘
2226,11:25:06,72.1,0.05,4,28839,买盘
2227,11:25:03,72.05,-0.05,70,504350,卖盘
2228,11:25:00,72.1,--,1,7209,买盘
2229,11:24:57,72.1,-0.02,24,173040,卖盘
2230,11:24:48,72.12,-0.02,5,36060,中性盘
2231,11:24:45,72.14,0.01,8,57712,买盘
2232,11:24:42,72.13,-0.01,12,86556,中性盘
2233,11:24:39,72.14,--,3,21642,买盘
2234,11:24:36,72.14,--,2,14428,买盘
2235,11:24:27,72.14,-0.01,9,64926,卖盘
2236,11:24:24,72.15,--,1,7215,买盘
2237,11:24:21,72.15,0.01,1,7215,买盘
2238,11:24:18,72.14,--,79,569906,卖盘
2239,11:24:15,72.14,0.09,50,360700,买盘
2240,11:24:12,72.05,--,17,122485,买盘
2241,11:24:09,72.05,-0.02,21,151305,买盘
2242,11:24:06,72.07,-0.08,45,324314,卖盘
2243,11:24:03,72.15,--,2,14430,卖盘
2244,11:24:00,72.15,-0.01,3,21645,卖盘
2245,11:23:57,72.16,-0.03,4,28864,中性盘
2246,11:23:51,72.19,-0.01,24,173256,中性盘
2247,11:23:48,72.2,--,3,21660,买盘
2248,11:23:39,72.2,-0.06,15,108300,卖盘
2249,11:23:36,72.26,-0.01,2,14452,中性盘
2250,11:23:33,72.27,--,13,93951,买盘
2251,11:23:30,72.27,-0.02,17,122859,卖盘
2252,11:23:27,72.29,--,4,28916,买盘
2253,11:23:24,72.29,--,25,180725,卖盘
2254,11:23:21,72.29,-0.01,19,137351,卖盘
2255,11:23:18,72.3,--,3,21690,买盘
2256,11:23:15,72.3,0.01,80,578400,买盘
2257,11:23:12,72.29,-0.01,39,281931,卖盘
2258,11:23:09,72.3,0.01,22,159060,买盘
2259,11:23:06,72.29,-0.01,2,14458,卖盘
2260,11:23:03,72.3,0.01,16,115680,买盘
2261,11:23:00,72.29,--,167,1207243,买盘
2262,11:22:57,72.29,--,3,21687,买盘
2263,11:22:54,72.29,0.01,3,21687,买盘
2264,11:22:51,72.28,--,76,549328,买盘
2265,11:22:48,72.28,--,6,43368,买盘
2266,11:22:45,72.28,--,5,36140,买盘
2267,11:22:42,72.28,-0.01,22,159016,卖盘
2268,11:22:39,72.29,0.01,41,296389,买盘
2269,11:22:36,72.28,--,19,137332,买盘
2270,11:22:30,72.28,-0.01,55,397540,中性盘
2271,11:22:27,72.29,--,20,144580,买盘
2272,11:22:24,72.29,--,29,209641,买盘
2273,11:22:21,72.29,--,9,65061,买盘
2274,11:22:18,72.29,--,9,65061,买盘
2275,11:22:15,72.29,--,3,21687,买盘
2276,11:22:12,72.29,0.03,16,115664,买盘
2277,11:22:09,72.26,0.04,7,50582,卖盘
2278,11:22:06,72.22,0.01,43,310546,买盘
2279,11:22:03,72.21,--,19,137199,买盘
2280,11:22:00,72.21,--,15,108314,买盘
2281,11:21:57,72.21,--,9,64988,买盘
2282,11:21:54,72.21,0.01,6,43325,买盘
2283,11:21:48,72.2,0.08,198,1429560,买盘
2284,11:21:45,72.12,0.09,43,310116,买盘
2285,11:21:42,72.03,-0.09,13,93639,中性盘
2286,11:21:39,72.12,0.1,1,7212,买盘
2287,11:21:36,72.02,--,14,100828,卖盘
2288,11:21:33,72.02,-0.1,20,144040,中性盘
2289,11:21:30,72.12,--,3,21636,买盘
2290,11:21:27,72.12,0.01,5,36060,买盘
2291,11:21:24,72.11,-0.01,83,598513,中性盘
2292,11:21:21,72.12,0.01,8,57696,买盘
2293,11:21:18,72.11,--,1,7211,卖盘
2294,11:21:15,72.11,-0.01,1,7211,中性盘
2295,11:21:12,72.12,0.11,1,7212,买盘
2296,11:21:09,72.01,--,20,144020,卖盘
2297,11:21:03,72.01,-0.11,82,590482,卖盘
2298,11:21:00,72.12,--,6,43272,卖盘
2299,11:20:57,72.12,-0.03,64,461568,卖盘
2300,11:20:51,72.15,0.03,8,57720,买盘
2301,11:20:48,72.12,--,4,28848,卖盘
2302,11:20:45,72.12,-0.01,7,50484,卖盘
2303,11:20:42,72.13,-0.02,9,64916,卖盘
2304,11:20:39,72.15,--,9,64935,买盘
2305,11:20:36,72.15,--,9,64935,买盘
2306,11:20:33,72.15,--,75,541125,买盘
2307,11:20:30,72.15,--,38,274170,买盘
2308,11:20:27,72.15,--,9,64935,买盘
2309,11:20:24,72.15,--,16,115440,买盘
2310,11:20:21,72.15,--,16,115440,买盘
2311,11:20:18,72.15,--,62,447330,卖盘
2312,11:20:15,72.15,--,3,21645,卖盘
2313,11:20:12,72.15,-0.01,10,72150,卖盘
2314,11:20:09,72.16,0.01,3,21648,买盘
2315,11:20:06,72.15,--,20,144300,卖盘
2316,11:20:03,72.15,0.01,2,14430,卖盘
2317,11:20:00,72.14,0.01,41,295774,买盘
2318,11:19:57,72.13,--,20,144260,买盘
2319,11:19:54,72.13,0.03,12,86556,买盘
2320,11:19:51,72.1,-0.04,8,57679,卖盘
2321,11:19:48,72.14,--,12,86568,买盘
2322,11:19:45,72.14,0.04,10,72140,买盘
2323,11:19:42,72.1,--,2,14419,卖盘
2324,11:19:39,72.1,--,1,7209,卖盘
2325,11:19:36,72.1,0.21,108,778679,买盘
2326,11:19:33,71.89,-0.04,104,747656,卖盘
2327,11:19:30,71.93,--,16,115088,中性盘
2328,11:19:27,71.93,-0.07,33,237369,买盘
2329,11:19:24,72.0,--,3,21600,买盘
2330,11:19:21,72.0,0.11,10,72000,买盘
2331,11:19:18,71.89,--,24,172536,卖盘
2332,11:19:15,71.89,0.02,72,517608,买盘
2333,11:19:12,71.87,--,39,280293,卖盘
2334,11:19:09,71.87,0.01,27,194049,买盘
2335,11:19:06,71.86,--,1,7186,买盘
2336,11:19:03,71.86,-0.04,63,452718,中性盘
2337,11:19:00,71.9,--,7,50330,买盘
2338,11:18:54,71.9,0.05,111,798090,买盘
2339,11:18:51,71.85,--,27,193994,买盘
2340,11:18:48,71.85,-0.04,37,265845,卖盘
2341,11:18:45,71.89,-0.01,11,79079,中性盘
2342,11:18:42,71.9,--,8,57520,买盘
2343,11:18:39,71.9,--,3,21570,买盘
2344,11:18:36,71.9,-0.05,81,582390,卖盘
2345,11:18:33,71.95,--,17,122315,买盘
2346,11:18:30,71.95,--,6,43170,买盘
2347,11:18:27,71.95,--,8,57560,买盘
2348,11:18:21,71.95,0.03,19,136705,买盘
2349,11:18:18,71.92,-0.03,15,107880,卖盘
2350,11:18:15,71.95,--,14,100730,买盘
2351,11:18:12,71.95,--,14,100730,买盘
2352,11:18:09,71.95,--,8,57560,买盘
2353,11:18:06,71.95,-0.06,63,453285,卖盘
2354,11:18:03,72.01,--,21,151221,买盘
2355,11:18:00,72.01,--,19,136819,卖盘
2356,11:17:57,72.01,-0.01,60,432060,卖盘
2357,11:17:54,72.02,-0.05,18,129636,卖盘
2358,11:17:48,72.07,0.06,3,21620,卖盘
2359,11:17:45,72.01,--,47,338447,卖盘
2360,11:17:42,72.01,-0.05,10,72010,卖盘
2361,11:17:39,72.06,--,6,43236,卖盘
2362,11:17:36,72.06,--,52,374712,卖盘
2363,11:17:33,72.06,-0.02,3,21618,卖盘
2364,11:17:30,72.08,0.01,6,43248,买盘
2365,11:17:27,72.07,0.06,1,7206,卖盘
2366,11:17:24,72.01,-0.07,47,338447,卖盘
2367,11:17:21,72.08,--,15,108120,买盘
2368,11:17:18,72.08,0.01,21,151368,买盘
2369,11:17:15,72.07,-0.01,3,21620,卖盘
2370,11:17:09,72.08,--,1,7208,买盘
2371,11:17:06,72.08,-0.01,24,172992,卖盘
2372,11:17:03,72.09,-0.02,7,50463,卖盘
2373,11:17:00,72.11,-0.04,4,28844,卖盘
2374,11:16:57,72.15,--,56,404040,卖盘
2375,11:16:54,72.15,-0.01,5,36075,卖盘
2376,11:16:51,72.16,0.01,18,129888,买盘
2377,11:16:45,72.15,--,22,158730,卖盘
2378,11:16:42,72.15,0.01,11,79365,买盘
2379,11:16:39,72.14,-0.02,15,108210,卖盘
2380,11:16:36,72.16,0.02,9,64944,买盘
2381,11:16:33,72.14,-0.02,4,28856,卖盘
2382,11:16:30,72.16,-0.01,39,281424,中性盘
2383,11:16:27,72.17,-0.02,30,216510,中性盘
2384,11:16:24,72.19,--,1,7219,买盘
2385,11:16:21,72.19,--,29,209351,买盘
2386,11:16:18,72.19,--,51,368169,买盘
2387,11:16:15,72.19,--,17,122723,买盘
2388,11:16:12,72.19,0.01,43,310417,买盘
2389,11:16:09,72.18,--,21,151578,买盘
2390,11:16:06,72.18,0.01,31,223758,买盘
2391,11:16:03,72.17,--,24,173208,中性盘
2392,11:16:00,72.17,--,1,7217,买盘
2393,11:15:57,72.17,0.07,10,72170,买盘
2394,11:15:54,72.1,0.04,13,93729,买盘
2395,11:15:51,72.06,0.05,1,7206,买盘
2396,11:15:45,72.01,--,34,244834,卖盘
2397,11:15:42,72.01,0.01,96,691296,买盘
2398,11:15:39,72.0,--,6,43200,买盘
2399,11:15:36,72.0,--,42,302400,买盘
2400,11:15:33,72.0,--,3,21600,买盘
2401,11:15:30,72.0,0.01,128,921600,买盘
2402,11:15:27,71.99,--,10,71990,买盘
2403,11:15:24,71.99,--,2,14397,买盘
2404,11:15:21,71.99,0.02,40,287960,买盘
2405,11:15:18,71.97,-0.02,42,302274,卖盘
2406,11:15:15,71.99,--,4,28795,买盘
2407,11:15:12,71.99,0.01,17,122382,买盘
2408,11:15:09,71.98,0.06,1,7198,中性盘
2409,11:15:03,71.92,--,62,445904,卖盘
2410,11:15:00,71.92,--,9,71848,买盘
2411,11:14:57,71.92,--,454,3265168,买盘
2412,11:14:54,71.92,--,19,136648,买盘
2413,11:14:48,71.92,0.02,5,35960,买盘
2414,11:14:45,71.9,-0.02,4,28760,买盘
2415,11:14:42,71.92,--,337,2423704,买盘
2416,11:14:39,71.92,--,13,93496,买盘
2417,11:14:36,71.92,--,19,136648,买盘
2418,11:14:33,71.92,--,76,546592,买盘
2419,11:14:30,71.92,--,29,208568,买盘
2420,11:14:27,71.92,0.02,2,14384,买盘
2421,11:14:24,71.9,0.01,242,1739980,买盘
2422,11:14:21,71.89,-0.01,26,186914,卖盘
2423,11:14:18,71.9,--,17,122230,买盘
2424,11:14:15,71.9,--,32,230080,买盘
2425,11:14:12,71.9,--,5,35950,买盘
2426,11:14:09,71.9,0.08,10,71900,买盘
2427,11:14:06,71.82,--,51,366281,卖盘
2428,11:14:03,71.82,-0.08,80,574560,卖盘
2429,11:14:00,71.9,0.01,6,43140,买盘
2430,11:13:57,71.89,0.07,5,35945,买盘
2431,11:13:54,71.82,--,11,79001,卖盘
2432,11:13:51,71.82,--,18,129275,买盘
2433,11:13:48,71.82,--,14,100547,买盘
2434,11:13:45,71.82,--,44,316007,买盘
2435,11:13:42,71.82,--,14,100547,买盘
2436,11:13:39,71.82,--,5,35910,买盘
2437,11:13:36,71.82,--,102,732563,买盘
2438,11:13:33,71.82,--,10,71820,买盘
2439,11:13:30,71.82,--,24,172367,买盘
2440,11:13:27,71.82,--,6,43091,买盘
2441,11:13:24,71.82,--,13,93365,买盘
2442,11:13:21,71.82,--,21,150822,买盘
2443,11:13:18,71.82,--,10,71820,买盘
2444,11:13:15,71.82,--,10,71820,买盘
2445,11:13:12,71.82,--,43,308825,买盘
2446,11:13:09,71.82,--,104,746927,买盘
2447,11:13:06,71.82,--,22,158003,买盘
2448,11:13:03,71.82,--,13,93365,买盘
2449,11:13:00,71.82,--,24,172367,买盘
2450,11:12:57,71.82,--,25,179549,买盘
2451,11:12:51,71.82,--,55,395009,买盘
2452,11:12:48,71.82,0.02,10,71820,买盘
2453,11:12:45,71.8,--,7,50260,卖盘
2454,11:12:42,71.8,0.06,99,710820,买盘
2455,11:12:39,71.74,-0.05,16,114783,卖盘
2456,11:12:36,71.79,0.05,8,57432,买盘
2457,11:12:30,71.74,--,2,14347,中性盘
2458,11:12:27,71.74,--,17,121957,买盘
2459,11:12:24,71.74,--,11,78914,买盘
2460,11:12:21,71.74,--,79,566746,买盘
2461,11:12:18,71.74,--,2,14347,买盘
2462,11:12:15,71.74,0.02,7,50218,买盘
2463,11:12:12,71.72,-0.08,12,86064,卖盘
2464,11:12:09,71.8,0.07,7,50260,买盘
2465,11:12:06,71.73,-0.01,8,57384,卖盘
2466,11:12:03,71.74,--,78,559572,买盘
2467,11:12:00,71.74,0.02,72,516527,买盘
2468,11:11:57,71.72,-0.02,7,50204,卖盘
2469,11:11:54,71.74,--,17,121957,买盘
2470,11:11:51,71.74,--,44,315656,买盘
2471,11:11:48,71.74,--,118,846531,买盘
2472,11:11:42,71.74,--,24,172176,买盘
2473,11:11:39,71.74,0.01,35,251089,买盘
2474,11:11:36,71.73,--,1,7173,中性盘
2475,11:11:30,71.73,--,16,114768,卖盘
2476,11:11:27,71.73,--,12,86076,卖盘
2477,11:11:24,71.73,-0.01,16,114768,卖盘
2478,11:11:21,71.74,--,12,86088,买盘
2479,11:11:18,71.74,0.01,23,165002,买盘
2480,11:11:15,71.73,-0.01,108,774684,卖盘
2481,11:11:12,71.74,--,8,57391,买盘
2482,11:11:09,71.74,--,20,143480,买盘
2483,11:11:06,71.74,0.01,3,21522,买盘
2484,11:11:03,71.73,--,31,222363,卖盘
2485,11:11:00,71.73,--,11,78903,卖盘
2486,11:10:57,71.73,-0.01,27,193671,卖盘
2487,11:10:51,71.74,--,14,100436,买盘
2488,11:10:48,71.74,-0.06,62,444787,卖盘
2489,11:10:45,71.8,0.02,7,50260,买盘
2490,11:10:42,71.78,-0.02,38,272764,卖盘
2491,11:10:39,71.8,--,10,71800,买盘
2492,11:10:36,71.8,-0.01,31,222580,卖盘
2493,11:10:33,71.81,--,6,43086,买盘
2494,11:10:30,71.81,--,13,93353,买盘
2495,11:10:27,71.81,0.01,3,21543,买盘
2496,11:10:21,71.8,-0.01,1,7180,卖盘
2497,11:10:18,71.81,--,3,21543,买盘
2498,11:10:15,71.81,0.01,95,682195,买盘
2499,11:10:12,71.8,--,10,71800,卖盘
2500,11:10:09,71.8,--,16,114880,卖盘
2501,11:10:06,71.8,-0.01,8,57440,卖盘
2502,11:10:03,71.81,--,14,100534,买盘
2503,11:10:00,71.81,--,4,28724,买盘
2504,11:09:57,71.81,--,6,43086,买盘
2505,11:09:54,71.81,-0.01,12,86172,卖盘
2506,11:09:51,71.82,--,9,64637,买盘
2507,11:09:45,71.82,0.01,18,129275,买盘
2508,11:09:42,71.81,-0.01,36,258516,卖盘
2509,11:09:39,71.82,--,6,43091,买盘
2510,11:09:36,71.82,0.01,16,114911,买盘
2511,11:09:33,71.81,--,13,93353,买盘
2512,11:09:30,71.81,--,4,28724,买盘
2513,11:09:27,71.81,-0.01,59,423679,卖盘
2514,11:09:24,71.82,0.01,7,50273,中性盘
2515,11:09:21,71.81,-0.02,15,107715,卖盘
2516,11:09:18,71.83,--,5,35915,买盘
2517,11:09:15,71.83,0.01,18,129294,买盘
2518,11:09:12,71.82,-0.01,20,143640,卖盘
2519,11:09:09,71.83,--,18,129294,买盘
2520,11:09:06,71.83,0.02,21,150843,买盘
2521,11:09:03,71.81,--,42,301602,卖盘
2522,11:09:00,71.81,--,26,186706,卖盘
2523,11:08:57,71.81,--,8,57448,卖盘
2524,11:08:51,71.81,0.02,166,1192046,买盘
2525,11:08:48,71.79,--,4,28716,卖盘
2526,11:08:45,71.79,0.01,27,193833,买盘
2527,11:08:42,71.78,--,7,50246,买盘
2528,11:08:39,71.78,--,3,21534,买盘
2529,11:08:33,71.78,--,18,129204,买盘
2530,11:08:30,71.78,-0.02,29,208162,卖盘
2531,11:08:27,71.8,-0.01,9,64620,卖盘
2532,11:08:24,71.81,0.01,37,265697,买盘
2533,11:08:18,71.8,0.08,240,1723200,买盘
2534,11:08:15,71.72,-0.01,34,243848,卖盘
2535,11:08:12,71.73,-0.02,10,71730,中性盘
2536,11:08:09,71.75,0.04,4,28700,买盘
2537,11:08:06,71.71,-0.01,63,451772,卖盘
2538,11:08:03,71.72,--,12,86064,卖盘
2539,11:07:57,71.72,--,37,265364,买盘
2540,11:07:54,71.72,--,23,164956,买盘
2541,11:07:51,71.72,0.01,20,143440,中性盘
2542,11:07:48,71.71,-0.01,14,100393,卖盘
2543,11:07:42,71.72,-0.04,14,100408,卖盘
2544,11:07:39,71.76,-0.04,1,7176,中性盘
2545,11:07:36,71.8,0.07,161,1155980,买盘
2546,11:07:33,71.73,0.02,2,14346,卖盘
2547,11:07:30,71.71,-0.04,60,430259,卖盘
2548,11:07:27,71.75,--,2,14350,买盘
2549,11:07:24,71.75,0.03,1,7175,中性盘
2550,11:07:21,71.72,-0.04,605,4339060,卖盘
2551,11:07:18,71.76,--,3,21528,买盘
2552,11:07:15,71.76,--,26,186576,卖盘
2553,11:07:12,71.76,-0.03,3,21528,卖盘
2554,11:07:09,71.79,--,8,57432,买盘
2555,11:07:06,71.79,0.04,9,64611,买盘
2556,11:07:03,71.75,-0.04,45,322875,卖盘
2557,11:07:00,71.79,-0.01,15,107685,卖盘
2558,11:06:57,71.8,--,2,14360,买盘
2559,11:06:54,71.8,--,42,301560,卖盘
2560,11:06:48,71.8,--,71,509780,卖盘
2561,11:06:45,71.8,-0.01,16,114880,卖盘
2562,11:06:39,71.81,--,95,682195,卖盘
2563,11:06:36,71.81,-0.02,30,215430,卖盘
2564,11:06:33,71.83,0.02,18,129294,买盘
2565,11:06:30,71.81,-0.02,32,229792,卖盘
2566,11:06:27,71.83,--,2,14366,买盘
2567,11:06:24,71.83,--,2,14366,买盘
2568,11:06:21,71.83,0.02,3,21549,买盘
2569,11:06:18,71.81,-0.02,4,28724,卖盘
2570,11:06:15,71.83,--,4,28732,买盘
2571,11:06:09,71.83,--,14,100562,买盘
2572,11:06:06,71.83,0.02,1,7183,买盘
2573,11:06:03,71.81,-0.02,15,107715,卖盘
2574,11:06:00,71.83,-0.08,45,323235,卖盘
2575,11:05:57,71.91,0.03,4,28764,买盘
2576,11:05:54,71.88,-0.03,32,230016,卖盘
2577,11:05:51,71.91,--,3,21573,买盘
2578,11:05:48,71.91,--,10,71910,买盘
2579,11:05:45,71.91,--,18,129438,买盘
2580,11:05:36,71.91,0.04,1,7191,买盘
2581,11:05:33,71.87,--,2,14374,卖盘
2582,11:05:30,71.87,--,7,50309,卖盘
2583,11:05:27,71.87,-0.04,80,574960,卖盘
2584,11:05:24,71.91,-0.01,22,158202,卖盘
2585,11:05:21,71.92,--,6,43152,买盘
2586,11:05:18,71.92,--,1,7192,买盘
2587,11:05:15,71.92,--,26,186992,买盘
2588,11:05:12,71.92,--,23,165416,买盘
2589,11:05:09,71.92,--,4,28768,买盘
2590,11:05:06,71.92,-0.02,12,86304,卖盘
2591,11:05:03,71.94,--,15,107910,买盘
2592,11:05:00,71.94,0.02,24,172656,买盘
2593,11:04:57,71.92,--,5,35960,卖盘
2594,11:04:54,71.92,-0.02,5,35960,卖盘
2595,11:04:51,71.94,--,9,64746,买盘
2596,11:04:48,71.94,-0.01,17,122298,中性盘
2597,11:04:42,71.95,--,7,50365,买盘
2598,11:04:39,71.95,--,12,86340,买盘
2599,11:04:36,71.95,--,55,395725,买盘
2600,11:04:33,71.95,--,13,93535,买盘
2601,11:04:30,71.95,--,14,100730,买盘
2602,11:04:27,71.95,--,6,43170,买盘
2603,11:04:24,71.95,--,27,194265,买盘
2604,11:04:21,71.95,0.03,13,93535,买盘
2605,11:04:18,71.92,-0.03,1,7192,卖盘
2606,11:04:15,71.95,0.03,9,64755,中性盘
2607,11:04:12,71.92,-0.03,24,172608,中性盘
2608,11:04:09,71.95,--,22,158290,买盘
2609,11:04:06,71.95,-0.04,188,1352660,买盘
2610,11:04:03,71.99,--,14,100786,买盘
2611,11:04:00,71.99,0.09,2,14397,中性盘
2612,11:03:54,71.9,-0.1,6,43140,卖盘
2613,11:03:51,72.0,0.1,59,424800,买盘
2614,11:03:48,71.9,0.02,4,28760,买盘
2615,11:03:45,71.88,0.01,36,258767,买盘
2616,11:03:42,71.87,0.01,75,539025,买盘
2617,11:03:39,71.86,-0.01,7,50302,卖盘
2618,11:03:36,71.87,--,83,596521,买盘
2619,11:03:33,71.87,--,14,100618,买盘
2620,11:03:30,71.87,--,24,172488,买盘
2621,11:03:27,71.87,--,1,7187,买盘
2622,11:03:24,71.87,--,10,71870,买盘
2623,11:03:21,71.87,0.07,21,150927,买盘
2624,11:03:18,71.8,0.03,30,215400,卖盘
2625,11:03:15,71.77,-0.1,1,7177,卖盘
2626,11:03:12,71.87,0.07,10,71870,买盘
2627,11:03:09,71.8,0.03,5,35900,买盘
2628,11:03:06,71.77,-0.03,10,71770,卖盘
2629,11:03:03,71.8,--,4,28720,卖盘
2630,11:03:00,71.8,0.05,97,696460,买盘
2631,11:02:57,71.75,--,18,129150,卖盘
2632,11:02:54,71.75,-0.01,42,301350,卖盘
2633,11:02:51,71.76,0.01,9,64584,中性盘
2634,11:02:45,71.75,-0.01,4,28700,卖盘
2635,11:02:42,71.76,0.01,22,157872,买盘
2636,11:02:39,71.75,-0.01,5,35875,卖盘
2637,11:02:36,71.76,0.01,2,14352,买盘
2638,11:02:33,71.75,-0.01,29,208075,卖盘
2639,11:02:30,71.76,0.01,31,222456,买盘
2640,11:02:27,71.75,-0.01,102,731850,卖盘
2641,11:02:24,71.76,-0.01,18,129168,中性盘
2642,11:02:21,71.77,--,15,107655,买盘
2643,11:02:18,71.77,--,22,157894,买盘
2644,11:02:15,71.77,0.01,19,136363,买盘
2645,11:02:12,71.76,--,8,57408,卖盘
2646,11:02:09,71.76,--,76,545376,卖盘
2647,11:02:06,71.76,0.05,40,287040,卖盘
2648,11:02:03,71.71,-0.05,2,14341,卖盘
2649,11:02:00,71.76,0.05,9,64584,买盘
2650,11:01:57,71.71,-0.06,9,64538,卖盘
2651,11:01:54,71.77,0.05,45,322965,买盘
2652,11:01:51,71.72,-0.05,253,1814516,卖盘
2653,11:01:48,71.77,--,13,93301,买盘
2654,11:01:45,71.77,--,16,114832,买盘
2655,11:01:42,71.77,0.01,23,165071,买盘
2656,11:01:39,71.76,-0.01,45,322920,卖盘
2657,11:01:36,71.77,--,12,86124,买盘
2658,11:01:33,71.77,0.02,8,57416,买盘
2659,11:01:30,71.75,-0.02,23,165025,卖盘
2660,11:01:27,71.77,0.01,21,150717,买盘
2661,11:01:24,71.76,0.01,11,78936,买盘
2662,11:01:21,71.75,--,41,294175,卖盘
2663,11:01:18,71.75,-0.01,23,165025,卖盘
2664,11:01:15,71.76,--,46,330096,买盘
2665,11:01:12,71.76,--,15,107640,买盘
2666,11:01:09,71.76,--,8,57408,买盘
2667,11:01:06,71.76,0.01,16,114816,买盘
2668,11:01:03,71.75,--,25,179375,卖盘
2669,11:01:00,71.75,--,54,387450,卖盘
2670,11:00:57,71.75,-0.02,9,64575,卖盘
2671,11:00:54,71.77,--,1,7177,买盘
2672,11:00:51,71.77,--,22,157894,卖盘
2673,11:00:48,71.77,--,5,35885,卖盘
2674,11:00:45,71.77,0.02,112,803824,买盘
2675,11:00:42,71.75,0.01,8,57400,买盘
2676,11:00:39,71.74,-0.02,11,78914,卖盘
2677,11:00:36,71.76,0.02,4,28704,买盘
2678,11:00:33,71.74,-0.02,67,480657,卖盘
2679,11:00:30,71.76,--,101,724776,买盘
2680,11:00:27,71.76,--,63,452088,买盘
2681,11:00:24,71.76,--,6,43056,买盘
2682,11:00:21,71.76,--,29,208104,买盘
2683,11:00:18,71.76,-0.01,146,1047696,卖盘
2684,11:00:15,71.77,--,27,193779,买盘
2685,11:00:12,71.77,--,4,28708,买盘
2686,11:00:09,71.77,-0.02,130,933010,卖盘
2687,11:00:06,71.79,--,4,28716,买盘
2688,11:00:03,71.79,--,58,416382,买盘
2689,11:00:00,71.79,0.01,28,201012,买盘
2690,10:59:57,71.78,-0.01,1,7178,中性盘
2691,10:59:54,71.79,0.01,6,43074,买盘
2692,10:59:51,71.78,-0.01,43,308654,卖盘
2693,10:59:48,71.79,--,17,122043,买盘
2694,10:59:45,71.79,--,41,294339,买盘
2695,10:59:42,71.79,0.01,16,114864,买盘
2696,10:59:39,71.78,-0.01,43,308654,卖盘
2697,10:59:36,71.79,--,4,28716,买盘
2698,10:59:33,71.79,--,9,64611,买盘
2699,10:59:30,71.79,0.01,14,100506,买盘
2700,10:59:27,71.78,-0.01,21,150738,卖盘
2701,10:59:24,71.79,--,32,229728,买盘
2702,10:59:21,71.79,0.02,129,926091,买盘
2703,10:59:18,71.77,-0.01,4,28708,中性盘
2704,10:59:15,71.78,-0.01,6,43068,买盘
2705,10:59:12,71.79,0.01,6,43074,买盘
2706,10:59:09,71.78,-0.01,16,114848,卖盘
2707,10:59:06,71.79,0.01,7,50253,买盘
2708,10:59:03,71.78,--,18,129204,卖盘
2709,10:59:00,71.78,0.03,39,279942,买盘
2710,10:58:57,71.75,-0.03,189,1356075,卖盘
2711,10:58:54,71.78,--,22,157916,卖盘
2712,10:58:51,71.78,--,26,186628,卖盘
2713,10:58:48,71.78,0.03,4,28712,中性盘
2714,10:58:45,71.75,-0.03,20,143500,卖盘
2715,10:58:42,71.78,-0.02,24,172272,中性盘
2716,10:58:39,71.8,0.04,24,172320,买盘
2717,10:58:36,71.76,-0.04,10,71760,卖盘
2718,10:58:33,71.8,--,19,136420,买盘
2719,10:58:30,71.8,--,17,122060,卖盘
2720,10:58:27,71.8,--,88,631840,卖盘
2721,10:58:24,71.8,--,68,488240,买盘
2722,10:58:21,71.8,--,48,344640,买盘
2723,10:58:18,71.8,--,34,244120,买盘
2724,10:58:15,71.8,--,152,1091360,卖盘
2725,10:58:12,71.8,0.01,16,118541,买盘
2726,10:58:09,71.79,--,318,2282922,卖盘
2727,10:58:06,71.79,--,19,136401,卖盘
2728,10:58:03,71.79,-0.01,5,35895,买盘
2729,10:58:00,71.8,0.01,83,595940,买盘
2730,10:57:57,71.79,-0.01,16,114864,买盘
2731,10:57:54,71.8,0.07,23,165140,买盘
2732,10:57:51,71.73,-0.06,75,537975,卖盘
2733,10:57:48,71.79,-0.01,9,64611,中性盘
2734,10:57:45,71.8,0.01,16,114880,买盘
2735,10:57:42,71.79,-0.01,62,445098,中性盘
2736,10:57:39,71.8,0.05,21,150780,买盘
2737,10:57:36,71.75,--,18,129150,卖盘
2738,10:57:33,71.75,--,9,64575,卖盘
2739,10:57:27,71.75,--,6,43050,卖盘
2740,10:57:24,71.75,0.05,12,86100,买盘
2741,10:57:21,71.7,0.14,55,394350,买盘
2742,10:57:18,71.56,-0.12,71,508076,卖盘
2743,10:57:15,71.68,0.12,549,3935232,买盘
2744,10:57:12,71.56,--,123,880188,买盘
2745,10:57:09,71.56,-0.04,174,1245144,卖盘
2746,10:57:06,71.6,--,75,537000,买盘
2747,10:57:03,71.6,--,52,372319,买盘
2748,10:57:00,71.6,0.02,112,801919,买盘
2749,10:56:57,71.58,-0.02,99,708642,卖盘
2750,10:56:54,71.6,--,18,128879,中性盘
2751,10:56:51,71.6,-0.08,71,508359,中性盘
2752,10:56:48,71.68,--,142,1017856,买盘
2753,10:56:45,71.68,0.06,83,594944,买盘
2754,10:56:42,71.62,-0.06,9,64458,中性盘
2755,10:56:39,71.68,--,73,523264,买盘
2756,10:56:36,71.68,0.06,431,3089408,买盘
2757,10:56:33,71.62,0.07,157,1124434,买盘
2758,10:56:30,71.55,0.05,494,3534570,中性盘
2759,10:56:27,71.5,-0.06,123,879450,卖盘
