,time,price,change,volume,amount,type
0,15:00:00,10.56,--,0,0,卖盘
1,15:00:00,10.56,-0.01,0,0,卖盘
2,14:59:59,10.57,0.01,20,21140,买盘
3,14:59:58,10.56,--,16,17835,卖盘
4,14:59:56,10.56,-0.01,60,63360,卖盘
5,14:59:53,10.57,0.01,151,159607,买盘
6,14:59:50,10.56,--,2,2112,卖盘
7,14:59:47,10.56,--,18,19008,卖盘
8,14:59:44,10.56,--,54,57024,卖盘
9,14:59:41,10.56,--,27,28512,卖盘
10,14:59:38,10.56,--,328,346368,买盘
11,14:59:35,10.56,--,42,44352,买盘
12,14:59:31,10.56,0.01,37,39072,买盘
13,14:59:29,10.55,--,8,8440,卖盘
14,14:59:26,10.55,-0.01,53,55915,卖盘
15,14:59:22,10.56,0.01,22,23232,买盘
16,14:59:20,10.55,--,126,133214,买盘
17,14:59:17,10.55,--,105,110775,买盘
18,14:59:14,10.55,--,36,38750,卖盘
19,14:59:10,10.55,--,30,31650,卖盘
20,14:59:07,10.55,--,28,29540,卖盘
21,14:59:05,10.55,--,311,328389,买盘
22,14:59:02,10.55,--,72,75960,买盘
23,14:58:59,10.55,0.01,17,17935,买盘
24,14:58:56,10.54,--,554,583916,卖盘
25,14:58:53,10.54,--,23,24241,卖盘
26,14:58:50,10.54,--,11,11593,卖盘
27,14:58:47,10.54,--,29,30565,卖盘
28,14:58:44,10.54,--,6,6323,买盘
29,14:58:40,10.54,--,3,3161,买盘
30,14:58:38,10.54,0.01,14,14755,买盘
31,14:58:34,10.53,0.01,20,21060,中性盘
32,14:58:31,10.52,-0.03,270,284040,卖盘
33,14:58:28,10.55,0.02,510,538050,买盘
34,14:58:25,10.53,-0.01,116,122147,卖盘
35,14:58:22,10.54,0.01,1,1054,买盘
36,14:58:19,10.53,-0.01,42,44226,卖盘
37,14:58:13,10.54,0.01,63,66402,买盘
38,14:58:10,10.53,--,11,11583,卖盘
39,14:58:04,10.53,--,375,394875,买盘
40,14:58:01,10.53,--,232,244295,买盘
41,14:57:58,10.53,0.01,40,42120,买盘
42,14:57:55,10.52,-0.01,949,998842,卖盘
43,14:57:52,10.53,--,45,47385,买盘
44,14:57:49,10.53,0.01,129,135837,买盘
45,14:57:46,10.52,0.01,669,703788,买盘
46,14:57:43,10.51,-0.01,216,227016,卖盘
47,14:57:40,10.52,--,162,170424,卖盘
48,14:57:37,10.52,-0.01,49,51548,卖盘
49,14:57:34,10.53,0.01,280,294840,买盘
50,14:57:31,10.52,-0.01,84,88368,卖盘
51,14:57:28,10.53,--,45,47385,买盘
52,14:57:25,10.53,--,9,9477,买盘
53,14:57:22,10.53,0.01,383,403299,买盘
54,14:57:19,10.52,--,93,97836,卖盘
55,14:57:16,10.52,--,66,69432,卖盘
56,14:57:13,10.52,--,0,0,中性盘
57,14:57:10,10.52,--,92,96784,买盘
58,14:57:07,10.52,--,188,197776,卖盘
59,14:57:01,10.52,--,68,71536,卖盘
60,14:56:58,10.52,0.01,641,674332,买盘
61,14:56:55,10.51,-0.01,75,78825,卖盘
62,14:56:52,10.52,--,132,138864,买盘
63,14:56:49,10.52,--,227,238804,买盘
64,14:56:46,10.52,0.01,280,294560,买盘
65,14:56:43,10.51,--,169,177619,卖盘
66,14:56:40,10.51,-0.01,56,58856,卖盘
67,14:56:37,10.52,0.01,57,59964,买盘
68,14:56:34,10.51,--,693,728343,卖盘
69,14:56:31,10.51,-0.01,1,1051,卖盘
70,14:56:28,10.52,0.01,33,34716,买盘
71,14:56:25,10.51,-0.01,5,5255,卖盘
72,14:56:22,10.52,--,20,21040,买盘
73,14:56:19,10.52,0.01,238,250376,买盘
74,14:56:16,10.51,--,50,52550,买盘
75,14:56:13,10.51,-0.01,2224,2337424,卖盘
76,14:56:10,10.52,--,171,179892,买盘
77,14:56:07,10.52,--,62,65224,买盘
78,14:56:04,10.52,--,239,251428,买盘
79,14:56:01,10.52,0.01,41,43132,买盘
80,14:55:58,10.51,--,28,29428,卖盘
81,14:55:55,10.51,-0.01,111,116661,卖盘
82,14:55:52,10.52,--,47,49444,买盘
83,14:55:49,10.52,--,80,84160,买盘
84,14:55:46,10.52,-0.01,120,126240,卖盘
85,14:55:43,10.53,0.01,199,209547,买盘
86,14:55:40,10.52,--,276,290352,买盘
87,14:55:37,10.52,--,143,150436,买盘
88,14:55:34,10.52,--,223,234596,买盘
89,14:55:31,10.52,0.01,15,15780,买盘
90,14:55:28,10.51,--,50,52550,卖盘
91,14:55:25,10.51,-0.01,208,218608,卖盘
92,14:55:22,10.52,--,44,46624,买盘
93,14:55:19,10.52,--,206,216712,买盘
94,14:55:16,10.52,--,10,10520,买盘
95,14:55:13,10.52,--,236,248272,买盘
96,14:55:10,10.52,--,42,44184,买盘
97,14:55:07,10.52,--,15,15780,买盘
98,14:55:04,10.52,--,76,79952,买盘
99,14:55:01,10.52,--,110,115720,买盘
100,14:54:58,10.52,--,32,33664,买盘
101,14:54:55,10.52,--,10,10520,买盘
102,14:54:52,10.52,--,25,26300,买盘
103,14:54:49,10.52,--,48,50496,卖盘
104,14:54:46,10.52,--,57,59964,卖盘
105,14:54:43,10.52,--,40,42080,卖盘
106,14:54:40,10.52,-0.01,228,239856,卖盘
107,14:54:37,10.53,--,9,9477,买盘
108,14:54:34,10.53,0.01,18,18954,买盘
109,14:54:28,10.52,--,1,1052,卖盘
110,14:54:25,10.52,--,50,52600,卖盘
111,14:54:22,10.52,--,73,76796,买盘
112,14:54:19,10.52,--,225,236700,买盘
113,14:54:16,10.52,--,11,11572,买盘
114,14:54:13,10.52,--,15,15780,买盘
115,14:54:10,10.52,--,77,81004,卖盘
116,14:54:07,10.52,--,56,58912,买盘
117,14:54:04,10.52,0.01,21,22092,中性盘
118,14:54:01,10.51,-0.01,249,261699,卖盘
119,14:53:58,10.52,--,19,19988,买盘
120,14:53:55,10.52,--,70,73640,买盘
121,14:53:52,10.52,0.01,14,14728,买盘
122,14:53:49,10.51,-0.01,18,18918,卖盘
123,14:53:46,10.52,--,316,332432,买盘
124,14:53:43,10.52,--,4,4208,买盘
125,14:53:40,10.52,0.01,29,30508,买盘
126,14:53:37,10.51,--,8,8408,卖盘
127,14:53:34,10.51,--,33,34683,卖盘
128,14:53:31,10.51,-0.01,19,19969,卖盘
129,14:53:28,10.52,0.01,124,130448,买盘
130,14:53:25,10.51,--,65,68315,卖盘
131,14:53:22,10.51,-0.01,16,16816,卖盘
132,14:53:19,10.52,0.01,50,52600,买盘
133,14:53:16,10.51,--,57,59907,卖盘
134,14:53:13,10.51,--,59,62156,买盘
135,14:53:10,10.51,--,85,90238,卖盘
136,14:53:07,10.51,--,161,169211,卖盘
137,14:53:04,10.51,-0.01,17,17867,卖盘
138,14:53:01,10.52,0.01,27,28404,买盘
139,14:52:55,10.51,-0.01,20,21020,卖盘
140,14:52:52,10.52,--,10,10520,买盘
141,14:52:49,10.52,0.02,24,25395,买盘
142,14:52:46,10.5,-0.01,80,84000,卖盘
143,14:52:43,10.51,--,2,3005,卖盘
144,14:52:40,10.51,--,280,294280,卖盘
145,14:52:37,10.51,--,3,3153,卖盘
146,14:52:34,10.51,--,49,51499,卖盘
147,14:52:31,10.51,--,302,317549,买盘
148,14:52:28,10.51,--,171,179721,买盘
149,14:52:25,10.51,0.01,92,96692,买盘
150,14:52:22,10.5,-0.01,157,164850,卖盘
151,14:52:19,10.51,--,2,2102,买盘
152,14:52:16,10.51,--,94,99697,卖盘
153,14:52:13,10.51,--,109,114559,卖盘
154,14:52:10,10.51,-0.01,41,43091,卖盘
155,14:52:07,10.52,0.01,77,81004,买盘
156,14:52:04,10.51,--,49,51646,买盘
157,14:52:01,10.51,--,72,75672,买盘
158,14:51:58,10.51,--,98,103901,卖盘
159,14:51:55,10.51,--,44,46244,卖盘
160,14:51:52,10.51,--,15,15765,卖盘
161,14:51:49,10.51,0.01,315,331212,买盘
162,14:51:46,10.5,-0.01,97,101850,卖盘
163,14:51:43,10.51,0.01,56,58856,买盘
164,14:51:40,10.5,-0.01,182,191100,卖盘
165,14:51:37,10.51,--,17,17867,买盘
166,14:51:34,10.51,--,10,10510,买盘
167,14:51:31,10.51,--,586,616789,卖盘
168,14:51:28,10.51,-0.01,15,15765,卖盘
169,14:51:25,10.52,0.01,5,5260,买盘
170,14:51:19,10.51,--,30,31530,卖盘
171,14:51:16,10.51,--,10,10510,卖盘
172,14:51:13,10.51,--,30,31530,卖盘
173,14:51:10,10.51,--,62,65162,卖盘
174,14:51:07,10.51,-0.01,11,11561,卖盘
175,14:51:03,10.52,--,330,347160,买盘
176,14:51:00,10.52,--,1,1052,买盘
177,14:50:57,10.52,--,19,19988,买盘
178,14:50:54,10.52,--,156,164112,买盘
179,14:50:51,10.52,--,51,53652,买盘
180,14:50:48,10.52,--,7,7364,买盘
181,14:50:42,10.52,--,25,26300,买盘
182,14:50:39,10.52,--,19,19988,买盘
183,14:50:36,10.52,--,2,2104,买盘
184,14:50:33,10.52,--,98,103096,中性盘
185,14:50:30,10.52,0.01,10,10520,卖盘
186,14:50:27,10.51,--,120,126120,卖盘
187,14:50:24,10.51,-0.01,224,235424,卖盘
188,14:50:21,10.52,--,20,21040,卖盘
189,14:50:18,10.52,0.01,614,646075,买盘
190,14:50:15,10.51,-0.01,101,106151,卖盘
191,14:50:09,10.52,0.01,13,13676,买盘
192,14:50:06,10.51,--,12,12612,卖盘
193,14:50:03,10.51,--,12,12612,卖盘
194,14:50:00,10.51,-0.01,41,43091,卖盘
195,14:49:57,10.52,--,12,12624,买盘
196,14:49:54,10.52,--,32,33664,买盘
197,14:49:51,10.52,0.02,18,18936,买盘
198,14:49:48,10.5,-0.02,394,413700,卖盘
199,14:49:45,10.52,--,17,17884,买盘
200,14:49:42,10.52,--,64,67328,中性盘
201,14:49:39,10.52,--,192,201984,买盘
202,14:49:36,10.52,--,146,153592,买盘
203,14:49:33,10.52,0.02,17,17884,买盘
204,14:49:30,10.5,-0.02,10,10500,卖盘
205,14:49:27,10.52,0.02,40,42080,买盘
206,14:49:24,10.5,-0.02,40,42000,卖盘
207,14:49:21,10.52,0.02,43,45236,买盘
208,14:49:18,10.5,-0.01,81,85050,卖盘
209,14:49:15,10.51,0.01,20,21020,中性盘
210,14:49:12,10.5,--,161,169050,卖盘
211,14:49:09,10.5,--,146,153300,卖盘
212,14:49:06,10.5,-0.01,311,326550,卖盘
213,14:49:03,10.51,0.01,86,90386,买盘
214,14:49:00,10.5,--,33,34650,卖盘
215,14:48:57,10.5,--,75,78750,卖盘
216,14:48:51,10.5,--,44,46200,卖盘
217,14:48:45,10.5,--,8,8400,卖盘
218,14:48:42,10.5,--,253,265650,卖盘
219,14:48:38,10.5,0.01,17,17850,买盘
220,14:48:36,10.49,--,27,28323,卖盘
221,14:48:33,10.49,-0.01,120,125880,卖盘
222,14:48:30,10.5,0.01,169,177450,买盘
223,14:48:27,10.49,-0.01,431,452119,卖盘
224,14:48:24,10.5,--,100,105000,买盘
225,14:48:21,10.5,--,40,42000,买盘
226,14:48:18,10.5,0.01,80,84000,买盘
227,14:48:15,10.49,-0.01,291,305259,卖盘
228,14:48:12,10.5,0.01,384,403200,买盘
229,14:48:09,10.49,-0.01,27,28323,卖盘
230,14:48:06,10.5,--,218,228900,买盘
231,14:48:03,10.5,--,105,110250,买盘
232,14:48:00,10.5,--,177,185850,买盘
233,14:47:57,10.5,--,74,77700,买盘
234,14:47:54,10.5,--,50,52500,卖盘
235,14:47:51,10.5,--,112,117600,卖盘
236,14:47:47,10.5,--,58,60900,买盘
237,14:47:45,10.5,--,84,88200,卖盘
238,14:47:42,10.5,-0.01,621,652050,卖盘
239,14:47:39,10.51,0.01,277,291127,买盘
240,14:47:36,10.5,--,62,65100,卖盘
241,14:47:33,10.5,-0.01,43,45150,卖盘
242,14:47:30,10.51,--,25,26275,买盘
243,14:47:27,10.51,0.01,76,79876,买盘
244,14:47:24,10.5,-0.01,111,116550,卖盘
245,14:47:21,10.51,0.01,39,40989,买盘
246,14:47:18,10.5,--,7,7350,卖盘
247,14:47:15,10.5,-0.01,276,289800,卖盘
248,14:47:12,10.51,-0.01,29,30479,中性盘
249,14:47:09,10.52,0.01,1644,1729488,买盘
250,14:47:06,10.51,-0.01,5,5255,卖盘
251,14:47:03,10.52,--,35,36820,买盘
252,14:47:00,10.52,--,9,9468,买盘
253,14:46:57,10.52,-0.01,85,89420,卖盘
254,14:46:54,10.53,0.01,135,142155,买盘
255,14:46:51,10.52,-0.01,103,108356,卖盘
256,14:46:48,10.53,--,211,222183,买盘
257,14:46:45,10.53,--,14,14742,买盘
258,14:46:42,10.53,--,589,620217,买盘
259,14:46:39,10.53,--,124,130571,买盘
260,14:46:34,10.53,--,18,18954,买盘
261,14:46:31,10.53,--,17,17901,买盘
262,14:46:29,10.53,--,91,95823,买盘
263,14:46:25,10.53,-0.01,636,669708,卖盘
264,14:46:22,10.54,0.01,75,79050,买盘
265,14:46:20,10.53,-0.01,12,12636,卖盘
266,14:46:16,10.54,--,50,52699,买盘
267,14:46:14,10.54,0.01,34,35836,买盘
268,14:46:10,10.53,-0.01,172,181116,卖盘
269,14:46:07,10.54,--,120,126479,买盘
270,14:46:01,10.54,--,102,107507,买盘
271,14:45:58,10.54,--,40,42160,卖盘
272,14:45:53,10.54,0.01,53,55861,卖盘
273,14:45:49,10.53,-0.01,100,105300,卖盘
274,14:45:47,10.54,--,57,60077,卖盘
275,14:45:40,10.54,0.01,533,561782,买盘
276,14:45:37,10.53,-0.01,61,64232,卖盘
277,14:45:31,10.54,--,10,10540,买盘
278,14:45:29,10.54,--,1,1054,买盘
279,14:45:25,10.54,--,14,14755,买盘
280,14:45:22,10.54,--,51,53753,买盘
281,14:45:20,10.54,--,26,27403,买盘
282,14:45:13,10.54,--,10,10540,买盘
283,14:45:10,10.54,--,1,1054,买盘
284,14:45:07,10.54,--,184,193935,卖盘
285,14:45:05,10.54,-0.01,35,36890,卖盘
286,14:45:01,10.55,0.01,66,69630,买盘
287,14:44:56,10.54,-0.01,15,15809,卖盘
288,14:44:52,10.55,--,3,3165,买盘
289,14:44:49,10.55,0.01,5,5275,买盘
290,14:44:46,10.54,-0.01,20,21080,卖盘
291,14:44:44,10.55,--,4,4220,买盘
292,14:44:41,10.55,0.01,65,68575,买盘
293,14:44:37,10.54,--,207,218177,卖盘
294,14:44:34,10.54,--,12,12647,卖盘
295,14:44:31,10.54,-0.01,1,1054,卖盘
296,14:44:28,10.55,0.01,34,35870,买盘
297,14:44:25,10.54,-0.01,51,53753,卖盘
298,14:44:19,10.55,--,119,125545,买盘
299,14:44:16,10.55,--,30,31650,买盘
300,14:44:14,10.55,--,5,5275,买盘
301,14:44:11,10.55,0.01,20,21100,买盘
302,14:44:08,10.54,--,311,327794,卖盘
303,14:44:04,10.54,--,2,2108,卖盘
304,14:44:01,10.54,-0.01,119,125425,卖盘
305,14:43:58,10.55,0.01,10,10550,买盘
306,14:43:55,10.54,-0.01,49,51645,卖盘
307,14:43:53,10.55,--,20,21100,买盘
308,14:43:49,10.55,0.01,1,1055,买盘
309,14:43:46,10.54,--,217,228717,买盘
310,14:43:43,10.54,--,38,40052,买盘
311,14:43:40,10.54,--,24,25295,买盘
312,14:43:38,10.54,--,174,183395,买盘
313,14:43:34,10.54,--,12,12647,买盘
314,14:43:31,10.54,--,20,21080,买盘
315,14:43:29,10.54,--,50,52699,买盘
316,14:43:25,10.54,--,48,50591,买盘
317,14:43:23,10.54,--,32,33728,买盘
318,14:43:17,10.54,--,39,41106,买盘
319,14:43:14,10.54,--,115,121209,买盘
320,14:43:10,10.54,--,38,40052,买盘
321,14:43:04,10.54,--,148,155992,买盘
322,14:43:01,10.54,-0.01,435,459291,卖盘
323,14:42:58,10.55,--,170,179350,买盘
324,14:42:55,10.55,0.01,30,31650,买盘
325,14:42:53,10.54,--,7,7377,卖盘
326,14:42:50,10.54,-0.01,11,11593,卖盘
327,14:42:47,10.55,--,32,33760,买盘
328,14:42:44,10.55,0.01,19,20045,买盘
329,14:42:41,10.54,--,69,72726,卖盘
330,14:42:37,10.54,--,145,152830,卖盘
331,14:42:35,10.54,--,35,36890,卖盘
332,14:42:32,10.54,--,127,134110,买盘
333,14:42:25,10.54,-0.01,126,132804,卖盘
334,14:42:22,10.55,--,15,15825,买盘
335,14:42:19,10.55,--,13,13715,买盘
336,14:42:16,10.55,--,134,141370,买盘
337,14:42:14,10.55,--,4,4220,买盘
338,14:42:10,10.55,--,30,31650,买盘
339,14:42:08,10.55,0.01,18,18990,中性盘
340,14:42:05,10.54,-0.02,407,428977,卖盘
341,14:42:01,10.56,--,50,52800,买盘
342,14:41:58,10.56,--,61,64416,买盘
343,14:41:55,10.56,0.01,33,34848,买盘
344,14:41:53,10.55,-0.01,33,34815,卖盘
345,14:41:50,10.56,--,58,61248,买盘
346,14:41:46,10.56,0.01,35,36960,买盘
347,14:41:43,10.55,--,136,143480,买盘
348,14:41:41,10.55,--,504,531720,买盘
349,14:41:38,10.55,--,56,59080,卖盘
350,14:41:34,10.55,0.01,29,30595,卖盘
351,14:41:32,10.54,--,406,427923,卖盘
352,14:41:28,10.54,--,0,0,卖盘
353,14:41:25,10.54,-0.01,526,554404,卖盘
354,14:41:22,10.55,--,229,241595,买盘
355,14:41:19,10.55,--,109,114995,买盘
356,14:41:16,10.55,0.01,121,127655,买盘
357,14:41:13,10.54,-0.01,11,11593,卖盘
358,14:41:10,10.55,--,10,10550,买盘
359,14:41:08,10.55,0.01,257,271135,买盘
360,14:41:05,10.54,--,2,2108,卖盘
361,14:41:02,10.54,--,56,59023,卖盘
362,14:40:58,10.54,--,33,34782,买盘
363,14:40:55,10.54,0.01,211,222393,买盘
364,14:40:52,10.53,-0.01,14,14742,卖盘
365,14:40:49,10.54,0.01,623,656642,买盘
366,14:40:47,10.53,--,9,9477,卖盘
367,14:40:44,10.53,-0.01,15,15794,卖盘
368,14:40:41,10.54,--,12,12647,买盘
369,14:40:37,10.54,0.01,224,236095,买盘
370,14:40:34,10.53,--,26,27378,卖盘
371,14:40:31,10.53,--,60,63179,卖盘
372,14:40:25,10.53,--,185,194805,买盘
373,14:40:22,10.53,--,45,47385,买盘
374,14:40:19,10.53,--,66,69498,买盘
375,14:40:13,10.53,0.01,10,10530,买盘
376,14:40:10,10.52,-0.01,100,105200,卖盘
377,14:40:07,10.53,--,38,40014,卖盘
378,14:40:04,10.53,-0.01,252,265356,卖盘
379,14:40:01,10.54,0.01,203,213961,买盘
380,14:39:58,10.53,--,20,21060,卖盘
381,14:39:55,10.53,--,52,54756,卖盘
382,14:39:49,10.53,--,54,56862,买盘
383,14:39:46,10.53,--,39,41067,买盘
384,14:39:43,10.53,--,55,57915,买盘
385,14:39:40,10.53,--,56,58968,买盘
386,14:39:37,10.53,--,12,12636,买盘
387,14:39:34,10.53,0.01,355,373815,买盘
388,14:39:31,10.52,--,67,70484,卖盘
389,14:39:25,10.52,-0.01,68,71536,卖盘
390,14:39:22,10.53,--,48,50544,买盘
391,14:39:19,10.53,0.01,69,72657,买盘
392,14:39:16,10.52,--,1,1052,卖盘
393,14:39:13,10.52,--,29,31223,卖盘
394,14:39:10,10.52,--,104,109408,买盘
395,14:39:07,10.52,0.02,82,86264,买盘
396,14:39:04,10.5,-0.02,249,261450,卖盘
397,14:38:58,10.52,0.01,35,36820,买盘
398,14:38:55,10.51,0.01,161,169211,买盘
399,14:38:52,10.5,--,409,429450,卖盘
400,14:38:49,10.5,--,25,26250,卖盘
401,14:38:46,10.5,--,25,26250,卖盘
402,14:38:43,10.5,--,225,236250,卖盘
403,14:38:40,10.5,--,44,46200,卖盘
404,14:38:37,10.5,--,3,3150,卖盘
405,14:38:34,10.5,--,182,191100,卖盘
406,14:38:31,10.5,--,291,305550,买盘
407,14:38:28,10.5,0.01,290,304500,买盘
408,14:38:22,10.49,--,39,40911,卖盘
409,14:38:19,10.49,--,40,41960,卖盘
410,14:38:16,10.49,--,109,114341,卖盘
411,14:38:13,10.49,0.01,179,187771,买盘
412,14:38:10,10.48,--,94,98512,卖盘
413,14:38:07,10.48,--,195,204360,买盘
414,14:38:04,10.48,--,364,381472,买盘
415,14:38:01,10.48,0.01,188,197024,买盘
416,14:37:58,10.47,-0.01,34,35598,卖盘
417,14:37:55,10.48,--,488,511424,买盘
418,14:37:52,10.48,--,91,95368,买盘
419,14:37:49,10.48,--,165,172920,买盘
420,14:37:46,10.48,-0.01,2472,2590656,卖盘
421,14:37:43,10.49,-0.01,37,38813,卖盘
422,14:37:40,10.5,--,49,51450,买盘
423,14:37:37,10.5,--,93,97650,买盘
424,14:37:34,10.5,--,78,81900,买盘
425,14:37:31,10.5,--,234,245700,买盘
426,14:37:28,10.5,--,748,785400,卖盘
427,14:37:25,10.5,--,5,5250,卖盘
428,14:37:22,10.5,--,50,52500,卖盘
429,14:37:19,10.5,--,221,232050,卖盘
430,14:37:16,10.5,--,86,90300,卖盘
431,14:37:13,10.5,0.01,120,126000,买盘
432,14:37:10,10.49,--,243,254907,卖盘
433,14:37:07,10.49,--,48,50352,卖盘
434,14:37:04,10.49,--,386,404914,卖盘
435,14:37:01,10.49,-0.01,259,271691,卖盘
436,14:36:58,10.5,--,387,406350,买盘
437,14:36:55,10.5,--,371,390316,卖盘
438,14:36:52,10.5,-0.01,202,212100,卖盘
439,14:36:49,10.51,0.01,165,173415,买盘
440,14:36:46,10.5,--,70,73500,卖盘
441,14:36:43,10.5,--,132,138600,卖盘
442,14:36:40,10.5,-0.01,244,256200,卖盘
443,14:36:37,10.51,--,6,6306,买盘
444,14:36:34,10.51,-0.01,147,154497,卖盘
445,14:36:31,10.52,0.01,84,88368,买盘
446,14:36:28,10.51,--,30,31530,中性盘
447,14:36:25,10.51,--,326,342626,卖盘
448,14:36:22,10.51,--,503,528653,买盘
449,14:36:19,10.51,--,2501,2628551,买盘
450,14:36:16,10.51,--,95,99845,买盘
451,14:36:13,10.51,-0.01,174,182874,卖盘
452,14:36:10,10.52,--,192,201984,卖盘
453,14:36:07,10.52,0.01,399,419748,买盘
454,14:36:04,10.51,-0.01,953,1001603,卖盘
455,14:35:58,10.52,0.01,17,17884,买盘
456,14:35:55,10.51,-0.01,459,482409,卖盘
457,14:35:52,10.52,--,24,25248,买盘
458,14:35:49,10.52,--,156,164112,买盘
459,14:35:46,10.52,--,20,21040,买盘
460,14:35:40,10.52,0.01,84,88368,买盘
461,14:35:34,10.51,-0.01,196,205996,卖盘
462,14:35:31,10.52,0.01,129,135708,中性盘
463,14:35:28,10.51,-0.01,216,227016,卖盘
464,14:35:22,10.52,0.01,100,105200,中性盘
465,14:35:19,10.51,-0.02,224,235424,卖盘
466,14:35:16,10.53,--,247,260090,买盘
467,14:35:13,10.53,--,78,82134,买盘
468,14:35:10,10.53,0.01,6,6318,买盘
469,14:35:07,10.52,--,114,119928,卖盘
470,14:35:04,10.52,--,6,6312,卖盘
471,14:35:01,10.52,--,224,235648,卖盘
472,14:34:58,10.52,--,49,51548,卖盘
473,14:34:55,10.52,0.01,62,65224,买盘
474,14:34:52,10.51,-0.01,75,78825,卖盘
475,14:34:49,10.52,--,6,6312,买盘
476,14:34:46,10.52,0.01,6,6312,买盘
477,14:34:43,10.51,--,210,220710,卖盘
478,14:34:40,10.51,0.01,26,27326,卖盘
479,14:34:37,10.5,-0.01,72,75600,卖盘
480,14:34:34,10.51,--,28,29711,买盘
481,14:34:31,10.51,-0.01,155,163672,卖盘
482,14:34:28,10.52,--,645,678540,买盘
483,14:34:25,10.52,--,48,50496,买盘
484,14:34:22,10.52,--,62,65224,买盘
485,14:34:19,10.52,0.01,48,50496,买盘
486,14:34:16,10.51,-0.01,54,56754,卖盘
487,14:34:13,10.52,--,41,43132,买盘
488,14:34:10,10.52,0.01,68,71536,中性盘
489,14:34:07,10.51,-0.02,1082,1137182,卖盘
490,14:34:04,10.53,0.01,20,21060,买盘
491,14:34:01,10.52,--,222,233544,卖盘
492,14:33:58,10.52,--,10,10520,卖盘
493,14:33:55,10.52,-0.02,15,15780,卖盘
494,14:33:52,10.54,0.01,1834,1933035,买盘
495,14:33:49,10.53,--,20,21060,买盘
496,14:33:46,10.53,--,52,54756,卖盘
497,14:33:40,10.53,0.01,14,14742,买盘
498,14:33:37,10.52,-0.02,282,296664,卖盘
499,14:33:34,10.54,0.02,147,154938,买盘
500,14:33:31,10.52,-0.01,234,246168,卖盘
501,14:33:28,10.53,--,14,14742,买盘
502,14:33:25,10.53,-0.01,5,5265,中性盘
503,14:33:22,10.54,0.01,37,38998,买盘
504,14:33:19,10.53,-0.02,107,112671,卖盘
505,14:33:16,10.55,--,46,48530,买盘
506,14:33:13,10.55,0.01,84,88620,买盘
507,14:33:10,10.54,0.01,11,11593,买盘
508,14:33:07,10.53,-0.02,46,48438,卖盘
509,14:33:04,10.55,--,11,11605,买盘
510,14:33:01,10.55,0.01,6,6330,买盘
511,14:32:58,10.54,-0.01,56,59023,卖盘
512,14:32:54,10.55,-0.01,57,60135,卖盘
513,14:32:51,10.56,0.05,45,47520,买盘
514,14:32:48,10.51,-0.05,2831,2975381,卖盘
515,14:32:42,10.56,0.01,25,26400,买盘
516,14:32:39,10.55,0.01,29,30595,卖盘
517,14:32:36,10.54,-0.01,16,16864,卖盘
518,14:32:33,10.55,--,196,206780,卖盘
519,14:32:30,10.55,-0.02,62,65410,卖盘
520,14:32:27,10.57,0.02,45,47565,买盘
521,14:32:21,10.55,--,43,45365,卖盘
522,14:32:18,10.55,-0.02,22,23210,卖盘
523,14:32:15,10.57,0.02,36,38052,买盘
524,14:32:12,10.55,--,28,29540,卖盘
525,14:32:09,10.55,--,134,141370,卖盘
526,14:32:06,10.55,0.01,379,400129,买盘
527,14:32:03,10.54,-0.01,172,182057,卖盘
528,14:32:00,10.55,--,25,26375,买盘
529,14:31:57,10.55,0.01,1,1055,买盘
530,14:31:54,10.54,-0.01,310,326740,卖盘
531,14:31:51,10.55,--,127,133985,买盘
532,14:31:48,10.55,0.01,38,40090,买盘
533,14:31:45,10.54,-0.01,117,123317,卖盘
534,14:31:42,10.55,--,100,105500,买盘
535,14:31:39,10.55,0.01,11,11605,买盘
536,14:31:36,10.54,-0.01,45,47429,卖盘
537,14:31:33,10.55,--,233,245815,买盘
538,14:31:30,10.55,--,96,101280,买盘
539,14:31:27,10.55,--,10,10550,买盘
540,14:31:24,10.55,--,6,6330,买盘
541,14:31:21,10.55,0.01,6,6330,买盘
542,14:31:18,10.54,-0.01,74,77996,卖盘
543,14:31:15,10.55,--,52,54860,买盘
544,14:31:12,10.55,0.01,29,30595,买盘
545,14:31:09,10.54,--,2,2108,卖盘
546,14:31:06,10.54,0.01,57,60362,买盘
547,14:31:03,10.53,-0.01,284,299052,卖盘
548,14:31:00,10.54,0.01,186,196043,买盘
549,14:30:57,10.53,--,125,131625,卖盘
550,14:30:54,10.53,--,135,142155,卖盘
551,14:30:51,10.53,--,9,9477,卖盘
552,14:30:48,10.53,-0.01,42,44226,卖盘
553,14:30:45,10.54,0.01,10,10540,买盘
554,14:30:42,10.53,--,66,69498,卖盘
555,14:30:38,10.53,0.01,27,28431,买盘
556,14:30:36,10.52,-0.01,67,70484,卖盘
557,14:30:33,10.53,--,231,243242,买盘
558,14:30:30,10.53,0.01,130,136890,买盘
559,14:30:27,10.52,--,280,294560,卖盘
560,14:30:24,10.52,-0.01,599,630148,卖盘
561,14:30:21,10.53,0.01,29,30536,买盘
562,14:30:18,10.52,-0.01,214,225128,卖盘
563,14:30:15,10.53,--,42,44226,买盘
564,14:30:12,10.53,0.01,159,167427,买盘
565,14:30:09,10.52,--,129,135708,买盘
566,14:30:06,10.52,--,85,89420,买盘
567,14:30:03,10.52,--,384,403968,买盘
568,14:30:00,10.52,--,225,236700,卖盘
569,14:29:57,10.52,-0.01,577,607004,卖盘
570,14:29:54,10.53,--,149,156897,买盘
571,14:29:51,10.53,--,1140,1200420,买盘
572,14:29:48,10.53,--,30,31589,买盘
573,14:29:45,10.53,--,28,29484,买盘
574,14:29:42,10.53,--,6,6318,买盘
575,14:29:39,10.53,--,9,9477,买盘
576,14:29:36,10.53,--,102,107406,买盘
577,14:29:32,10.53,--,437,460161,卖盘
578,14:29:30,10.53,--,446,469638,卖盘
579,14:29:27,10.53,--,2,2106,卖盘
580,14:29:24,10.53,--,25,26325,卖盘
581,14:29:21,10.53,--,13,13689,卖盘
582,14:29:15,10.53,--,93,97929,买盘
583,14:29:12,10.53,--,617,649701,买盘
584,14:29:09,10.53,0.01,109,114777,买盘
585,14:29:06,10.52,-0.01,211,221972,卖盘
586,14:29:03,10.53,--,34,35802,买盘
587,14:29:00,10.53,--,164,172692,卖盘
588,14:28:57,10.53,--,323,340119,卖盘
589,14:28:54,10.53,-0.01,19,20007,卖盘
590,14:28:51,10.54,0.01,87,91697,买盘
591,14:28:48,10.53,--,129,135837,买盘
592,14:28:45,10.53,0.01,98,103194,买盘
593,14:28:42,10.52,-0.02,1500,1578000,卖盘
594,14:28:39,10.54,0.01,229,241365,买盘
595,14:28:36,10.53,--,412,433836,买盘
596,14:28:33,10.53,--,35,36855,买盘
597,14:28:29,10.53,--,99,104247,买盘
598,14:28:25,10.53,-0.01,64,67392,中性盘
599,14:28:22,10.54,0.01,740,780012,买盘
600,14:28:20,10.53,-0.01,91,95823,卖盘
601,14:28:16,10.54,--,597,629238,买盘
602,14:28:14,10.54,0.01,82,86428,买盘
603,14:28:10,10.53,-0.01,61,64232,卖盘
604,14:28:07,10.54,--,77,81158,买盘
605,14:28:04,10.54,--,26,27403,买盘
606,14:28:02,10.54,-0.01,500,527000,卖盘
607,14:27:59,10.55,0.01,317,334435,买盘
608,14:27:56,10.54,--,43,45321,卖盘
609,14:27:50,10.54,--,51,53753,卖盘
610,14:27:46,10.54,--,161,169694,卖盘
611,14:27:44,10.54,--,41,43214,买盘
612,14:27:40,10.54,0.01,157,166479,买盘
613,14:27:37,10.53,0.01,20,21060,卖盘
614,14:27:35,10.52,--,10,10520,卖盘
615,14:27:31,10.52,--,107,112564,卖盘
616,14:27:29,10.52,-0.01,442,464984,卖盘
617,14:27:25,10.53,0.01,245,257984,买盘
618,14:27:22,10.52,--,318,334536,卖盘
619,14:27:19,10.52,0.01,204,214608,中性盘
620,14:27:16,10.51,-0.01,1110,1166610,卖盘
621,14:27:14,10.52,--,113,118876,买盘
622,14:27:10,10.52,--,16,16832,买盘
623,14:27:07,10.52,--,308,325036,卖盘
624,14:27:04,10.52,--,641,674363,卖盘
625,14:27:02,10.52,-0.01,111,116772,卖盘
626,14:26:59,10.53,-0.01,713,750789,卖盘
627,14:26:56,10.54,-0.02,313,329902,卖盘
628,14:26:52,10.56,0.02,454,479424,买盘
629,14:26:50,10.54,--,319,336226,卖盘
630,14:26:47,10.54,--,53,55861,卖盘
631,14:26:43,10.54,--,113,119101,卖盘
632,14:26:41,10.54,--,255,268770,卖盘
633,14:26:38,10.54,-0.01,18,18972,卖盘
634,14:26:34,10.55,-0.01,166,175130,中性盘
635,14:26:31,10.56,--,2226,2350656,买盘
636,14:26:28,10.56,--,21,22176,买盘
637,14:26:25,10.56,--,1648,1740288,卖盘
638,14:26:22,10.56,-0.01,1026,1083456,卖盘
639,14:26:19,10.57,-0.01,106,112042,卖盘
640,14:26:17,10.58,0.01,89,94162,买盘
641,14:26:14,10.57,-0.01,92,97244,卖盘
642,14:26:11,10.58,--,150,158700,买盘
643,14:26:07,10.58,-0.01,866,916228,卖盘
644,14:26:05,10.59,0.01,19,20121,买盘
645,14:26:01,10.58,-0.01,43,45494,卖盘
646,14:25:58,10.59,0.01,253,267927,买盘
647,14:25:55,10.58,-0.01,45,47610,卖盘
648,14:25:52,10.59,--,61,64599,买盘
649,14:25:49,10.59,--,110,116490,买盘
650,14:25:46,10.59,-0.01,1377,1458243,卖盘
651,14:25:43,10.6,0.01,40,42400,买盘
652,14:25:40,10.59,--,6,6354,卖盘
653,14:25:38,10.59,-0.01,64,67776,卖盘
654,14:25:35,10.6,--,908,963508,卖盘
655,14:25:32,10.6,-0.01,43,45580,卖盘
656,14:25:28,10.61,0.01,181,192041,买盘
657,14:25:26,10.6,-0.01,80,84800,卖盘
658,14:25:23,10.61,--,106,112466,买盘
659,14:25:19,10.61,--,71,75331,买盘
660,14:25:17,10.61,--,31,32891,买盘
661,14:25:14,10.61,-0.01,442,468962,卖盘
662,14:25:07,10.62,0.01,60,63719,买盘
663,14:25:05,10.61,--,102,108222,卖盘
664,14:25:01,10.61,-0.01,3,3183,卖盘
665,14:24:58,10.62,0.01,154,163548,买盘
666,14:24:52,10.61,--,83,88063,卖盘
667,14:24:50,10.61,--,42,44562,买盘
668,14:24:46,10.61,0.01,59,62599,买盘
669,14:24:40,10.6,-0.01,10,10600,卖盘
670,14:24:37,10.61,0.01,37,39257,买盘
671,14:24:32,10.6,--,17,18020,卖盘
672,14:24:28,10.6,--,12,12720,卖盘
673,14:24:26,10.6,--,223,236380,卖盘
674,14:24:22,10.6,--,134,142071,买盘
675,14:24:19,10.6,--,39,41340,买盘
676,14:24:16,10.6,--,314,332840,买盘
677,14:24:13,10.6,--,177,187620,买盘
678,14:24:10,10.6,--,102,108120,买盘
679,14:24:07,10.6,0.01,21,22260,买盘
680,14:24:04,10.59,--,62,65658,卖盘
681,14:24:02,10.59,--,4,4236,卖盘
682,14:23:59,10.59,0.01,201,212859,中性盘
683,14:23:56,10.58,-0.02,206,217948,卖盘
684,14:23:53,10.6,0.01,60,63600,买盘
685,14:23:50,10.59,--,120,127080,买盘
686,14:23:47,10.59,--,174,185293,卖盘
687,14:23:43,10.59,-0.01,57,60394,卖盘
688,14:23:40,10.6,--,20,21200,买盘
689,14:23:37,10.6,0.01,83,87980,买盘
690,14:23:34,10.59,-0.01,22,23298,卖盘
691,14:23:29,10.6,0.01,16,16960,买盘
692,14:23:25,10.59,-0.01,196,207564,卖盘
693,14:23:22,10.6,--,42,44520,买盘
694,14:23:19,10.6,0.01,599,634940,买盘
695,14:23:16,10.59,-0.01,12,12708,卖盘
696,14:23:13,10.6,--,59,62540,买盘
697,14:23:10,10.6,--,49,51940,买盘
698,14:23:07,10.6,--,12,12720,买盘
699,14:23:05,10.6,--,235,249100,买盘
700,14:23:01,10.6,0.01,16,16960,买盘
701,14:22:58,10.59,-0.01,8,8472,卖盘
702,14:22:56,10.6,--,315,333900,买盘
703,14:22:52,10.6,--,29,30740,买盘
704,14:22:49,10.6,--,59,62540,买盘
705,14:22:40,10.6,--,61,64660,买盘
706,14:22:37,10.6,0.01,15,15900,买盘
707,14:22:34,10.59,-0.01,52,55068,卖盘
708,14:22:32,10.6,0.01,248,262880,买盘
709,14:22:28,10.59,--,9,9531,卖盘
710,14:22:26,10.59,-0.01,170,180030,卖盘
711,14:22:23,10.6,0.02,6,6360,买盘
712,14:22:20,10.58,-0.02,180,190440,卖盘
713,14:22:16,10.6,0.01,156,165360,买盘
714,14:22:14,10.59,--,41,43419,买盘
715,14:22:10,10.59,--,242,256278,卖盘
716,14:22:07,10.59,--,10,10590,卖盘
717,14:22:04,10.59,--,81,85779,买盘
718,14:22:01,10.59,--,65,68835,卖盘
719,14:21:59,10.59,--,66,69894,卖盘
720,14:21:55,10.59,--,213,225567,卖盘
721,14:21:53,10.59,--,141,149319,卖盘
722,14:21:49,10.59,-0.01,124,131316,卖盘
723,14:21:46,10.6,0.01,74,78440,买盘
724,14:21:43,10.59,--,68,72012,卖盘
725,14:21:40,10.59,--,63,66717,卖盘
726,14:21:37,10.59,0.01,200,211800,买盘
727,14:21:34,10.58,-0.01,93,98394,卖盘
728,14:21:31,10.59,--,53,56127,买盘
729,14:21:28,10.59,0.01,183,193797,卖盘
730,14:21:25,10.58,-0.01,289,305762,卖盘
731,14:21:19,10.59,--,182,192738,买盘
732,14:21:16,10.59,--,10,10590,买盘
733,14:21:13,10.59,--,80,84720,买盘
734,14:21:10,10.59,--,64,67776,买盘
735,14:21:07,10.59,--,44,46596,卖盘
736,14:21:04,10.59,--,32,33888,卖盘
737,14:21:01,10.59,-0.01,1,1059,卖盘
738,14:20:58,10.6,0.02,6,6360,买盘
739,14:20:55,10.58,-0.02,165,174570,卖盘
740,14:20:52,10.6,0.02,560,593600,买盘
741,14:20:49,10.58,--,426,450708,买盘
742,14:20:46,10.58,0.01,353,373474,买盘
743,14:20:43,10.57,--,287,303359,卖盘
744,14:20:40,10.57,--,259,273763,卖盘
745,14:20:37,10.57,--,41,43337,卖盘
746,14:20:34,10.57,--,47,49679,卖盘
747,14:20:31,10.57,--,39,41223,卖盘
748,14:20:28,10.57,--,61,64477,卖盘
749,14:20:25,10.57,-0.01,527,557039,卖盘
750,14:20:22,10.58,--,52,55016,买盘
751,14:20:19,10.58,--,112,118496,买盘
752,14:20:16,10.58,--,486,514188,买盘
753,14:20:13,10.58,--,450,476100,买盘
754,14:20:10,10.58,--,12,12696,买盘
755,14:20:07,10.58,--,82,86756,买盘
756,14:20:04,10.58,-0.03,1713,1812354,卖盘
757,14:19:58,10.61,--,6,6366,买盘
758,14:19:55,10.61,--,148,157028,卖盘
759,14:19:52,10.61,-0.01,26,27586,卖盘
760,14:19:49,10.62,0.01,12,12743,买盘
761,14:19:46,10.61,-0.01,42,44562,卖盘
762,14:19:37,10.62,--,15,15929,买盘
763,14:19:34,10.62,-0.01,85,90270,卖盘
764,14:19:31,10.63,--,5,5315,卖盘
765,14:19:28,10.63,0.01,329,349727,买盘
766,14:19:25,10.62,0.02,12,12743,买盘
767,14:19:22,10.6,-0.03,283,299980,卖盘
768,14:19:16,10.63,--,6026,6405638,买盘
769,14:19:13,10.63,--,44,46772,买盘
770,14:19:07,10.63,--,26,27638,买盘
771,14:19:04,10.63,0.01,14,14882,买盘
772,14:19:01,10.62,-0.01,183,194346,卖盘
773,14:18:58,10.63,0.01,11,11693,买盘
774,14:18:52,10.62,-0.01,188,199655,卖盘
775,14:18:49,10.63,--,6,6378,买盘
776,14:18:46,10.63,0.01,26,27638,买盘
777,14:18:43,10.62,-0.01,222,235763,卖盘
778,14:18:40,10.63,--,5,5315,买盘
779,14:18:37,10.63,0.01,6,6378,买盘
780,14:18:34,10.62,-0.01,11,11682,卖盘
781,14:18:31,10.63,0.01,34,36142,买盘
782,14:18:28,10.62,-0.01,31,32922,卖盘
783,14:18:25,10.63,--,2,2126,买盘
784,14:18:22,10.63,--,266,282758,卖盘
785,14:18:19,10.63,-0.01,12,12756,卖盘
786,14:18:16,10.64,0.01,9,9576,买盘
787,14:18:13,10.63,--,43,45709,卖盘
788,14:18:07,10.63,--,2,2126,卖盘
789,14:18:04,10.63,-0.01,2,2126,卖盘
790,14:18:01,10.64,--,0,0,买盘
791,14:17:58,10.64,0.01,148,157472,买盘
792,14:17:52,10.63,-0.01,289,307207,卖盘
793,14:17:46,10.64,0.01,7,7448,买盘
794,14:17:43,10.63,-0.01,44,46772,卖盘
795,14:17:37,10.64,0.01,16,17024,买盘
796,14:17:31,10.63,-0.01,11,11693,卖盘
797,14:17:28,10.64,0.01,37,39368,买盘
798,14:17:25,10.63,--,26,27638,卖盘
799,14:17:22,10.63,-0.01,155,164765,卖盘
800,14:17:19,10.64,--,2,2128,买盘
801,14:17:16,10.64,0.01,18,19152,买盘
802,14:17:10,10.63,-0.01,12,12756,卖盘
803,14:17:07,10.64,0.01,7,7448,买盘
804,14:17:04,10.63,--,40,42520,卖盘
805,14:17:01,10.63,--,142,150946,买盘
806,14:16:58,10.63,--,163,173269,买盘
807,14:16:55,10.63,--,11,11693,买盘
808,14:16:52,10.63,--,18,19134,买盘
809,14:16:49,10.63,--,88,93544,买盘
810,14:16:46,10.63,--,257,273191,卖盘
811,14:16:43,10.63,--,172,182836,卖盘
812,14:16:40,10.63,-0.01,55,58465,卖盘
813,14:16:37,10.64,0.01,6,6384,买盘
814,14:16:34,10.63,--,12,12756,卖盘
815,14:16:31,10.63,--,40,42520,卖盘
816,14:16:28,10.63,--,7,7441,卖盘
817,14:16:25,10.63,-0.01,18,19134,卖盘
818,14:16:22,10.64,0.01,270,287280,买盘
819,14:16:19,10.63,-0.01,41,43583,卖盘
820,14:16:16,10.64,0.01,56,59584,买盘
821,14:16:13,10.63,-0.01,14,14882,卖盘
822,14:16:10,10.64,--,9,9576,买盘
823,14:16:07,10.64,0.01,13,13832,买盘
824,14:16:04,10.63,-0.01,44,46772,卖盘
825,14:16:01,10.64,--,1,1064,买盘
826,14:15:58,10.64,--,10,10640,买盘
827,14:15:52,10.64,--,152,161728,买盘
828,14:15:49,10.64,0.01,24,25536,卖盘
829,14:15:46,10.63,-0.02,5,5315,卖盘
830,14:15:43,10.65,0.01,184,195960,买盘
831,14:15:37,10.64,0.01,15,15960,买盘
832,14:15:34,10.63,--,50,53150,卖盘
833,14:15:31,10.63,-0.01,1,1063,卖盘
834,14:15:28,10.64,0.01,6,6384,买盘
835,14:15:25,10.63,--,20,21260,买盘
836,14:15:22,10.63,--,202,214726,卖盘
837,14:15:16,10.63,0.01,1,1063,中性盘
838,14:15:13,10.62,--,85,90270,卖盘
839,14:15:07,10.62,-0.01,10,10620,卖盘
840,14:15:04,10.63,0.01,99,105237,买盘
841,14:15:01,10.62,-0.01,2,2124,卖盘
842,14:14:58,10.63,--,6,6378,买盘
843,14:14:55,10.63,0.01,100,106300,买盘
844,14:14:49,10.62,-0.01,554,588348,卖盘
845,14:14:46,10.63,--,48,51024,买盘
846,14:14:43,10.63,0.01,117,124371,买盘
847,14:14:40,10.62,-0.01,94,99827,卖盘
848,14:14:37,10.63,0.01,15,15945,买盘
849,14:14:34,10.62,--,39,41418,卖盘
850,14:14:31,10.62,--,141,149742,卖盘
851,14:14:28,10.62,--,90,95580,卖盘
852,14:14:24,10.62,0.01,25,26549,中性盘
853,14:14:21,10.61,-0.01,157,166577,卖盘
854,14:14:18,10.62,--,180,191160,买盘
855,14:14:15,10.62,0.01,237,251693,买盘
856,14:14:12,10.61,-0.02,122,129442,卖盘
857,14:14:09,10.63,0.01,265,281695,买盘
858,14:14:06,10.62,--,2,2124,卖盘
859,14:14:03,10.62,-0.01,63,66906,卖盘
860,14:14:00,10.63,0.01,45,47835,买盘
861,14:13:57,10.62,--,3,3185,卖盘
862,14:13:54,10.62,--,64,67968,卖盘
863,14:13:51,10.62,--,1108,1176696,买盘
864,14:13:48,10.62,--,249,264438,买盘
865,14:13:45,10.62,--,1,1062,买盘
866,14:13:41,10.62,0.01,597,634014,买盘
867,14:13:39,10.61,-0.01,15,15915,卖盘
868,14:13:36,10.62,0.01,20,21240,买盘
869,14:13:33,10.61,-0.01,1,1061,卖盘
870,14:13:30,10.62,--,7,7433,买盘
871,14:13:27,10.62,-0.01,1322,1403964,卖盘
872,14:13:24,10.63,0.01,595,632485,买盘
873,14:13:21,10.62,-0.01,438,465155,卖盘
874,14:13:18,10.63,0.01,187,198781,买盘
875,14:13:15,10.62,-0.01,20,21240,卖盘
876,14:13:12,10.63,0.01,229,243427,买盘
877,14:13:09,10.62,--,18,19116,卖盘
878,14:13:05,10.62,--,3,3185,卖盘
879,14:13:03,10.62,-0.01,225,238949,卖盘
880,14:13:00,10.63,--,171,181773,买盘
881,14:12:57,10.63,--,1,1063,买盘
882,14:12:53,10.63,-0.01,170,180710,卖盘
883,14:12:51,10.64,0.01,52,55328,买盘
884,14:12:48,10.63,-0.01,42,44646,卖盘
885,14:12:45,10.64,0.01,21,22344,买盘
886,14:12:42,10.63,-0.01,208,221104,卖盘
887,14:12:39,10.64,--,12,12768,卖盘
888,14:12:36,10.64,--,9,9576,买盘
889,14:12:33,10.64,--,31,32984,中性盘
890,14:12:30,10.64,0.01,32,34048,中性盘
891,14:12:27,10.63,-0.01,1922,2043086,卖盘
892,14:12:24,10.64,--,67,71288,卖盘
893,14:12:21,10.64,--,278,295792,卖盘
894,14:12:18,10.64,-0.01,52,55328,卖盘
895,14:12:15,10.65,--,51,54315,买盘
896,14:12:12,10.65,0.01,9,9585,买盘
897,14:12:09,10.64,--,80,85120,卖盘
898,14:12:05,10.64,-0.01,43,45752,卖盘
899,14:12:03,10.65,--,65,69225,买盘
900,14:11:50,10.65,0.01,163,173595,买盘
901,14:11:48,10.64,--,75,79800,卖盘
902,14:11:45,10.64,--,56,59584,卖盘
903,14:11:36,10.64,--,537,571368,卖盘
904,14:11:33,10.64,--,11,11704,卖盘
905,14:11:30,10.64,-0.02,20,21280,卖盘
906,14:11:24,10.66,0.02,57,60762,买盘
907,14:11:21,10.64,--,229,243656,卖盘
908,14:11:18,10.64,--,132,140448,卖盘
909,14:11:15,10.64,--,50,53200,卖盘
910,14:11:09,10.64,--,3,3192,卖盘
911,14:11:06,10.64,--,11,11704,卖盘
912,14:11:03,10.64,--,92,97888,卖盘
913,14:11:00,10.64,--,51,54264,卖盘
914,14:10:57,10.64,--,61,64904,卖盘
915,14:10:54,10.64,-0.01,75,79800,卖盘
916,14:10:51,10.65,--,185,197025,卖盘
917,14:10:48,10.65,--,197,209805,卖盘
918,14:10:45,10.65,--,62,66030,卖盘
919,14:10:41,10.65,--,66,70290,卖盘
920,14:10:39,10.65,--,275,292875,卖盘
921,14:10:33,10.65,--,73,77745,卖盘
922,14:10:30,10.65,--,199,211935,卖盘
923,14:10:27,10.65,--,22,23430,卖盘
924,14:10:24,10.65,--,54,57510,卖盘
925,14:10:21,10.65,--,148,157620,卖盘
926,14:10:18,10.65,--,470,500550,卖盘
927,14:10:12,10.65,--,84,89460,卖盘
928,14:10:05,10.65,--,12,12780,卖盘
929,14:10:02,10.65,--,150,159750,卖盘
930,14:09:59,10.65,-0.01,14,14910,卖盘
931,14:09:54,10.66,0.01,15,15990,买盘
932,14:09:48,10.65,--,365,388725,卖盘
933,14:09:43,10.65,-0.01,107,113955,卖盘
934,14:09:40,10.66,0.01,1,1066,买盘
935,14:09:32,10.65,--,11,11715,卖盘
936,14:09:25,10.65,--,22,23430,卖盘
937,14:09:22,10.65,-0.01,1005,1070325,卖盘
938,14:09:19,10.66,0.01,45,47970,买盘
939,14:09:16,10.65,-0.01,70,74550,卖盘
940,14:09:13,10.66,--,40,42640,卖盘
941,14:09:10,10.66,--,41,43706,卖盘
942,14:09:07,10.66,--,2,2132,卖盘
943,14:09:05,10.66,-0.01,6,6396,卖盘
944,14:09:02,10.67,--,300,320100,买盘
945,14:08:58,10.67,0.01,28,29876,买盘
946,14:08:55,10.66,--,50,53300,卖盘
947,14:08:52,10.66,--,294,313404,卖盘
948,14:08:49,10.66,--,52,55432,卖盘
949,14:08:47,10.66,-0.01,205,218530,卖盘
950,14:08:38,10.67,--,1,1067,买盘
951,14:08:34,10.67,0.01,18,19206,买盘
952,14:08:28,10.66,--,32,34112,卖盘
953,14:08:25,10.66,--,25,26650,卖盘
954,14:08:19,10.66,--,39,41574,卖盘
955,14:08:16,10.66,--,49,52234,卖盘
956,14:08:14,10.66,-0.01,47,50102,卖盘
957,14:08:07,10.67,--,21,22407,卖盘
958,14:08:04,10.67,--,12,12804,卖盘
959,14:08:01,10.67,0.01,56,59752,买盘
960,14:07:55,10.66,--,1,1066,卖盘
961,14:07:49,10.66,--,9,9594,卖盘
962,14:07:46,10.66,-0.02,143,152438,卖盘
963,14:07:44,10.68,0.01,28,29904,买盘
964,14:07:37,10.67,--,280,298760,卖盘
965,14:07:31,10.67,--,35,37345,卖盘
966,14:07:28,10.67,--,35,37345,卖盘
967,14:07:25,10.67,--,250,266750,卖盘
968,14:07:19,10.67,--,4,4268,卖盘
969,14:07:16,10.67,--,263,280621,卖盘
970,14:07:13,10.67,--,8,8536,卖盘
971,14:07:10,10.67,--,27,28809,卖盘
972,14:07:08,10.67,--,14,14938,卖盘
973,14:07:04,10.67,--,183,195261,卖盘
974,14:06:58,10.67,--,438,467346,卖盘
975,14:06:52,10.67,--,9,9603,卖盘
976,14:06:49,10.67,--,9,9603,卖盘
977,14:06:46,10.67,--,160,170720,卖盘
978,14:06:40,10.67,--,1,1067,卖盘
979,14:06:35,10.67,--,83,88561,卖盘
980,14:06:32,10.67,--,54,57618,买盘
981,14:06:28,10.67,--,13,13871,买盘
982,14:06:25,10.67,--,26,27742,买盘
983,14:06:23,10.67,0.01,15,16005,买盘
984,14:06:19,10.66,--,5,5330,卖盘
985,14:06:16,10.66,-0.01,346,368836,卖盘
986,14:06:13,10.67,0.01,10,10670,卖盘
987,14:06:10,10.66,--,37,39442,卖盘
988,14:06:07,10.66,-0.01,29,30914,卖盘
989,14:06:04,10.67,--,13,13871,卖盘
990,14:06:01,10.67,0.01,108,115236,中性盘
991,14:05:58,10.66,-0.01,39,41574,卖盘
992,14:05:52,10.67,--,15,16005,卖盘
993,14:05:49,10.67,--,160,170720,买盘
994,14:05:46,10.67,--,191,203797,买盘
995,14:05:37,10.67,--,21,22407,买盘
996,14:05:34,10.67,0.01,42,44814,买盘
997,14:05:31,10.66,-0.01,34,36244,卖盘
998,14:05:29,10.67,0.01,13,13871,买盘
999,14:05:25,10.66,-0.01,14,14924,卖盘
1000,14:05:22,10.67,--,82,87494,买盘
1001,14:05:19,10.67,-0.01,9,9603,买盘
1002,14:05:17,10.68,--,0,0,买盘
1003,14:05:14,10.68,0.01,33,35735,买盘
1004,14:05:11,10.67,--,54,57618,卖盘
1005,14:05:04,10.67,--,54,57618,卖盘
1006,14:04:58,10.67,--,28,29876,卖盘
1007,14:04:56,10.67,-0.01,9,9603,卖盘
1008,14:04:53,10.68,0.01,55,58740,买盘
1009,14:04:49,10.67,--,1,1067,卖盘
1010,14:04:43,10.67,--,214,228338,卖盘
1011,14:04:37,10.67,--,20,21340,卖盘
1012,14:04:31,10.67,-0.01,32,34144,卖盘
1013,14:04:29,10.68,--,13,13884,买盘
1014,14:04:25,10.68,0.01,13,13884,买盘
1015,14:04:22,10.67,-0.01,59,63529,卖盘
1016,14:04:20,10.68,0.01,10,10680,买盘
1017,14:04:13,10.67,-0.01,224,239008,卖盘
1018,14:04:10,10.68,0.01,28,29904,买盘
1019,14:04:07,10.67,--,19,20273,卖盘
1020,14:04:04,10.67,--,4,4268,卖盘
1021,14:03:58,10.67,--,10,10670,卖盘
1022,14:03:52,10.67,--,1,1067,卖盘
1023,14:03:45,10.67,0.01,5,5335,买盘
1024,14:03:43,10.66,--,173,184418,卖盘
1025,14:03:41,10.66,--,0,0,卖盘
1026,14:03:29,10.66,-0.02,13,13858,卖盘
1027,14:03:26,10.68,--,121,129228,买盘
1028,14:03:22,10.68,--,26,27768,买盘
1029,14:03:19,10.68,0.02,13,13884,买盘
1030,14:03:16,10.66,-0.02,4,4264,卖盘
1031,14:03:13,10.68,0.02,283,302244,买盘
1032,14:03:10,10.66,--,330,351780,卖盘
1033,14:03:07,10.66,--,16,17056,卖盘
1034,14:03:04,10.66,--,4,4264,卖盘
1035,14:02:58,10.66,--,19,20254,卖盘
1036,14:02:52,10.66,--,2,2132,卖盘
1037,14:02:49,10.66,--,42,44772,卖盘
1038,14:02:46,10.66,0.01,9,9594,卖盘
1039,14:02:43,10.65,-0.01,569,605985,卖盘
1040,14:02:40,10.66,0.01,57,60783,买盘
1041,14:02:37,10.65,-0.01,7,7455,卖盘
1042,14:02:34,10.66,0.01,31,33046,买盘
1043,14:02:31,10.65,-0.01,96,102240,卖盘
1044,14:02:28,10.66,--,23,24518,买盘
1045,14:02:26,10.66,--,13,13858,买盘
1046,14:02:22,10.66,--,35,37310,买盘
1047,14:02:19,10.66,--,65,70334,卖盘
1048,14:02:16,10.66,--,2,2153,买盘
1049,14:02:13,10.66,-0.01,433,462622,卖盘
1050,14:02:10,10.67,0.01,617,658339,买盘
1051,14:02:07,10.66,--,27,28782,卖盘
1052,14:02:04,10.66,-0.01,28,29848,卖盘
1053,14:02:01,10.67,--,281,299827,买盘
1054,14:01:59,10.67,0.01,14,14938,买盘
1055,14:01:55,10.66,--,6,6396,卖盘
1056,14:01:52,10.66,--,9,9594,卖盘
1057,14:01:49,10.66,-0.01,149,158834,卖盘
1058,14:01:46,10.67,0.01,21,22407,买盘
1059,14:01:43,10.66,--,212,225992,卖盘
1060,14:01:40,10.66,-0.01,55,58630,卖盘
1061,14:01:33,10.67,--,10,10670,买盘
1062,14:01:31,10.67,--,10,10670,买盘
1063,14:01:28,10.67,--,21,22407,买盘
1064,14:01:22,10.67,--,4,4268,买盘
1065,14:01:19,10.67,--,0,0,中性盘
1066,14:01:16,10.67,0.01,6,6402,买盘
1067,14:01:13,10.66,-0.01,200,213200,卖盘
1068,14:01:10,10.67,-0.01,42,44814,卖盘
1069,14:01:07,10.68,0.01,89,95052,买盘
1070,14:01:04,10.67,--,14,14938,卖盘
1071,14:01:01,10.67,0.01,24,25608,卖盘
1072,14:00:58,10.66,--,0,0,卖盘
1073,14:00:55,10.66,--,107,114062,卖盘
1074,14:00:52,10.66,--,8,8528,卖盘
1075,14:00:49,10.66,--,64,68224,卖盘
1076,14:00:43,10.66,--,177,188682,卖盘
1077,14:00:40,10.66,-0.01,43,45838,卖盘
1078,14:00:37,10.67,0.01,34,36278,买盘
1079,14:00:34,10.66,-0.01,1,1066,卖盘
1080,14:00:31,10.67,0.01,50,53350,买盘
1081,14:00:28,10.66,-0.01,417,444522,卖盘
1082,14:00:25,10.67,--,34,36278,买盘
1083,14:00:22,10.67,0.01,50,53350,买盘
1084,14:00:19,10.66,--,80,85280,卖盘
1085,14:00:16,10.66,-0.01,1,1066,卖盘
1086,14:00:13,10.67,0.01,272,290224,买盘
1087,14:00:10,10.66,-0.01,99,105534,卖盘
1088,14:00:07,10.67,--,8,8536,买盘
1089,14:00:04,10.67,0.01,544,580448,买盘
1090,14:00:01,10.66,-0.01,77,82082,卖盘
1091,13:59:58,10.67,--,7,7469,买盘
1092,13:59:55,10.67,0.01,35,37345,买盘
1093,13:59:52,10.66,-0.01,18,19188,卖盘
1094,13:59:49,10.67,--,79,84293,买盘
1095,13:59:46,10.67,--,8,8536,买盘
1096,13:59:43,10.67,0.01,34,36278,买盘
1097,13:59:40,10.66,-0.01,282,300612,卖盘
1098,13:59:36,10.67,0.01,32,34144,买盘
1099,13:59:28,10.66,--,8,8528,卖盘
1100,13:59:25,10.66,-0.01,11,11726,卖盘
1101,13:59:22,10.67,--,12,12804,买盘
1102,13:59:19,10.67,--,88,93896,买盘
1103,13:59:16,10.67,--,8,8536,买盘
1104,13:59:13,10.67,--,457,487619,买盘
1105,13:59:10,10.67,-0.01,68,72556,卖盘
1106,13:59:07,10.68,0.01,8,8544,买盘
1107,13:59:04,10.67,--,21,22407,卖盘
1108,13:59:01,10.67,--,25,26675,卖盘
1109,13:58:55,10.67,--,43,45881,卖盘
1110,13:58:52,10.67,0.01,1,1067,中性盘
1111,13:58:49,10.66,-0.02,151,160966,卖盘
1112,13:58:42,10.68,0.01,117,124956,买盘
1113,13:58:40,10.67,-0.01,100,106700,卖盘
1114,13:58:37,10.68,0.01,8,8544,买盘
1115,13:58:28,10.67,-0.01,17,18139,卖盘
1116,13:58:25,10.68,0.01,27,28836,买盘
1117,13:58:19,10.67,-0.01,43,45881,卖盘
1118,13:58:16,10.68,--,8,8544,买盘
1119,13:58:13,10.68,0.01,5,5340,买盘
1120,13:58:10,10.67,-0.01,146,155782,卖盘
1121,13:58:07,10.68,0.01,48,51264,买盘
1122,13:58:04,10.67,-0.01,2,2134,卖盘
1123,13:58:01,10.68,--,178,190104,卖盘
1124,13:57:58,10.68,--,24,25632,卖盘
1125,13:57:55,10.68,-0.01,10,10680,卖盘
1126,13:57:46,10.69,--,7,7483,买盘
1127,13:57:43,10.69,--,2,2138,买盘
1128,13:57:40,10.69,--,8,8552,卖盘
1129,13:57:37,10.69,--,21,22449,卖盘
1130,13:57:24,10.69,--,3,3207,买盘
1131,13:57:22,10.69,--,15,16035,买盘
1132,13:57:18,10.69,--,39,41691,买盘
1133,13:57:16,10.69,--,8,8552,买盘
1134,13:57:12,10.69,0.01,10,10690,买盘
1135,13:57:10,10.68,-0.01,193,206124,卖盘
1136,13:57:07,10.69,--,9,9621,买盘
1137,13:57:03,10.69,-0.01,4,4276,买盘
1138,13:57:01,10.7,--,13,13909,买盘
1139,13:56:58,10.7,0.01,55,58849,买盘
1140,13:56:55,10.69,--,17,18173,卖盘
1141,13:56:52,10.69,--,5,5345,卖盘
1142,13:56:49,10.69,--,1,1069,卖盘
1143,13:56:46,10.69,--,153,163557,买盘
1144,13:56:43,10.69,--,3,3207,买盘
1145,13:56:40,10.69,--,40,42760,卖盘
1146,13:56:37,10.69,-0.01,43,45967,卖盘
1147,13:56:31,10.7,--,5,5350,买盘
1148,13:56:28,10.7,--,8,8560,买盘
1149,13:56:22,10.7,0.01,9,9630,买盘
1150,13:56:19,10.69,--,36,38484,卖盘
1151,13:56:15,10.69,--,33,35277,卖盘
1152,13:56:13,10.69,0.02,4,4276,买盘
1153,13:56:10,10.67,-0.02,167,178189,卖盘
1154,13:56:07,10.69,0.01,36,38484,买盘
1155,13:56:04,10.68,-0.01,158,168744,中性盘
1156,13:56:01,10.69,0.03,18,19242,买盘
1157,13:55:58,10.66,-0.03,25,26650,卖盘
1158,13:55:55,10.69,--,66,70554,买盘
1159,13:55:52,10.69,--,5,5345,买盘
1160,13:55:49,10.69,--,152,162488,买盘
1161,13:55:43,10.69,0.02,30,32070,买盘
1162,13:55:40,10.67,--,238,253946,卖盘
1163,13:55:37,10.67,--,89,94963,卖盘
1164,13:55:22,10.67,-0.01,17,18139,卖盘
1165,13:55:19,10.68,0.02,87,92916,买盘
1166,13:55:16,10.66,--,42,44772,卖盘
1167,13:55:13,10.66,--,2,2132,卖盘
1168,13:55:10,10.66,--,158,168449,买盘
1169,13:55:07,10.66,--,587,625742,买盘
1170,13:55:03,10.66,0.01,325,346450,买盘
1171,13:54:59,10.65,-0.01,21,22365,卖盘
1172,13:54:57,10.66,--,166,176956,买盘
1173,13:54:54,10.66,0.01,128,136448,买盘
1174,13:54:51,10.65,-0.01,54,57510,卖盘
1175,13:54:47,10.66,0.01,35,37310,买盘
1176,13:54:44,10.65,--,78,83070,卖盘
1177,13:54:42,10.65,--,262,279945,卖盘
1178,13:54:39,10.65,-0.01,144,153509,卖盘
1179,13:54:36,10.66,0.01,20,21320,买盘
1180,13:54:33,10.65,--,12,12780,卖盘
1181,13:54:29,10.65,-0.01,4,4260,卖盘
1182,13:54:27,10.66,--,110,117260,买盘
1183,13:54:22,10.66,0.01,121,128986,买盘
1184,13:54:20,10.65,-0.02,665,709268,卖盘
1185,13:54:18,10.67,0.01,22,23474,买盘
1186,13:54:15,10.66,--,14,14924,卖盘
1187,13:54:12,10.66,--,11,11726,卖盘
1188,13:54:09,10.66,--,15,15990,卖盘
1189,13:54:06,10.66,--,9,9594,卖盘
1190,13:54:03,10.66,--,204,217464,卖盘
1191,13:54:00,10.66,--,44,46904,卖盘
1192,13:53:57,10.66,--,47,50102,卖盘
1193,13:53:54,10.66,--,5,5330,卖盘
1194,13:53:51,10.66,--,55,58630,卖盘
1195,13:53:48,10.66,--,90,95961,买盘
1196,13:53:45,10.66,--,35,37310,买盘
1197,13:53:42,10.66,--,158,168428,买盘
1198,13:53:39,10.66,--,56,59696,买盘
1199,13:53:36,10.66,0.01,366,390156,买盘
1200,13:53:33,10.65,-0.01,5,5325,卖盘
1201,13:53:29,10.66,--,100,106600,买盘
1202,13:53:27,10.66,--,369,393354,买盘
1203,13:53:24,10.66,0.01,2,2132,买盘
1204,13:53:21,10.65,-0.01,4,4260,卖盘
1205,13:53:17,10.66,0.01,2,2132,买盘
1206,13:53:15,10.65,-0.01,4,4260,卖盘
1207,13:53:12,10.66,0.01,10,10660,买盘
1208,13:53:08,10.65,--,101,107565,卖盘
1209,13:53:06,10.65,-0.01,178,189570,卖盘
1210,13:53:03,10.66,0.01,15,15990,买盘
1211,13:53:00,10.65,--,4,4260,卖盘
1212,13:52:57,10.65,--,22,23430,卖盘
1213,13:52:53,10.65,-0.01,146,155490,卖盘
1214,13:52:51,10.66,0.01,2,2132,买盘
1215,13:52:48,10.65,-0.01,15,15975,卖盘
1216,13:52:45,10.66,0.01,3,3198,买盘
1217,13:52:42,10.65,--,5,5325,卖盘
1218,13:52:36,10.65,--,4,4260,卖盘
1219,13:52:30,10.65,--,18,19170,卖盘
1220,13:52:24,10.65,--,54,57510,卖盘
1221,13:52:18,10.65,--,31,33015,卖盘
1222,13:52:15,10.65,--,1491,1587915,卖盘
1223,13:52:08,10.65,--,6,6390,卖盘
1224,13:52:05,10.65,--,593,631545,卖盘
1225,13:52:03,10.65,--,20,21300,卖盘
1226,13:52:00,10.65,0.01,536,570840,买盘
1227,13:51:57,10.64,--,75,79800,卖盘
1228,13:51:54,10.64,--,19,20216,卖盘
1229,13:51:50,10.64,--,13,13832,卖盘
1230,13:51:45,10.64,--,155,164920,卖盘
1231,13:51:41,10.64,-0.01,26,27664,卖盘
1232,13:51:39,10.65,0.01,46,48990,买盘
1233,13:51:36,10.64,-0.01,101,107464,卖盘
1234,13:51:33,10.65,0.01,5,5325,买盘
1235,13:51:30,10.64,-0.01,9,9576,卖盘
1236,13:51:27,10.65,0.01,24,25560,买盘
1237,13:51:21,10.64,--,6,6384,卖盘
1238,13:51:18,10.64,--,34,36176,卖盘
1239,13:51:14,10.64,-0.01,4,4256,卖盘
1240,13:51:12,10.65,0.01,18,19170,买盘
1241,13:51:09,10.64,--,20,21280,卖盘
1242,13:51:05,10.64,-0.01,5,5320,卖盘
1243,13:51:03,10.65,0.01,18,19170,买盘
1244,13:51:00,10.64,--,480,510720,卖盘
1245,13:50:56,10.64,--,16,17024,卖盘
1246,13:50:54,10.64,-0.01,30,31920,卖盘
1247,13:50:51,10.65,--,311,331215,买盘
1248,13:50:47,10.65,0.01,334,355710,买盘
1249,13:50:45,10.64,-0.01,4,4256,卖盘
1250,13:50:42,10.65,0.01,21,22365,买盘
1251,13:50:39,10.64,-0.01,4,4256,卖盘
1252,13:50:35,10.65,--,89,94785,买盘
1253,13:50:32,10.65,--,15,15975,买盘
1254,13:50:30,10.65,--,20,21300,买盘
1255,13:50:27,10.65,0.01,145,154425,买盘
1256,13:50:19,10.64,--,4,4256,卖盘
1257,13:50:16,10.64,-0.01,285,303527,卖盘
1258,13:50:13,10.65,--,5,5325,买盘
1259,13:50:10,10.65,0.01,12,12780,买盘
1260,13:50:07,10.64,--,58,61712,卖盘
1261,13:50:04,10.64,-0.01,510,542640,卖盘
1262,13:50:01,10.65,--,44,46860,卖盘
1263,13:49:58,10.65,--,482,513330,买盘
1264,13:49:56,10.65,--,14,14910,买盘
1265,13:49:53,10.65,0.01,3,3195,买盘
1266,13:49:49,10.64,-0.01,402,427728,卖盘
1267,13:49:46,10.65,--,18,19170,卖盘
1268,13:49:43,10.65,--,4,4260,卖盘
1269,13:49:41,10.65,--,11,11715,卖盘
1270,13:49:37,10.65,--,5,5325,卖盘
1271,13:49:34,10.65,--,54,57510,卖盘
1272,13:49:31,10.65,--,236,251340,卖盘
1273,13:49:25,10.65,--,5,5325,卖盘
1274,13:49:23,10.65,--,119,126735,卖盘
1275,13:49:19,10.65,--,46,48990,卖盘
1276,13:49:17,10.65,--,5,5325,卖盘
1277,13:49:13,10.65,--,10,10650,卖盘
1278,13:49:10,10.65,-0.01,139,148035,卖盘
1279,13:49:07,10.66,0.01,69,73554,买盘
1280,13:49:04,10.65,--,183,194895,卖盘
1281,13:49:01,10.65,-0.01,11,11715,卖盘
1282,13:48:58,10.66,0.01,1,1066,买盘
1283,13:48:55,10.65,--,104,110760,卖盘
1284,13:48:49,10.65,--,109,116085,卖盘
1285,13:48:46,10.65,-0.01,40,42600,卖盘
1286,13:48:43,10.66,0.01,16,17056,买盘
1287,13:48:40,10.65,--,425,452625,卖盘
1288,13:48:37,10.65,--,259,275835,卖盘
1289,13:48:34,10.65,--,11,11715,卖盘
1290,13:48:31,10.65,--,58,61770,卖盘
1291,13:48:28,10.65,--,1,1065,卖盘
1292,13:48:25,10.65,--,5,5325,卖盘
1293,13:48:22,10.65,-0.01,18,19170,卖盘
1294,13:48:19,10.66,0.01,90,95940,买盘
1295,13:48:16,10.65,--,9,9585,卖盘
1296,13:48:13,10.65,--,132,140580,卖盘
1297,13:48:07,10.65,--,4,4260,卖盘
1298,13:48:05,10.65,--,4,4260,卖盘
1299,13:48:01,10.65,-0.01,6,6390,卖盘
1300,13:47:58,10.66,--,100,106600,买盘
1301,13:47:56,10.66,--,111,118326,买盘
1302,13:47:52,10.66,0.01,257,273962,买盘
1303,13:47:49,10.65,--,89,94785,卖盘
1304,13:47:46,10.65,-0.01,40,42600,卖盘
1305,13:47:43,10.66,0.01,62,66092,买盘
1306,13:47:40,10.65,-0.01,14,14910,卖盘
1307,13:47:37,10.66,--,10,10660,买盘
1308,13:47:34,10.66,--,102,108732,买盘
1309,13:47:31,10.66,0.01,9,9594,买盘
1310,13:47:28,10.65,--,200,213000,卖盘
1311,13:47:25,10.65,--,331,352515,卖盘
1312,13:47:22,10.65,--,5,5325,卖盘
1313,13:47:19,10.65,--,74,78810,卖盘
1314,13:47:16,10.65,--,6,6390,卖盘
1315,13:47:13,10.65,--,20,21300,卖盘
1316,13:47:10,10.65,--,10,10650,卖盘
1317,13:47:07,10.65,--,1,1065,卖盘
1318,13:47:04,10.65,0.01,104,110760,卖盘
1319,13:46:58,10.64,-0.01,188,200032,卖盘
1320,13:46:55,10.65,--,14,14910,买盘
1321,13:46:52,10.65,--,1,1065,买盘
1322,13:46:49,10.65,--,121,128865,买盘
1323,13:46:46,10.65,--,32,34080,买盘
1324,13:46:43,10.65,0.01,211,224715,买盘
1325,13:46:40,10.64,-0.02,125,133000,卖盘
1326,13:46:37,10.66,--,13,13858,买盘
1327,13:46:34,10.66,0.01,53,56498,买盘
1328,13:46:28,10.65,--,40,42600,卖盘
1329,13:46:25,10.65,0.01,662,705030,卖盘
1330,13:46:22,10.64,-0.01,539,573496,卖盘
1331,13:46:19,10.65,0.01,1760,1874400,买盘
1332,13:46:16,10.64,--,43,45752,卖盘
1333,13:46:13,10.64,-0.01,37,39368,卖盘
1334,13:46:10,10.65,0.01,34,36210,买盘
1335,13:46:07,10.64,-0.01,10,10640,卖盘
1336,13:46:04,10.65,--,103,109695,买盘
1337,13:46:01,10.65,-0.01,388,413220,卖盘
1338,13:45:58,10.66,0.01,1934,2061644,买盘
1339,13:45:55,10.65,--,748,796620,卖盘
1340,13:45:51,10.65,--,411,437715,卖盘
1341,13:45:49,10.65,--,35,37275,卖盘
1342,13:45:46,10.65,-0.01,49,52185,卖盘
1343,13:45:42,10.66,0.01,97,103402,买盘
1344,13:45:40,10.65,-0.01,558,594270,卖盘
1345,13:45:37,10.66,0.01,64,68224,买盘
1346,13:45:34,10.65,--,25,26625,卖盘
1347,13:45:31,10.65,--,44,46860,卖盘
1348,13:45:28,10.65,-0.01,216,230040,卖盘
1349,13:45:25,10.66,--,61,65026,买盘
1350,13:45:22,10.66,--,37,39442,买盘
1351,13:45:19,10.66,--,63,67158,买盘
1352,13:45:16,10.66,-0.01,1037,1105442,卖盘
1353,13:45:13,10.67,0.01,70,74690,买盘
1354,13:45:10,10.66,--,138,147108,卖盘
1355,13:45:07,10.66,--,49,52234,卖盘
1356,13:45:04,10.66,--,152,162032,卖盘
1357,13:45:01,10.66,--,25,26650,卖盘
1358,13:44:58,10.66,--,220,234520,卖盘
1359,13:44:55,10.66,--,1010,1076660,卖盘
1360,13:44:49,10.66,-0.01,121,128986,卖盘
1361,13:44:46,10.67,--,21,22407,买盘
1362,13:44:43,10.67,--,127,135509,卖盘
1363,13:44:40,10.67,--,220,234740,卖盘
1364,13:44:37,10.67,--,1076,1148092,卖盘
1365,13:44:34,10.67,-0.01,51,54417,卖盘
1366,13:44:28,10.68,0.01,51,54468,买盘
1367,13:44:25,10.67,-0.01,748,798116,卖盘
1368,13:44:22,10.68,--,1,1068,买盘
1369,13:44:19,10.68,--,3,3204,买盘
1370,13:44:16,10.68,--,382,407976,买盘
1371,13:44:13,10.68,--,8,8544,买盘
1372,13:44:10,10.68,--,4,4272,买盘
1373,13:44:07,10.68,--,21,22428,买盘
1374,13:44:04,10.68,--,420,448560,买盘
1375,13:44:01,10.68,0.01,10,10680,买盘
1376,13:43:58,10.67,-0.01,11,11737,卖盘
1377,13:43:55,10.68,--,5,5340,买盘
1378,13:43:52,10.68,--,32,34176,买盘
1379,13:43:49,10.68,--,69,73692,买盘
1380,13:43:46,10.68,--,1486,1588094,卖盘
1381,13:43:43,10.68,--,9,9612,卖盘
1382,13:43:40,10.68,--,49,52332,卖盘
1383,13:43:37,10.68,--,1001,1069068,卖盘
1384,13:43:31,10.68,--,16,17088,卖盘
1385,13:43:28,10.68,--,35,37380,卖盘
1386,13:43:25,10.68,-0.01,388,414384,卖盘
1387,13:43:22,10.69,0.01,23,24608,买盘
1388,13:43:16,10.68,-0.01,1,1068,卖盘
1389,13:43:13,10.69,0.01,57,60933,买盘
1390,13:43:07,10.68,--,1,1068,卖盘
1391,13:43:04,10.68,-0.01,5,5340,卖盘
1392,13:43:01,10.69,0.01,97,103693,买盘
1393,13:42:55,10.68,-0.01,6,6408,卖盘
1394,13:42:49,10.69,--,24,25656,买盘
1395,13:42:46,10.69,--,10,10690,买盘
1396,13:42:43,10.69,--,12,12828,买盘
1397,13:42:40,10.69,0.01,48,51312,买盘
1398,13:42:37,10.68,--,18,19224,卖盘
1399,13:42:31,10.68,-0.01,5,5340,卖盘
1400,13:42:28,10.69,--,10,10690,买盘
1401,13:42:25,10.69,0.01,3,3207,买盘
1402,13:42:21,10.68,-0.01,20,21360,卖盘
1403,13:42:19,10.69,0.01,30,32070,买盘
1404,13:42:16,10.68,--,5,5340,卖盘
1405,13:42:07,10.68,--,184,196512,卖盘
1406,13:42:04,10.68,--,21,22428,卖盘
1407,13:42:01,10.68,--,58,61944,卖盘
1408,13:41:58,10.68,-0.01,47,50196,卖盘
1409,13:41:54,10.69,--,100,106900,买盘
1410,13:41:51,10.69,--,57,60933,买盘
1411,13:41:49,10.69,--,10,10690,买盘
1412,13:41:46,10.69,0.01,50,53450,买盘
1413,13:41:40,10.68,-0.01,128,136704,卖盘
1414,13:41:37,10.69,0.01,124,132556,买盘
1415,13:41:34,10.68,-0.01,18,19224,卖盘
1416,13:41:31,10.69,--,23,24587,买盘
1417,13:41:27,10.69,0.01,26,27794,买盘
1418,13:41:25,10.68,-0.01,46,49128,卖盘
1419,13:41:19,10.69,0.01,1,1069,买盘
1420,13:41:16,10.68,-0.01,1,1068,卖盘
1421,13:41:13,10.69,--,62,66278,买盘
1422,13:41:10,10.69,--,110,117590,买盘
1423,13:41:07,10.69,--,131,140039,买盘
1424,13:41:03,10.69,0.01,9,9621,买盘
1425,13:41:01,10.68,--,14,14952,卖盘
1426,13:40:52,10.68,-0.01,46,49128,卖盘
1427,13:40:49,10.69,0.01,35,37415,买盘
1428,13:40:46,10.68,-0.01,7,7476,卖盘
1429,13:40:43,10.69,--,464,496016,卖盘
1430,13:40:40,10.69,0.01,18,19242,中性盘
1431,13:40:34,10.68,-0.01,96,102528,卖盘
1432,13:40:28,10.69,-0.01,130,138970,卖盘
1433,13:40:24,10.7,--,10,10700,买盘
1434,13:40:22,10.7,--,504,539280,买盘
1435,13:40:19,10.7,0.01,160,171200,买盘
1436,13:40:16,10.69,-0.01,8,8552,卖盘
1437,13:40:13,10.7,0.01,26,27819,买盘
1438,13:40:04,10.69,--,21,22449,卖盘
1439,13:40:01,10.69,--,11,11759,卖盘
1440,13:39:58,10.69,0.01,156,166764,买盘
1441,13:39:55,10.68,-0.01,34,36312,卖盘
1442,13:39:52,10.69,--,10,10690,买盘
1443,13:39:49,10.69,--,32,34208,买盘
1444,13:39:46,10.69,--,164,175316,买盘
1445,13:39:43,10.69,0.01,163,174247,买盘
1446,13:39:40,10.68,--,80,85440,卖盘
1447,13:39:37,10.68,--,75,80100,卖盘
1448,13:39:34,10.68,-0.01,26,27768,卖盘
1449,13:39:31,10.69,--,25,26725,买盘
1450,13:39:25,10.69,0.01,97,103693,买盘
1451,13:39:13,10.68,-0.01,5,5340,卖盘
1452,13:39:09,10.69,0.01,209,223421,买盘
1453,13:39:07,10.68,--,8,8544,卖盘
1454,13:39:03,10.68,--,148,158064,卖盘
1455,13:39:01,10.68,--,150,160200,卖盘
1456,13:38:58,10.68,-0.01,18,19224,卖盘
1457,13:38:55,10.69,0.01,2,2138,买盘
1458,13:38:52,10.68,-0.01,16,17088,卖盘
1459,13:38:49,10.69,0.01,5,5345,买盘
1460,13:38:46,10.68,--,136,145248,卖盘
1461,13:38:43,10.68,--,39,41652,卖盘
1462,13:38:40,10.68,--,1,1068,卖盘
1463,13:38:37,10.68,--,69,73692,卖盘
1464,13:38:33,10.68,-0.01,12,12816,卖盘
1465,13:38:31,10.69,--,28,29932,买盘
1466,13:38:28,10.69,--,12,12828,买盘
1467,13:38:21,10.69,0.01,3,3207,买盘
1468,13:38:16,10.68,-0.01,1,1068,卖盘
1469,13:38:13,10.69,--,6,6414,买盘
1470,13:38:10,10.69,--,80,85520,买盘
1471,13:38:06,10.69,--,84,89796,买盘
1472,13:38:04,10.69,--,158,168902,卖盘
1473,13:38:00,10.69,-0.01,31,33139,卖盘
1474,13:37:58,10.7,0.01,284,303880,买盘
1475,13:37:55,10.69,-0.01,788,842372,卖盘
1476,13:37:52,10.7,0.01,555,593850,买盘
1477,13:37:48,10.69,-0.01,94,100486,卖盘
1478,13:37:45,10.7,0.01,5,5350,买盘
1479,13:37:39,10.69,--,94,100486,卖盘
1480,13:37:36,10.69,--,4,4276,卖盘
1481,13:37:34,10.69,--,195,208455,买盘
1482,13:37:30,10.69,--,146,156074,买盘
1483,13:37:28,10.69,--,168,179592,买盘
1484,13:37:25,10.69,--,106,113314,买盘
1485,13:37:19,10.69,--,28,29932,买盘
1486,13:37:16,10.69,--,1,1069,买盘
1487,13:37:13,10.69,0.01,65,69485,买盘
1488,13:37:10,10.68,-0.01,5,5340,卖盘
1489,13:37:07,10.69,0.01,45,48105,买盘
1490,13:37:04,10.68,-0.01,144,153792,卖盘
1491,13:37:01,10.69,0.01,6,6414,买盘
1492,13:36:55,10.68,-0.01,5,5340,卖盘
1493,13:36:49,10.69,0.01,52,55588,买盘
1494,13:36:46,10.68,--,78,83304,卖盘
1495,13:36:42,10.68,-0.01,50,53400,卖盘
1496,13:36:40,10.69,--,30,32070,买盘
1497,13:36:37,10.69,--,2,2138,买盘
1498,13:36:34,10.69,-0.01,74,79106,中性盘
1499,13:36:31,10.7,0.01,243,260009,买盘
1500,13:36:28,10.69,--,17,18173,卖盘
1501,13:36:25,10.69,--,10,10690,卖盘
1502,13:36:22,10.69,--,8,8552,买盘
1503,13:36:18,10.69,--,7,7483,卖盘
1504,13:36:15,10.69,-0.01,79,84451,卖盘
1505,13:36:13,10.7,0.01,1526,1632820,买盘
1506,13:36:07,10.69,-0.01,6,6414,卖盘
1507,13:36:04,10.7,0.01,22,23540,买盘
1508,13:35:57,10.69,--,155,165695,卖盘
1509,13:35:54,10.69,-0.01,8,8552,卖盘
1510,13:35:51,10.7,--,5,5350,买盘
1511,13:35:48,10.7,--,1608,1720560,卖盘
1512,13:35:45,10.7,-0.01,24,25680,卖盘
1513,13:35:39,10.71,--,22,23562,买盘
1514,13:35:36,10.71,--,87,93177,买盘
1515,13:35:33,10.71,--,1084,1160964,卖盘
1516,13:35:29,10.71,-0.01,26,27846,卖盘
1517,13:35:26,10.72,0.01,5,5360,买盘
1518,13:35:21,10.71,-0.01,870,931770,卖盘
1519,13:35:18,10.72,-0.01,1,1072,卖盘
1520,13:35:12,10.73,0.01,41,43993,买盘
1521,13:35:09,10.72,--,31,33232,卖盘
1522,13:35:06,10.72,--,44,47168,卖盘
1523,13:34:59,10.72,--,41,43952,卖盘
1524,13:34:54,10.72,--,4,4288,卖盘
1525,13:34:48,10.72,--,35,37520,卖盘
1526,13:34:45,10.72,--,149,159728,卖盘
1527,13:34:36,10.72,--,12,12864,卖盘
1528,13:34:32,10.72,--,59,63248,卖盘
1529,13:34:30,10.72,--,16,17152,卖盘
1530,13:34:27,10.72,-0.01,30,32160,卖盘
1531,13:34:24,10.73,0.01,10,10730,买盘
1532,13:34:21,10.72,--,10,10720,卖盘
1533,13:34:17,10.72,--,10,10720,卖盘
1534,13:34:12,10.72,--,1,1072,卖盘
1535,13:34:08,10.72,--,8,8576,卖盘
1536,13:34:06,10.72,-0.01,2,2144,卖盘
1537,13:34:00,10.73,--,130,139490,卖盘
1538,13:33:57,10.73,--,4,4292,卖盘
1539,13:33:54,10.73,--,73,78329,卖盘
1540,13:33:51,10.73,--,57,61161,卖盘
1541,13:33:47,10.73,--,487,522551,卖盘
1542,13:33:45,10.73,--,107,114811,卖盘
1543,13:33:42,10.73,-0.01,10,10730,卖盘
1544,13:33:36,10.74,--,100,107400,买盘
1545,13:33:33,10.74,0.01,12,12888,买盘
1546,13:33:29,10.73,--,5,5365,卖盘
1547,13:33:27,10.73,--,15,16095,卖盘
1548,13:33:23,10.73,--,50,53650,卖盘
1549,13:33:20,10.73,-0.01,6,6438,卖盘
1550,13:33:15,10.74,--,57,61218,买盘
1551,13:33:11,10.74,0.01,20,21480,买盘
1552,13:33:09,10.73,--,1,1073,卖盘
1553,13:33:06,10.73,-0.01,88,94424,卖盘
1554,13:32:50,10.74,--,2,2727,卖盘
1555,13:32:48,10.74,--,15,16110,卖盘
1556,13:32:44,10.74,--,13,13962,卖盘
1557,13:32:42,10.74,--,10,10740,卖盘
1558,13:32:39,10.74,--,27,28998,卖盘
1559,13:32:35,10.74,--,9,9666,卖盘
1560,13:32:32,10.74,--,5,5370,卖盘
1561,13:32:29,10.74,--,9,9666,卖盘
1562,13:32:26,10.74,--,1,1074,卖盘
1563,13:32:24,10.74,0.01,42,45602,买盘
1564,13:32:20,10.73,-0.01,40,42920,卖盘
1565,13:32:15,10.74,0.01,103,110622,买盘
1566,13:32:12,10.73,--,1,1073,卖盘
1567,13:32:06,10.73,-0.01,2,2146,卖盘
1568,13:31:53,10.74,-0.01,489,525765,卖盘
1569,13:31:51,10.75,--,17,18275,卖盘
1570,13:31:47,10.75,--,20,21500,买盘
1571,13:31:44,10.75,0.01,22,23650,买盘
1572,13:31:41,10.74,-0.01,51,54774,卖盘
1573,13:31:33,10.75,0.01,2,2150,买盘
1574,13:31:30,10.74,-0.01,18,19332,卖盘
1575,13:31:27,10.75,--,2,2150,买盘
1576,13:31:23,10.75,0.01,69,74175,买盘
1577,13:31:20,10.74,--,20,21480,卖盘
1578,13:31:15,10.74,--,5,5370,卖盘
1579,13:31:07,10.74,--,22,23628,卖盘
1580,13:31:04,10.74,--,14,15036,卖盘
1581,13:31:01,10.74,--,10,10740,卖盘
1582,13:30:58,10.74,--,71,76254,卖盘
1583,13:30:51,10.74,--,10,10740,卖盘
1584,13:30:49,10.74,--,10,10740,卖盘
1585,13:30:46,10.74,-0.01,17,18258,卖盘
1586,13:30:43,10.75,0.01,2,2150,买盘
1587,13:30:40,10.74,-0.01,1,1074,卖盘
1588,13:30:37,10.75,0.01,10,10750,买盘
1589,13:30:34,10.74,--,31,33294,卖盘
1590,13:30:30,10.74,--,7,7518,卖盘
1591,13:30:28,10.74,--,18,19332,卖盘
1592,13:30:24,10.74,-0.01,51,54774,卖盘
1593,13:30:22,10.75,0.01,2,2150,买盘
1594,13:30:19,10.74,--,15,16110,卖盘
1595,13:30:16,10.74,--,309,331866,卖盘
1596,13:30:13,10.74,--,121,129954,卖盘
1597,13:30:10,10.74,-0.01,1,1074,卖盘
1598,13:30:07,10.75,0.01,30,32250,买盘
1599,13:30:04,10.74,-0.01,2,2148,卖盘
1600,13:30:01,10.75,--,10,10750,买盘
1601,13:29:55,10.75,0.01,2,2150,买盘
1602,13:29:49,10.74,-0.01,3,3222,卖盘
1603,13:29:46,10.75,0.01,100,107500,买盘
1604,13:29:43,10.74,-0.01,1,1074,卖盘
1605,13:29:34,10.75,0.01,2,2150,买盘
1606,13:29:31,10.74,--,11,11814,卖盘
1607,13:29:25,10.74,-0.01,156,167544,卖盘
1608,13:29:22,10.75,0.01,36,38700,买盘
1609,13:29:19,10.74,-0.01,16,17184,卖盘
1610,13:29:16,10.75,--,533,572975,买盘
1611,13:29:13,10.75,0.01,40,43000,买盘
1612,13:29:10,10.74,--,64,68736,卖盘
1613,13:29:04,10.74,--,2,2148,卖盘
1614,13:29:01,10.74,-0.01,13,13962,卖盘
1615,13:28:58,10.75,0.01,6,6450,买盘
1616,13:28:52,10.74,-0.01,60,64440,卖盘
1617,13:28:49,10.75,0.01,2,2150,买盘
1618,13:28:46,10.74,--,189,203480,卖盘
1619,13:28:40,10.74,--,28,30072,卖盘
1620,13:28:31,10.74,--,1,1074,卖盘
1621,13:28:25,10.74,0.01,271,291054,买盘
1622,13:28:22,10.73,--,209,224257,卖盘
1623,13:28:19,10.73,--,37,39701,卖盘
1624,13:28:16,10.73,-0.01,3,3219,卖盘
1625,13:28:13,10.74,--,32,34368,买盘
1626,13:28:10,10.74,0.01,31,33294,买盘
1627,13:28:07,10.73,--,31,33263,卖盘
1628,13:28:04,10.73,-0.01,6,6438,卖盘
1629,13:28:00,10.74,--,46,49404,卖盘
1630,13:27:58,10.74,--,12,12888,卖盘
1631,13:27:55,10.74,--,6,6444,卖盘
1632,13:27:40,10.74,-0.01,15,16110,卖盘
1633,13:27:37,10.75,0.01,39,41925,买盘
1634,13:27:31,10.74,--,1,1074,卖盘
1635,13:27:28,10.74,--,50,53700,卖盘
1636,13:27:22,10.74,--,8,8592,卖盘
1637,13:27:19,10.74,--,334,358716,卖盘
1638,13:27:16,10.74,-0.01,30,32220,卖盘
1639,13:27:13,10.75,0.01,10,10750,买盘
1640,13:27:04,10.74,--,2,2148,卖盘
1641,13:27:01,10.74,-0.01,3,3222,卖盘
1642,13:26:49,10.75,--,2,2150,买盘
1643,13:26:46,10.75,0.01,111,119325,买盘
1644,13:26:40,10.74,-0.01,40,42960,卖盘
1645,13:26:37,10.75,--,1,1075,买盘
1646,13:26:34,10.75,0.01,100,107500,买盘
1647,13:26:31,10.74,-0.01,1,1074,卖盘
1648,13:26:28,10.75,--,13,13975,买盘
1649,13:26:25,10.75,--,2,2150,买盘
1650,13:26:21,10.75,--,63,68305,卖盘
1651,13:26:16,10.75,--,16,17200,卖盘
1652,13:26:13,10.75,0.01,20,21994,买盘
1653,13:26:09,10.74,-0.01,2,2148,卖盘
1654,13:26:04,10.75,--,5,5375,买盘
1655,13:26:01,10.75,0.01,25,26875,买盘
1656,13:25:58,10.74,--,45,48330,卖盘
1657,13:25:46,10.74,-0.01,21,22554,卖盘
1658,13:25:42,10.75,--,152,163980,卖盘
1659,13:25:40,10.75,-0.01,8,8600,卖盘
1660,13:25:37,10.76,--,2,2152,买盘
1661,13:25:34,10.76,0.01,80,86080,买盘
1662,13:25:31,10.75,--,51,54825,卖盘
1663,13:25:28,10.75,-0.01,5,5375,卖盘
1664,13:25:25,10.76,--,35,37660,买盘
1665,13:25:16,10.76,--,187,201212,卖盘
1666,13:25:13,10.76,--,25,26900,卖盘
1667,13:25:07,10.76,--,2,2152,卖盘
1668,13:25:04,10.76,-0.01,11,11836,卖盘
1669,13:25:01,10.77,--,13,14001,买盘
1670,13:24:58,10.77,0.01,1,1077,买盘
1671,13:24:52,10.76,-0.01,20,21520,卖盘
1672,13:24:49,10.77,--,2,2154,买盘
1673,13:24:46,10.77,--,47,50619,卖盘
1674,13:24:43,10.77,--,10,10770,买盘
1675,13:24:40,10.77,--,11,11847,卖盘
1676,13:24:34,10.77,0.01,18,19386,买盘
1677,13:24:31,10.76,-0.01,16,17216,卖盘
1678,13:24:28,10.77,--,11,11847,买盘
1679,13:24:25,10.77,--,2,2154,买盘
1680,13:24:22,10.77,-0.01,44,47388,卖盘
1681,13:24:16,10.78,0.02,110,118580,买盘
1682,13:24:13,10.76,--,7,7532,卖盘
1683,13:24:10,10.76,-0.01,74,79624,卖盘
1684,13:24:06,10.77,--,21,22617,卖盘
1685,13:24:04,10.77,--,36,38772,买盘
1686,13:23:58,10.77,--,10,10770,买盘
1687,13:23:55,10.77,--,53,57081,买盘
1688,13:23:46,10.77,--,13,14001,卖盘
1689,13:23:43,10.77,--,20,21540,买盘
1690,13:23:40,10.77,-0.01,3,3231,中性盘
1691,13:23:36,10.78,0.02,221,238238,买盘
1692,13:23:34,10.76,-0.01,1,1076,卖盘
1693,13:23:30,10.77,--,33,35541,买盘
1694,13:23:28,10.77,-0.01,2,2154,中性盘
1695,13:23:21,10.78,--,1,1078,买盘
1696,13:23:16,10.78,0.02,12,12936,买盘
1697,13:23:12,10.76,-0.01,61,65636,卖盘
1698,13:23:10,10.77,-0.01,31,33387,卖盘
1699,13:23:07,10.78,0.01,2,2156,买盘
1700,13:23:04,10.77,--,2,2154,卖盘
1701,13:22:57,10.77,-0.01,18,19386,卖盘
1702,13:22:52,10.78,0.01,107,115346,买盘
1703,13:22:49,10.77,0.01,200,215400,买盘
1704,13:22:46,10.76,-0.01,31,33356,卖盘
1705,13:22:43,10.77,--,65,70005,买盘
1706,13:22:34,10.77,0.01,74,79698,买盘
1707,13:22:30,10.76,-0.01,1,1076,卖盘
1708,13:22:27,10.77,--,36,38772,买盘
1709,13:22:25,10.77,0.01,27,29079,买盘
1710,13:22:21,10.76,--,23,24748,卖盘
1711,13:22:19,10.76,--,26,27976,卖盘
1712,13:22:12,10.76,--,11,11836,卖盘
1713,13:22:09,10.76,-0.01,37,39812,卖盘
1714,13:22:06,10.77,0.01,41,44157,买盘
1715,13:22:04,10.76,--,12,12912,卖盘
1716,13:22:01,10.76,0.01,116,124816,中性盘
1717,13:21:57,10.75,--,473,508969,卖盘
1718,13:21:55,10.75,-0.01,1,1075,卖盘
1719,13:21:52,10.76,--,100,107600,买盘
1720,13:21:49,10.76,0.01,1,1076,买盘
1721,13:21:45,10.75,-0.01,22,23650,卖盘
1722,13:21:42,10.76,0.01,173,186148,买盘
1723,13:21:31,10.75,-0.01,1,1075,卖盘
1724,13:21:25,10.76,0.01,10,10760,买盘
1725,13:21:21,10.75,-0.01,1,1075,卖盘
1726,13:21:19,10.76,0.01,38,40888,买盘
1727,13:21:16,10.75,--,1,1075,卖盘
1728,13:21:13,10.75,-0.01,20,21500,卖盘
1729,13:21:10,10.76,0.01,59,63484,买盘
1730,13:21:07,10.75,--,31,33325,卖盘
1731,13:21:04,10.75,-0.01,3,3225,卖盘
1732,13:20:49,10.76,0.01,17,18292,买盘
1733,13:20:45,10.75,--,29,31175,卖盘
1734,13:20:39,10.75,--,1,1075,卖盘
1735,13:20:30,10.75,-0.01,2,2150,卖盘
1736,13:20:18,10.76,0.01,12,12912,买盘
1737,13:20:13,10.75,--,16,17200,卖盘
1738,13:20:06,10.75,--,10,10750,卖盘
1739,13:20:04,10.75,--,18,19350,卖盘
1740,13:20:01,10.75,--,33,35475,卖盘
1741,13:19:58,10.75,0.01,725,779375,买盘
1742,13:19:46,10.74,-0.01,21,22554,卖盘
1743,13:19:40,10.75,--,9,9675,买盘
1744,13:19:33,10.75,0.01,6,6450,买盘
1745,13:19:30,10.74,--,120,128880,卖盘
1746,13:19:21,10.74,--,10,10740,卖盘
1747,13:19:15,10.74,--,5,5370,卖盘
1748,13:19:09,10.74,--,200,214800,卖盘
1749,13:19:06,10.74,--,7,7518,卖盘
1750,13:19:04,10.74,--,21,22554,卖盘
1751,13:18:57,10.74,-0.01,73,78402,卖盘
1752,13:18:48,10.75,--,289,310675,买盘
1753,13:18:45,10.75,0.01,1,1075,买盘
1754,13:18:39,10.74,-0.01,1,1074,卖盘
1755,13:18:33,10.75,0.01,1,1075,买盘
1756,13:18:31,10.74,-0.01,1,1074,卖盘
1757,13:18:25,10.75,--,6,6450,买盘
1758,13:18:21,10.75,0.01,2,2150,买盘
1759,13:18:18,10.74,--,1,1074,卖盘
1760,13:18:15,10.74,--,2,2148,卖盘
1761,13:18:12,10.74,--,70,75180,卖盘
1762,13:18:06,10.74,--,26,27924,卖盘
1763,13:18:03,10.74,-0.01,20,21480,卖盘
1764,13:18:00,10.75,0.01,2,2150,买盘
1765,13:17:58,10.74,--,1,1074,卖盘
1766,13:17:54,10.74,--,10,10740,卖盘
1767,13:17:48,10.74,--,1,1074,卖盘
1768,13:17:45,10.74,--,133,142842,买盘
1769,13:17:36,10.74,0.01,65,69810,买盘
1770,13:17:30,10.73,-0.01,1,1073,卖盘
1771,13:17:18,10.74,0.01,3,3222,买盘
1772,13:17:06,10.73,--,1,1073,卖盘
1773,13:17:04,10.73,--,3,3219,卖盘
1774,13:17:00,10.73,--,12,12876,卖盘
1775,13:16:57,10.73,-0.01,18,19314,卖盘
1776,13:16:54,10.74,--,28,30072,卖盘
1777,13:16:48,10.74,--,19,20406,买盘
1778,13:16:45,10.74,-0.01,10,10740,卖盘
1779,13:16:42,10.75,0.01,49,52675,买盘
1780,13:16:39,10.74,--,27,28998,卖盘
1781,13:16:36,10.74,--,53,56922,卖盘
1782,13:16:33,10.74,--,96,103104,卖盘
1783,13:16:30,10.74,-0.01,1,1074,卖盘
1784,13:16:27,10.75,0.01,8,8600,买盘
1785,13:16:24,10.74,--,84,90216,卖盘
1786,13:16:18,10.74,--,5,5370,卖盘
1787,13:16:12,10.74,--,4,4296,卖盘
1788,13:16:06,10.74,--,29,31146,卖盘
1789,13:16:03,10.74,-0.01,25,26850,卖盘
1790,13:16:00,10.75,0.01,17,18275,买盘
1791,13:15:54,10.74,--,24,25776,卖盘
1792,13:15:45,10.74,--,1,1074,卖盘
1793,13:15:32,10.74,-0.01,1,1074,卖盘
1794,13:15:20,10.75,0.01,2,2150,买盘
1795,13:15:15,10.74,--,0,0,卖盘
1796,13:15:11,10.74,-0.01,55,59070,卖盘
1797,13:15:09,10.75,0.01,167,179525,买盘
1798,13:15:06,10.74,--,12,12888,卖盘
1799,13:15:00,10.74,--,93,99882,卖盘
1800,13:14:56,10.74,-0.01,200,214800,卖盘
1801,13:14:54,10.75,0.01,5,5375,买盘
1802,13:14:50,10.74,-0.01,1,1074,卖盘
1803,13:14:45,10.75,0.01,50,53750,买盘
1804,13:14:33,10.74,--,58,62292,卖盘
1805,13:14:29,10.74,-0.01,14,15036,卖盘
1806,13:14:26,10.75,--,50,53750,买盘
1807,13:14:24,10.75,--,2,2150,买盘
1808,13:14:20,10.75,--,130,139750,卖盘
1809,13:14:17,10.75,--,1,1075,卖盘
1810,13:14:14,10.75,--,6,6450,卖盘
1811,13:14:11,10.75,-0.01,9,9675,卖盘
1812,13:14:08,10.76,0.01,10,10760,买盘
1813,13:14:06,10.75,-0.01,93,99975,卖盘
1814,13:14:02,10.76,0.01,2,2152,买盘
1815,13:13:59,10.75,--,1,1075,卖盘
1816,13:13:56,10.75,--,24,25800,卖盘
1817,13:13:54,10.75,--,90,96750,卖盘
1818,13:13:48,10.75,-0.01,20,21500,卖盘
1819,13:13:39,10.76,--,1,1076,买盘
1820,13:13:35,10.76,0.01,1,1076,买盘
1821,13:13:33,10.75,-0.01,1,1075,卖盘
1822,13:13:30,10.76,--,39,41964,买盘
1823,13:13:24,10.76,0.01,11,11836,买盘
1824,13:13:20,10.75,-0.01,20,21500,卖盘
1825,13:13:06,10.76,--,3,3228,买盘
1826,13:12:59,10.76,0.01,11,11836,买盘
1827,13:12:56,10.75,--,17,18275,买盘
1828,13:12:53,10.75,--,33,35475,买盘
1829,13:12:51,10.75,0.01,1,1075,买盘
1830,13:12:47,10.74,-0.01,7,7518,卖盘
1831,13:12:45,10.75,--,4,4300,买盘
1832,13:12:42,10.75,--,30,32250,买盘
1833,13:12:39,10.75,0.01,18,19350,买盘
1834,13:12:35,10.74,--,145,155730,卖盘
1835,13:12:33,10.74,--,27,28998,卖盘
1836,13:12:29,10.74,--,17,18258,卖盘
1837,13:12:23,10.74,-0.01,1,1074,卖盘
1838,13:12:17,10.75,--,7,7525,买盘
1839,13:12:15,10.75,0.01,9,9675,买盘
1840,13:12:05,10.74,-0.01,27,29105,卖盘
1841,13:11:59,10.75,0.01,18,19350,买盘
1842,13:11:53,10.74,-0.01,17,18258,卖盘
1843,13:11:50,10.75,0.01,2,2150,买盘
1844,13:11:45,10.74,-0.01,1,1074,卖盘
1845,13:11:41,10.75,0.01,37,39775,买盘
1846,13:11:32,10.74,-0.01,1,1074,卖盘
1847,13:11:30,10.75,--,10,10750,买盘
1848,13:11:17,10.75,0.01,87,93525,买盘
1849,13:11:11,10.74,--,5,5370,卖盘
1850,13:11:03,10.74,-0.01,2,2148,卖盘
1851,13:11:01,10.75,0.01,2,2150,买盘
1852,13:10:57,10.74,--,20,21480,卖盘
1853,13:10:55,10.74,-0.01,8,8592,卖盘
1854,13:10:52,10.75,0.01,67,72025,买盘
1855,13:10:49,10.74,--,1,1074,卖盘
1856,13:10:46,10.74,-0.01,1,1074,卖盘
1857,13:10:40,10.75,0.01,2,2150,买盘
1858,13:10:37,10.74,-0.01,6,6444,卖盘
1859,13:10:31,10.75,--,61,65575,买盘
1860,13:10:25,10.75,0.01,5,5375,买盘
1861,13:10:22,10.74,-0.01,102,109548,卖盘
1862,13:10:16,10.75,--,2,2150,买盘
1863,13:10:12,10.75,0.01,30,32250,买盘
1864,13:10:09,10.74,-0.01,152,163248,卖盘
1865,13:10:07,10.75,0.01,1,1075,买盘
1866,13:10:04,10.74,-0.01,13,13962,卖盘
1867,13:09:55,10.75,0.01,49,52675,买盘
1868,13:09:52,10.74,--,18,19332,卖盘
1869,13:09:49,10.74,-0.01,1,1074,卖盘
1870,13:09:45,10.75,--,3,3225,买盘
1871,13:09:39,10.75,0.01,30,32250,买盘
1872,13:09:34,10.74,--,100,107400,卖盘
1873,13:09:31,10.74,--,2,2148,卖盘
1874,13:09:22,10.74,--,19,20406,卖盘
1875,13:09:18,10.74,--,10,10740,卖盘
1876,13:09:13,10.74,--,313,336162,卖盘
1877,13:09:06,10.74,--,1,1074,卖盘
1878,13:09:04,10.74,-0.01,51,54774,卖盘
1879,13:08:58,10.75,--,9,9675,买盘
1880,13:08:54,10.75,--,35,37625,买盘
1881,13:08:51,10.75,0.01,15,16125,买盘
1882,13:08:49,10.74,-0.01,78,83772,卖盘
1883,13:08:46,10.75,0.01,51,54825,买盘
1884,13:08:30,10.74,-0.01,1,1074,卖盘
1885,13:08:28,10.75,--,2,2150,买盘
1886,13:08:19,10.75,--,2,2150,买盘
1887,13:08:10,10.75,--,19,20425,买盘
1888,13:08:04,10.75,0.01,12,12900,买盘
1889,13:08:01,10.74,-0.01,34,36516,卖盘
1890,13:07:57,10.75,--,2,2150,买盘
1891,13:07:55,10.75,0.01,111,119325,买盘
1892,13:07:51,10.74,--,5,5370,卖盘
1893,13:07:49,10.74,-0.01,16,17184,卖盘
1894,13:07:43,10.75,0.01,20,21500,买盘
1895,13:07:36,10.74,--,7,7518,卖盘
1896,13:07:34,10.74,--,219,235206,卖盘
1897,13:07:31,10.74,--,1,1074,卖盘
1898,13:07:28,10.74,--,86,92364,卖盘
1899,13:07:22,10.74,--,2,2148,卖盘
1900,13:07:16,10.74,--,1,1074,卖盘
1901,13:07:13,10.74,--,28,30072,卖盘
1902,13:07:07,10.74,--,26,27924,卖盘
1903,13:07:03,10.74,--,16,17184,卖盘
1904,13:06:58,10.74,--,1,1074,卖盘
1905,13:06:49,10.74,--,10,10740,卖盘
1906,13:06:46,10.74,--,17,18258,卖盘
1907,13:06:43,10.74,-0.01,39,41886,卖盘
1908,13:06:36,10.75,0.01,74,79550,买盘
1909,13:06:31,10.74,--,4,4296,卖盘
1910,13:06:27,10.74,--,1,1074,卖盘
1911,13:06:13,10.74,--,50,53700,卖盘
1912,13:06:07,10.74,--,8,8592,卖盘
1913,13:06:04,10.74,-0.01,3,3222,卖盘
1914,13:05:58,10.75,0.01,21,22575,买盘
1915,13:05:51,10.74,--,112,120288,卖盘
1916,13:05:48,10.74,--,2,2148,卖盘
1917,13:05:46,10.74,--,9,9666,卖盘
1918,13:05:43,10.74,-0.01,16,17184,卖盘
1919,13:05:40,10.75,--,40,43000,买盘
1920,13:05:37,10.75,0.01,114,122550,买盘
1921,13:05:30,10.74,-0.01,59,63366,卖盘
1922,13:05:27,10.75,--,20,21500,买盘
1923,13:05:25,10.75,0.01,1,1075,买盘
1924,13:05:19,10.74,--,5,5370,卖盘
1925,13:05:04,10.74,-0.01,12,12888,卖盘
1926,13:05:00,10.75,--,20,21500,买盘
1927,13:04:57,10.75,-0.01,37,39775,卖盘
1928,13:04:49,10.76,0.01,2,2152,买盘
1929,13:04:45,10.75,--,160,172000,卖盘
1930,13:04:43,10.75,--,26,27950,卖盘
1931,13:04:39,10.75,--,33,35475,卖盘
1932,13:04:37,10.75,--,20,21500,卖盘
1933,13:04:30,10.75,--,1,1075,卖盘
1934,13:04:27,10.75,0.01,69,74175,买盘
1935,13:04:24,10.74,--,118,126732,卖盘
1936,13:04:21,10.74,-0.01,21,22554,卖盘
1937,13:04:19,10.75,--,25,26875,买盘
1938,13:04:10,10.75,0.01,15,16125,买盘
1939,13:04:03,10.74,-0.01,303,325422,卖盘
1940,13:04:00,10.75,0.01,9,9675,买盘
1941,13:03:52,10.74,--,5,5370,卖盘
1942,13:03:49,10.74,--,1,1074,卖盘
1943,13:03:46,10.74,--,1,1074,卖盘
1944,13:03:42,10.74,--,9,9666,卖盘
1945,13:03:40,10.74,-0.01,16,17184,卖盘
1946,13:03:36,10.75,--,15,16125,买盘
1947,13:03:30,10.75,--,96,103200,卖盘
1948,13:03:27,10.75,--,2,2150,卖盘
1949,13:03:25,10.75,--,20,21500,卖盘
1950,13:03:21,10.75,-0.01,5,5375,卖盘
1951,13:03:16,10.76,0.01,62,66712,买盘
1952,13:03:10,10.75,-0.01,145,155875,卖盘
1953,13:03:06,10.76,0.01,34,36584,买盘
1954,13:03:04,10.75,--,2,2150,卖盘
1955,13:02:57,10.75,-0.01,1,1075,卖盘
1956,13:02:51,10.76,-0.01,59,63505,卖盘
1957,13:02:49,10.77,0.01,46,49542,买盘
1958,13:02:43,10.76,--,19,20444,卖盘
1959,13:02:40,10.76,--,51,54876,卖盘
1960,13:02:37,10.76,--,60,64560,卖盘
1961,13:02:33,10.76,--,132,142032,卖盘
1962,13:02:30,10.76,--,20,21520,卖盘
1963,13:02:28,10.76,--,310,333560,卖盘
1964,13:02:24,10.76,-0.01,152,163552,卖盘
1965,13:02:22,10.77,0.01,144,155088,买盘
1966,13:02:15,10.76,-0.01,68,73168,卖盘
1967,13:02:06,10.77,--,46,49542,买盘
1968,13:02:04,10.77,--,118,127086,买盘
1969,13:02:00,10.77,--,22,23694,买盘
1970,13:01:57,10.77,--,57,61389,买盘
1971,13:01:55,10.77,--,28,30156,卖盘
1972,13:01:52,10.77,--,56,60312,买盘
1973,13:01:49,10.77,--,13,14001,买盘
1974,13:01:45,10.77,0.01,239,257403,买盘
1975,13:01:43,10.76,-0.01,19,20444,卖盘
1976,13:01:39,10.77,--,50,53850,买盘
1977,13:01:36,10.77,--,65,70005,买盘
1978,13:01:30,10.77,--,8,8616,买盘
1979,13:01:28,10.77,0.01,1,1077,买盘
1980,13:01:25,10.76,--,2,2152,卖盘
1981,13:01:15,10.76,--,25,26900,卖盘
1982,13:01:13,10.76,--,275,296954,买盘
1983,13:01:07,10.76,0.01,2,2152,买盘
1984,13:01:04,10.75,--,2,2150,卖盘
1985,13:01:00,10.75,--,1,1075,卖盘
1986,13:00:57,10.75,--,10,10750,卖盘
1987,13:00:54,10.75,-0.01,1,1075,卖盘
1988,13:00:52,10.76,0.01,30,32280,买盘
1989,13:00:49,10.75,--,1,1075,卖盘
1990,13:00:46,10.75,--,19,21360,卖盘
1991,13:00:39,10.75,--,12,12900,卖盘
1992,13:00:36,10.75,--,17,18275,卖盘
1993,13:00:34,10.75,--,18,19350,卖盘
1994,13:00:31,10.75,-0.01,1,1075,卖盘
1995,13:00:27,10.76,0.02,11,11836,买盘
1996,13:00:25,10.74,--,1,1074,卖盘
1997,13:00:09,10.74,--,49,52626,卖盘
1998,13:00:07,10.74,-0.01,9,9666,卖盘
1999,13:00:04,10.75,0.01,812,872900,买盘
2000,13:00:01,10.74,--,322,345828,买盘
2001,11:30:00,10.74,--,0,0,买盘
2002,11:30:00,10.74,--,0,0,买盘
2003,11:29:57,10.74,--,25,26850,买盘
2004,11:29:54,10.74,--,2,2148,买盘
2005,11:29:51,10.74,0.01,8,8592,买盘
2006,11:29:48,10.73,-0.01,1,1073,卖盘
2007,11:29:42,10.74,--,3,3222,买盘
2008,11:29:39,10.74,0.01,2,2148,买盘
2009,11:29:36,10.73,--,25,26825,卖盘
2010,11:29:33,10.73,-0.01,2,2146,卖盘
2011,11:29:30,10.74,--,3,3222,买盘
2012,11:29:27,10.74,0.01,37,39738,买盘
2013,11:29:24,10.73,--,1,1073,卖盘
2014,11:29:15,10.73,-0.01,1,1073,卖盘
2015,11:29:12,10.74,--,0,0,买盘
2016,11:29:09,10.74,0.01,5,5370,买盘
2017,11:29:06,10.73,-0.01,31,33263,中性盘
2018,11:29:03,10.74,--,5,5370,买盘
2019,11:29:00,10.74,0.02,3,3222,买盘
2020,11:28:54,10.72,--,1,1072,卖盘
2021,11:28:50,10.72,-0.02,1,1072,卖盘
2022,11:28:47,10.74,0.02,2,2148,买盘
2023,11:28:44,10.72,--,1,1072,卖盘
2024,11:28:41,10.72,-0.01,500,536000,卖盘
2025,11:28:39,10.73,0.01,15,16095,买盘
2026,11:28:35,10.72,--,20,21440,卖盘
2027,11:28:32,10.72,--,2,2144,卖盘
2028,11:28:25,10.72,-0.01,1,1072,卖盘
2029,11:28:23,10.73,--,0,0,中性盘
2030,11:28:20,10.73,--,0,0,买盘
2031,11:28:17,10.73,--,23,24679,买盘
2032,11:28:14,10.73,-0.01,335,359455,卖盘
2033,11:28:08,10.74,0.01,1,1074,买盘
2034,11:27:56,10.73,--,1,1073,卖盘
2035,11:27:50,10.73,--,3,3219,卖盘
2036,11:27:44,10.73,--,39,41847,买盘
2037,11:27:41,10.73,0.01,100,107300,买盘
2038,11:27:35,10.72,--,21,22512,卖盘
2039,11:27:32,10.72,-0.01,18,19296,卖盘
2040,11:27:29,10.73,0.01,11,11803,买盘
2041,11:27:26,10.72,-0.01,1,1072,卖盘
2042,11:27:20,10.73,0.01,3,3219,买盘
2043,11:27:17,10.72,-0.01,500,536000,卖盘
2044,11:27:11,10.73,0.01,54,57942,买盘
2045,11:26:56,10.72,-0.01,1,1072,卖盘
2046,11:26:53,10.73,0.01,23,24679,买盘
2047,11:26:50,10.72,-0.01,3,3216,卖盘
2048,11:26:41,10.73,--,19,20387,买盘
2049,11:26:38,10.73,0.01,11,11803,买盘
2050,11:26:35,10.72,-0.01,27,28944,卖盘
2051,11:26:32,10.73,--,88,94424,卖盘
2052,11:26:29,10.73,--,1,1073,卖盘
2053,11:26:26,10.73,--,126,135198,卖盘
2054,11:26:20,10.73,--,220,236060,卖盘
2055,11:26:17,10.73,-0.01,3,3219,卖盘
2056,11:26:11,10.74,--,1,1074,买盘
2057,11:26:08,10.74,0.01,1,1074,买盘
2058,11:26:05,10.73,-0.01,35,37555,卖盘
2059,11:25:59,10.74,0.01,3,3222,买盘
2060,11:25:56,10.73,--,1,1073,卖盘
2061,11:25:53,10.73,-0.01,27,28971,卖盘
2062,11:25:50,10.74,--,14,15036,买盘
2063,11:25:38,10.74,--,5,5370,卖盘
2064,11:25:35,10.74,0.01,129,138546,买盘
2065,11:25:32,10.73,-0.01,22,23606,卖盘
2066,11:25:23,10.74,0.01,10,10740,卖盘
2067,11:25:08,10.73,--,0,0,卖盘
2068,11:25:02,10.73,--,111,119103,卖盘
2069,11:24:59,10.73,-0.01,124,133052,卖盘
2070,11:24:55,10.74,0.01,58,62292,买盘
2071,11:24:50,10.73,-0.01,1,1073,卖盘
2072,11:24:47,10.74,0.01,123,132102,买盘
2073,11:24:38,10.73,--,34,36482,卖盘
2074,11:24:35,10.73,--,2,2146,卖盘
2075,11:24:32,10.73,--,10,10730,卖盘
2076,11:24:29,10.73,--,17,18241,卖盘
2077,11:24:26,10.73,-0.01,11,11803,卖盘
2078,11:24:23,10.74,--,11,11814,买盘
2079,11:24:20,10.74,--,21,22554,买盘
2080,11:24:14,10.74,--,31,33294,买盘
2081,11:24:08,10.74,--,2,2148,买盘
2082,11:24:02,10.74,0.01,31,33294,买盘
2083,11:23:59,10.73,--,1,1073,卖盘
2084,11:23:56,10.73,--,2,2146,卖盘
2085,11:23:53,10.73,--,20,21460,卖盘
2086,11:23:50,10.73,--,1,1073,卖盘
2087,11:23:44,10.73,0.01,87,93351,买盘
2088,11:23:35,10.72,--,3,3216,卖盘
2089,11:23:32,10.72,--,20,21440,卖盘
2090,11:23:29,10.72,--,21,22512,买盘
2091,11:23:26,10.72,--,22,23584,买盘
2092,11:23:23,10.72,--,115,123280,买盘
2093,11:23:18,10.72,--,21,22512,买盘
2094,11:23:15,10.72,--,22,23584,买盘
2095,11:23:14,10.72,--,3,3216,买盘
2096,11:23:09,10.72,--,65,69680,卖盘
2097,11:23:06,10.72,--,21,22512,买盘
2098,11:23:03,10.72,--,1,1072,买盘
2099,11:23:00,10.72,0.01,5,5360,买盘
2100,11:22:57,10.71,-0.01,10,10710,卖盘
2101,11:22:54,10.72,0.01,3,3216,买盘
2102,11:22:48,10.71,--,2,2142,卖盘
2103,11:22:45,10.71,--,1,1071,买盘
2104,11:22:42,10.71,--,10,10710,买盘
2105,11:22:36,10.71,0.01,10,10710,买盘
2106,11:22:33,10.7,-0.01,22,23540,卖盘
2107,11:22:30,10.71,0.01,86,92106,买盘
2108,11:22:27,10.7,--,8,8560,卖盘
2109,11:22:24,10.7,-0.01,259,277130,卖盘
2110,11:22:21,10.71,--,47,50337,买盘
2111,11:22:18,10.71,--,125,133875,买盘
2112,11:22:15,10.71,--,10,10710,买盘
2113,11:22:12,10.71,--,30,32130,买盘
2114,11:22:09,10.71,--,24,25704,买盘
2115,11:22:03,10.71,--,17,18207,买盘
2116,11:22:00,10.71,--,10,10710,买盘
2117,11:21:57,10.71,-0.01,91,97461,卖盘
2118,11:21:54,10.72,0.01,32,34304,买盘
2119,11:21:48,10.71,-0.01,29,31059,卖盘
2120,11:21:45,10.72,-0.01,2,2144,卖盘
2121,11:21:42,10.73,0.01,1247,1338084,买盘
2122,11:21:39,10.72,--,1,1072,卖盘
2123,11:21:36,10.72,--,3,3216,买盘
2124,11:21:33,10.72,0.01,15,16080,卖盘
2125,11:21:27,10.71,-0.02,909,973539,卖盘
2126,11:21:24,10.73,0.01,140,150220,买盘
2127,11:21:21,10.72,--,13,13936,买盘
2128,11:21:18,10.72,--,51,54672,买盘
2129,11:21:12,10.72,--,46,49312,买盘
2130,11:21:06,10.72,--,49,52528,买盘
2131,11:21:03,10.72,--,3,3216,买盘
2132,11:21:00,10.72,-0.01,278,298016,卖盘
2133,11:20:54,10.73,--,100,107300,买盘
2134,11:20:51,10.73,--,5,5365,买盘
2135,11:20:48,10.73,-0.01,46,49358,卖盘
2136,11:20:45,10.74,--,30,32220,买盘
2137,11:20:42,10.74,0.01,1,1074,买盘
2138,11:20:33,10.73,0.01,3,3219,中性盘
2139,11:20:30,10.72,-0.03,1091,1169552,卖盘
2140,11:20:27,10.75,0.02,4,4300,买盘
2141,11:20:24,10.73,-0.02,39,41847,卖盘
2142,11:20:21,10.75,--,50,53750,买盘
2143,11:20:18,10.75,0.03,8,8600,中性盘
2144,11:20:15,10.72,-0.03,1004,1076288,卖盘
2145,11:20:09,10.75,--,300,322500,买盘
2146,11:20:06,10.75,--,1,1075,买盘
2147,11:20:00,10.75,--,1001,1076075,买盘
2148,11:19:57,10.75,--,150,161250,买盘
2149,11:19:54,10.75,--,9,9675,买盘
2150,11:19:51,10.75,--,22,23650,买盘
2151,11:19:48,10.75,--,60,64500,买盘
2152,11:19:45,10.75,0.01,7,7525,买盘
2153,11:19:42,10.74,-0.01,1,1074,卖盘
2154,11:19:39,10.75,0.01,1,1075,买盘
2155,11:19:36,10.74,--,33,35442,买盘
2156,11:19:33,10.74,--,1,1074,买盘
2157,11:19:30,10.74,-0.01,30,32220,卖盘
2158,11:19:27,10.75,0.02,15,16125,买盘
2159,11:19:24,10.73,-0.01,271,290783,卖盘
2160,11:19:21,10.74,--,154,165396,买盘
2161,11:19:18,10.74,--,28,30072,买盘
2162,11:19:15,10.74,--,10,10740,买盘
2163,11:19:12,10.74,0.01,135,144990,买盘
2164,11:19:06,10.73,--,10,10730,卖盘
2165,11:19:03,10.73,--,17,18241,卖盘
2166,11:19:00,10.73,--,90,96570,买盘
2167,11:18:57,10.73,--,89,95497,买盘
2168,11:18:54,10.73,--,94,100862,买盘
2169,11:18:51,10.73,--,207,222111,买盘
2170,11:18:48,10.73,--,62,66526,买盘
2171,11:18:45,10.73,--,44,47212,买盘
2172,11:18:42,10.73,--,47,50431,买盘
2173,11:18:39,10.73,--,22,23606,买盘
2174,11:18:33,10.73,--,4,4292,买盘
2175,11:18:30,10.73,0.01,14,15022,买盘
2176,11:18:27,10.72,0.01,63,67536,买盘
2177,11:18:24,10.71,-0.01,101,108171,卖盘
2178,11:18:21,10.72,--,131,140432,买盘
2179,11:18:18,10.72,0.01,74,79328,买盘
2180,11:18:15,10.71,-0.01,224,239904,卖盘
2181,11:18:12,10.72,0.01,70,75040,买盘
2182,11:18:09,10.71,-0.01,8,8568,卖盘
2183,11:18:06,10.72,--,300,321600,买盘
2184,11:18:03,10.72,0.01,100,107200,买盘
2185,11:18:00,10.71,-0.01,17,18207,卖盘
2186,11:17:57,10.72,0.01,466,499552,买盘
2187,11:17:54,10.71,--,645,690795,买盘
2188,11:17:51,10.71,--,40,42840,买盘
2189,11:17:48,10.71,--,103,110313,买盘
2190,11:17:45,10.71,--,51,54621,买盘
2191,11:17:42,10.71,--,21,22491,买盘
2192,11:17:39,10.71,--,870,931770,买盘
2193,11:17:36,10.71,--,82,87822,买盘
2194,11:17:33,10.71,--,4,4284,买盘
2195,11:17:30,10.71,--,6,6426,买盘
2196,11:17:27,10.71,--,23,24633,买盘
2197,11:17:24,10.71,--,8,8568,买盘
2198,11:17:21,10.71,0.01,15,16065,买盘
2199,11:17:18,10.7,-0.01,40,42800,卖盘
2200,11:17:09,10.71,--,8,8568,买盘
2201,11:17:06,10.71,--,28,29988,买盘
2202,11:17:03,10.71,0.01,77,82467,买盘
2203,11:16:57,10.7,-0.01,28,29959,卖盘
2204,11:16:54,10.71,0.01,51,54621,买盘
2205,11:16:51,10.7,-0.01,3,3210,卖盘
2206,11:16:48,10.71,0.01,227,243117,买盘
2207,11:16:45,10.7,-0.01,21,22470,卖盘
2208,11:16:42,10.71,--,22,23562,买盘
2209,11:16:39,10.71,0.01,6,6426,买盘
2210,11:16:36,10.7,--,2,2140,卖盘
2211,11:16:33,10.7,-0.01,103,110209,卖盘
2212,11:16:30,10.71,--,5,5355,买盘
2213,11:16:24,10.71,--,109,116739,买盘
2214,11:16:21,10.71,--,3,3213,买盘
2215,11:16:18,10.71,0.01,38,40698,买盘
2216,11:16:12,10.7,-0.01,44,47080,卖盘
2217,11:16:09,10.71,--,3,3213,买盘
2218,11:16:06,10.71,--,28,29988,买盘
2219,11:16:03,10.71,--,11,11781,买盘
2220,11:16:00,10.71,0.01,2,2142,买盘
2221,11:15:54,10.7,--,1,1070,卖盘
2222,11:15:51,10.7,--,6,6420,卖盘
2223,11:15:48,10.7,--,57,60989,卖盘
2224,11:15:45,10.7,--,43,46010,买盘
2225,11:15:42,10.7,--,259,277130,买盘
2226,11:15:39,10.7,--,2,2140,买盘
2227,11:15:36,10.7,--,344,368080,买盘
2228,11:15:33,10.7,--,77,82390,买盘
2229,11:15:30,10.7,--,131,140170,买盘
2230,11:15:27,10.7,0.01,18,19260,买盘
2231,11:15:24,10.69,-0.01,1,1069,卖盘
2232,11:15:21,10.7,--,26,27819,买盘
2233,11:15:18,10.7,0.01,26,27819,买盘
2234,11:15:15,10.69,-0.01,109,116521,卖盘
2235,11:15:12,10.7,--,86,92020,买盘
2236,11:15:09,10.7,--,130,139100,买盘
2237,11:15:03,10.7,--,135,144450,买盘
2238,11:15:00,10.7,--,22,23540,买盘
2239,11:14:57,10.7,--,15,16049,买盘
2240,11:14:54,10.7,--,92,98440,买盘
2241,11:14:51,10.7,--,28,29959,买盘
2242,11:14:48,10.7,--,13,13909,买盘
2243,11:14:45,10.7,0.01,120,128399,买盘
2244,11:14:42,10.69,-0.01,28,29932,卖盘
2245,11:14:39,10.7,--,57,60989,买盘
2246,11:14:36,10.7,--,20,21400,买盘
2247,11:14:33,10.7,0.01,12,12840,买盘
2248,11:14:30,10.69,-0.01,113,120797,卖盘
2249,11:14:27,10.7,--,3,3210,买盘
2250,11:14:24,10.7,0.01,12,12840,买盘
2251,11:14:21,10.69,-0.01,62,66278,卖盘
2252,11:14:18,10.7,--,41,43870,买盘
2253,11:14:15,10.7,0.01,210,224699,买盘
2254,11:14:12,10.69,-0.01,88,94072,卖盘
2255,11:14:09,10.7,--,51,54570,买盘
2256,11:14:06,10.7,--,20,21400,买盘
2257,11:14:03,10.7,--,12,12840,买盘
2258,11:14:00,10.7,--,8,8560,买盘
2259,11:13:57,10.7,--,18,19260,买盘
2260,11:13:54,10.7,0.01,12,12840,买盘
2261,11:13:51,10.69,-0.01,12,12828,卖盘
2262,11:13:48,10.7,--,3,3210,买盘
2263,11:13:45,10.7,--,48,51360,买盘
2264,11:13:39,10.7,0.01,130,139100,买盘
2265,11:13:36,10.69,-0.01,1,1069,卖盘
2266,11:13:33,10.7,--,251,268570,买盘
2267,11:13:30,10.7,--,2,2140,买盘
2268,11:13:27,10.7,0.01,2,2140,买盘
2269,11:13:24,10.69,--,20,21380,卖盘
2270,11:13:21,10.69,-0.01,52,55588,卖盘
2271,11:13:18,10.7,--,81,86670,买盘
2272,11:13:15,10.7,0.01,10,10700,买盘
2273,11:13:12,10.69,-0.01,81,86589,卖盘
2274,11:13:09,10.7,--,63,67410,买盘
2275,11:13:06,10.7,--,10,10700,买盘
2276,11:13:03,10.7,--,33,35310,买盘
2277,11:13:00,10.7,--,8,8560,买盘
2278,11:12:57,10.7,0.01,503,538210,买盘
2279,11:12:54,10.69,--,18,19242,卖盘
2280,11:12:51,10.69,-0.01,6,6414,卖盘
2281,11:12:48,10.7,--,25,26750,买盘
2282,11:12:45,10.7,--,20,21400,买盘
2283,11:12:42,10.7,--,48,51360,买盘
2284,11:12:39,10.7,--,32,34240,买盘
2285,11:12:36,10.7,--,2,2140,买盘
2286,11:12:33,10.7,--,8,8560,买盘
2287,11:12:30,10.7,--,4,4280,买盘
2288,11:12:27,10.7,--,10,10700,买盘
2289,11:12:24,10.7,--,12,12840,买盘
2290,11:12:21,10.7,--,14,14979,买盘
2291,11:12:18,10.7,--,7,7489,买盘
2292,11:12:15,10.7,0.01,2,2140,买盘
2293,11:12:12,10.69,--,9,9621,卖盘
2294,11:12:09,10.69,-0.01,32,34208,卖盘
2295,11:12:06,10.7,--,2,2140,买盘
2296,11:12:03,10.7,0.01,11,11770,买盘
2297,11:12:00,10.69,-0.01,3,3207,卖盘
2298,11:11:57,10.7,--,1,1070,买盘
2299,11:11:54,10.7,0.01,10,10700,买盘
2300,11:11:51,10.69,-0.01,18,19242,卖盘
2301,11:11:48,10.7,0.01,62,66340,买盘
2302,11:11:45,10.69,-0.01,14,14966,卖盘
2303,11:11:42,10.7,--,7,7489,买盘
2304,11:11:39,10.7,--,12,12840,买盘
2305,11:11:36,10.7,0.01,32,34240,买盘
2306,11:11:33,10.69,-0.01,2,2138,卖盘
2307,11:11:30,10.7,--,19,20330,买盘
2308,11:11:27,10.7,--,2,2140,买盘
2309,11:11:24,10.7,0.01,24,25680,买盘
2310,11:11:21,10.69,-0.01,3,3207,卖盘
2311,11:11:18,10.7,0.01,4,4280,买盘
2312,11:11:15,10.69,--,1,1069,卖盘
2313,11:11:12,10.69,-0.01,8,8552,卖盘
2314,11:11:09,10.7,--,39,41730,买盘
2315,11:11:06,10.7,--,66,70620,买盘
2316,11:11:03,10.7,--,2,2140,买盘
2317,11:11:00,10.7,--,3,3210,买盘
2318,11:10:57,10.7,0.01,22,23540,买盘
2319,11:10:51,10.69,-0.01,31,33139,卖盘
2320,11:10:48,10.7,0.01,2,2140,买盘
2321,11:10:45,10.69,-0.01,10,10690,卖盘
2322,11:10:42,10.7,0.01,12,12840,买盘
2323,11:10:39,10.69,--,22,23518,卖盘
2324,11:10:36,10.69,-0.01,44,47036,卖盘
2325,11:10:33,10.7,--,94,100580,买盘
2326,11:10:30,10.7,--,43,46010,买盘
2327,11:10:27,10.7,0.01,5,5350,买盘
2328,11:10:24,10.69,--,50,53450,卖盘
2329,11:10:21,10.69,-0.01,11,11759,卖盘
2330,11:10:18,10.7,--,5,5350,买盘
2331,11:10:15,10.7,0.01,21,22470,买盘
2332,11:10:12,10.69,-0.01,103,110107,卖盘
2333,11:10:09,10.7,--,20,21400,买盘
2334,11:10:06,10.7,0.01,1,1070,买盘
2335,11:10:03,10.69,--,46,49174,卖盘
2336,11:10:00,10.69,-0.01,113,120797,卖盘
2337,11:09:57,10.7,--,2,2140,买盘
2338,11:09:54,10.7,--,2,2140,买盘
2339,11:09:51,10.7,--,5,5350,买盘
2340,11:09:48,10.7,--,14,14979,买盘
2341,11:09:42,10.7,--,2,2140,买盘
2342,11:09:39,10.7,0.01,4,4280,买盘
2343,11:09:36,10.69,--,29,31001,卖盘
2344,11:09:33,10.69,-0.01,22,23518,卖盘
2345,11:09:30,10.7,--,7,7489,买盘
2346,11:09:27,10.7,--,44,47080,买盘
2347,11:09:21,10.7,--,2,2140,买盘
2348,11:09:18,10.7,0.01,11,11770,买盘
2349,11:09:15,10.69,-0.01,101,107969,卖盘
2350,11:09:09,10.7,0.01,40,42800,买盘
2351,11:09:06,10.69,--,24,25656,卖盘
2352,11:09:03,10.69,-0.01,1,1069,卖盘
2353,11:09:00,10.7,--,11,11770,买盘
2354,11:08:57,10.7,0.01,52,55639,买盘
2355,11:08:54,10.69,-0.01,206,220214,卖盘
2356,11:08:51,10.7,--,2,2140,买盘
2357,11:08:48,10.7,--,2,2140,买盘
2358,11:08:42,10.7,--,27,28889,买盘
2359,11:08:39,10.7,0.01,48,51360,买盘
2360,11:08:36,10.69,-0.01,27,28863,卖盘
2361,11:08:33,10.7,--,19,20330,买盘
2362,11:08:29,10.7,--,15,16049,买盘
2363,11:08:26,10.7,--,12,12840,买盘
2364,11:08:23,10.7,--,22,23540,买盘
2365,11:08:19,10.7,0.01,14,14979,买盘
2366,11:08:17,10.69,-0.01,11,11759,卖盘
2367,11:08:14,10.7,--,11,11770,买盘
2368,11:08:11,10.7,--,20,21400,买盘
2369,11:08:08,10.7,--,77,82390,买盘
2370,11:08:05,10.7,0.01,2,2140,买盘
2371,11:08:02,10.69,-0.01,3,3207,卖盘
2372,11:07:59,10.7,--,2,2140,买盘
2373,11:07:56,10.7,0.01,4,4280,买盘
2374,11:07:53,10.69,-0.01,35,37415,卖盘
2375,11:07:50,10.7,0.01,2,2140,买盘
2376,11:07:47,10.69,-0.01,143,152867,卖盘
2377,11:07:41,10.7,--,22,23540,买盘
2378,11:07:38,10.7,0.01,72,77040,买盘
2379,11:07:34,10.69,-0.01,2,2138,卖盘
2380,11:07:32,10.7,--,76,81320,买盘
2381,11:07:29,10.7,0.01,5,5350,买盘
2382,11:07:26,10.69,-0.01,2,2138,卖盘
2383,11:07:22,10.7,0.01,32,34240,买盘
2384,11:07:19,10.69,--,1,1069,卖盘
2385,11:07:17,10.69,--,1,1069,卖盘
2386,11:07:11,10.69,--,5,5345,卖盘
2387,11:07:07,10.69,-0.01,125,133625,卖盘
2388,11:07:05,10.7,0.01,35,37450,买盘
2389,11:07:02,10.69,-0.01,11,11759,卖盘
2390,11:06:59,10.7,0.01,296,316720,买盘
2391,11:06:49,10.69,--,12,12828,卖盘
2392,11:06:47,10.69,-0.01,369,394461,卖盘
2393,11:06:44,10.7,--,2,2140,买盘
2394,11:06:40,10.7,0.01,139,148730,买盘
2395,11:06:37,10.69,--,82,87658,卖盘
2396,11:06:35,10.69,--,3,3207,卖盘
2397,11:06:31,10.69,-0.01,598,639262,卖盘
2398,11:06:26,10.7,--,34,36380,买盘
2399,11:06:23,10.7,--,23,24610,买盘
2400,11:06:20,10.7,0.01,264,282480,买盘
2401,11:06:17,10.69,--,533,569777,卖盘
2402,11:06:14,10.69,--,10,10690,卖盘
2403,11:06:11,10.69,--,12,12828,卖盘
2404,11:06:07,10.69,-0.01,10,10690,卖盘
2405,11:06:05,10.7,--,61,65269,买盘
2406,11:06:02,10.7,--,285,304950,买盘
2407,11:05:59,10.7,--,282,301740,买盘
2408,11:05:56,10.7,--,153,163710,买盘
2409,11:05:50,10.7,--,314,335980,买盘
2410,11:05:47,10.7,--,1,1070,买盘
2411,11:05:44,10.7,--,11,11770,买盘
2412,11:05:41,10.7,--,2,2140,买盘
2413,11:05:38,10.7,0.01,28,29959,买盘
2414,11:05:35,10.69,--,2,2138,卖盘
2415,11:05:32,10.69,-0.01,91,97279,卖盘
2416,11:05:29,10.7,--,279,298530,买盘
2417,11:05:26,10.7,--,25,26750,买盘
2418,11:05:23,10.7,--,2,2140,买盘
2419,11:05:20,10.7,0.01,330,353100,买盘
2420,11:05:17,10.69,-0.01,3,3207,卖盘
2421,11:05:14,10.7,--,16,17120,买盘
2422,11:05:11,10.7,0.01,22,23540,买盘
2423,11:05:05,10.69,-0.01,35,37415,卖盘
2424,11:05:01,10.7,0.01,24,25680,买盘
2425,11:04:56,10.69,-0.01,34,36346,卖盘
2426,11:04:53,10.7,--,2,2140,买盘
2427,11:04:50,10.7,0.01,1,1070,买盘
2428,11:04:47,10.69,--,2,2138,卖盘
2429,11:04:44,10.69,-0.01,200,213800,卖盘
2430,11:04:38,10.7,0.01,48,51360,买盘
2431,11:04:35,10.69,--,12,12828,卖盘
2432,11:04:32,10.69,-0.01,16,17104,卖盘
2433,11:04:29,10.7,--,12,12840,买盘
2434,11:04:26,10.7,0.01,9,9630,买盘
2435,11:04:23,10.69,--,38,40622,卖盘
2436,11:04:19,10.69,--,1,1069,卖盘
2437,11:04:17,10.69,-0.01,111,118659,卖盘
2438,11:04:14,10.7,0.01,45,48150,买盘
2439,11:04:11,10.69,--,99,105831,卖盘
2440,11:04:05,10.69,--,58,62002,卖盘
2441,11:04:02,10.69,-0.01,21,22449,卖盘
2442,11:03:59,10.7,0.01,70,74900,买盘
2443,11:03:53,10.69,--,16,17104,卖盘
2444,11:03:50,10.69,--,4,4276,卖盘
2445,11:03:47,10.69,-0.01,1,1069,卖盘
2446,11:03:44,10.7,--,86,92020,买盘
2447,11:03:40,10.7,0.01,12,12840,买盘
2448,11:03:38,10.69,--,28,29932,卖盘
2449,11:03:35,10.69,-0.01,5,5345,卖盘
2450,11:03:32,10.7,0.01,40,42800,买盘
2451,11:03:26,10.69,--,42,44898,卖盘
2452,11:03:23,10.69,-0.01,15,16035,卖盘
2453,11:03:20,10.7,0.01,14,14979,买盘
2454,11:03:17,10.69,--,16,17104,卖盘
2455,11:03:11,10.69,-0.01,45,48105,卖盘
2456,11:03:08,10.7,0.01,98,104860,买盘
2457,11:03:05,10.69,--,100,106900,卖盘
2458,11:03:02,10.69,--,63,67347,卖盘
2459,11:02:59,10.69,--,23,24587,卖盘
2460,11:02:51,10.69,-0.01,30,32070,卖盘
2461,11:02:50,10.7,--,73,78110,买盘
2462,11:02:47,10.7,--,5,5350,买盘
2463,11:02:44,10.7,0.01,4,4280,买盘
2464,11:02:41,10.69,--,51,54519,卖盘
2465,11:02:38,10.69,--,26,27794,卖盘
2466,11:02:33,10.69,--,2,2138,卖盘
2467,11:02:30,10.69,-0.01,58,62002,卖盘
2468,11:02:27,10.7,--,11,11770,买盘
2469,11:02:24,10.7,0.01,52,55639,买盘
2470,11:02:18,10.69,0.01,484,517396,买盘
2471,11:02:15,10.68,--,1,1068,卖盘
2472,11:02:12,10.68,-0.01,2,2136,卖盘
2473,11:02:09,10.69,0.01,11,11759,买盘
2474,11:02:03,10.68,--,1,1068,卖盘
2475,11:02:00,10.68,--,23,24564,卖盘
2476,11:01:57,10.68,-0.01,72,76896,卖盘
2477,11:01:54,10.69,0.01,2,2138,买盘
2478,11:01:51,10.68,-0.01,5,5340,卖盘
2479,11:01:45,10.69,--,1000,1069000,买盘
2480,11:01:42,10.69,0.01,17,18173,买盘
2481,11:01:39,10.68,-0.01,254,271272,卖盘
2482,11:01:36,10.69,0.01,79,84451,买盘
2483,11:01:33,10.68,--,52,55536,卖盘
2484,11:01:27,10.68,--,1029,1098972,卖盘
2485,11:01:24,10.68,--,75,80100,卖盘
2486,11:01:21,10.68,--,38,40584,卖盘
2487,11:01:18,10.68,--,1,1068,卖盘
2488,11:01:15,10.68,--,1,1068,卖盘
2489,11:01:12,10.68,-0.01,10,10680,卖盘
2490,11:01:06,10.69,--,24,25656,买盘
2491,11:01:03,10.69,0.01,107,114383,买盘
2492,11:00:57,10.68,--,10,10680,卖盘
2493,11:00:54,10.68,-0.01,37,39516,卖盘
2494,11:00:51,10.69,0.01,19,20311,买盘
2495,11:00:48,10.68,-0.01,41,43788,卖盘
2496,11:00:45,10.69,0.01,25,26725,买盘
2497,11:00:42,10.68,--,6,6408,卖盘
2498,11:00:39,10.68,--,58,61944,卖盘
2499,11:00:36,10.68,-0.01,135,144180,卖盘
2500,11:00:33,10.69,--,9,9621,买盘
2501,11:00:27,10.69,0.01,4,4276,买盘
2502,11:00:21,10.68,-0.01,127,135636,卖盘
2503,11:00:18,10.69,0.01,10,10690,买盘
2504,11:00:15,10.68,-0.01,38,40584,卖盘
2505,11:00:12,10.69,--,20,21380,买盘
2506,11:00:09,10.69,--,50,53450,买盘
2507,11:00:06,10.69,0.01,2,2138,买盘
2508,11:00:03,10.68,-0.01,20,21360,卖盘
2509,11:00:00,10.69,0.01,347,370943,买盘
2510,10:59:57,10.68,--,35,37380,卖盘
2511,10:59:54,10.68,--,1,1068,卖盘
2512,10:59:51,10.68,-0.01,103,110004,卖盘
2513,10:59:48,10.69,--,143,152867,买盘
2514,10:59:45,10.69,--,100,106900,买盘
2515,10:59:39,10.69,0.01,8,8552,买盘
2516,10:59:36,10.68,--,14,14952,卖盘
2517,10:59:33,10.68,-0.01,100,106800,卖盘
2518,10:59:27,10.69,0.01,200,213800,买盘
2519,10:59:24,10.68,--,183,195444,卖盘
2520,10:59:21,10.68,--,102,108936,卖盘
2521,10:59:18,10.68,--,96,102528,卖盘
2522,10:59:15,10.68,-0.01,1,1068,卖盘
2523,10:59:12,10.69,0.01,21,22449,买盘
2524,10:59:09,10.68,--,19,20292,卖盘
2525,10:59:03,10.68,-0.01,5,5340,卖盘
2526,10:59:00,10.69,0.01,23,24587,买盘
2527,10:58:54,10.68,-0.01,180,192240,卖盘
2528,10:58:51,10.69,0.01,139,148591,买盘
2529,10:58:48,10.68,--,19,20292,卖盘
2530,10:58:45,10.68,--,15,16020,卖盘
2531,10:58:42,10.68,--,36,38448,卖盘
2532,10:58:39,10.68,--,37,39516,卖盘
2533,10:58:36,10.68,--,121,129228,卖盘
2534,10:58:33,10.68,--,88,93984,卖盘
2535,10:58:30,10.68,--,25,26700,卖盘
2536,10:58:27,10.68,-0.02,6,6408,卖盘
2537,10:58:24,10.7,0.01,50,53500,买盘
2538,10:58:21,10.69,--,6,6414,卖盘
2539,10:58:18,10.69,--,1,1069,卖盘
2540,10:58:15,10.69,--,47,50243,买盘
2541,10:58:12,10.69,0.01,34,36346,买盘
2542,10:58:09,10.68,--,150,160200,卖盘
2543,10:58:06,10.68,-0.01,13,13884,卖盘
2544,10:58:03,10.69,--,12,12828,买盘
2545,10:58:00,10.69,--,6,6414,买盘
2546,10:57:57,10.69,--,13,13897,买盘
2547,10:57:54,10.69,0.01,109,116521,买盘
2548,10:57:51,10.68,-0.01,35,37380,卖盘
2549,10:57:48,10.69,0.01,37,39553,买盘
2550,10:57:45,10.68,-0.01,50,53400,卖盘
2551,10:57:42,10.69,--,92,98348,卖盘
2552,10:57:39,10.69,--,19,20311,卖盘
2553,10:57:36,10.69,0.01,48,51312,买盘
2554,10:57:33,10.68,-0.01,30,32040,卖盘
2555,10:57:30,10.69,0.01,6,6414,买盘
2556,10:57:27,10.68,-0.01,87,92916,卖盘
2557,10:57:24,10.69,--,52,55588,买盘
2558,10:57:21,10.69,--,2,2138,买盘
2559,10:57:18,10.69,--,18,19242,买盘
2560,10:57:15,10.69,--,74,79106,卖盘
2561,10:57:12,10.69,-0.01,50,53450,卖盘
2562,10:57:09,10.7,0.01,3,3210,买盘
2563,10:57:03,10.69,-0.01,41,43829,卖盘
2564,10:56:54,10.7,0.01,6,6420,买盘
2565,10:56:51,10.69,0.01,25,26725,卖盘
2566,10:56:48,10.68,-0.01,514,548952,卖盘
2567,10:56:45,10.69,--,508,543052,买盘
2568,10:56:42,10.69,0.01,213,227697,买盘
2569,10:56:36,10.68,--,11,11748,卖盘
2570,10:56:33,10.68,--,35,37380,卖盘
2571,10:56:30,10.68,--,10,10680,卖盘
2572,10:56:27,10.68,0.01,50,53400,卖盘
2573,10:56:24,10.67,-0.01,30,32010,卖盘
2574,10:56:21,10.68,--,27,28836,卖盘
2575,10:56:18,10.68,0.01,10,10680,买盘
2576,10:56:15,10.67,-0.01,432,460944,卖盘
2577,10:56:12,10.68,0.01,231,246708,买盘
2578,10:56:09,10.67,--,32,34144,卖盘
2579,10:56:06,10.67,-0.01,40,42680,卖盘
2580,10:56:03,10.68,--,114,121752,买盘
2581,10:56:00,10.68,0.01,157,167676,买盘
2582,10:55:57,10.67,--,6,6402,卖盘
2583,10:55:54,10.67,-0.01,112,119504,卖盘
2584,10:55:51,10.68,0.01,50,53400,买盘
2585,10:55:48,10.67,-0.01,287,306229,卖盘
2586,10:55:45,10.68,--,35,37380,卖盘
2587,10:55:42,10.68,--,20,21360,卖盘
2588,10:55:39,10.68,-0.01,194,207192,卖盘
2589,10:55:36,10.69,0.01,120,128280,买盘
2590,10:55:33,10.68,--,38,40584,卖盘
2591,10:55:30,10.68,--,1151,1229268,卖盘
2592,10:55:27,10.68,-0.01,20,21360,卖盘
2593,10:55:24,10.69,--,116,124004,买盘
2594,10:55:21,10.69,0.01,58,62002,买盘
2595,10:55:18,10.68,--,40,42720,卖盘
2596,10:55:15,10.68,--,64,68352,卖盘
2597,10:55:12,10.68,--,25,26700,卖盘
2598,10:55:09,10.68,-0.01,50,53400,卖盘
2599,10:55:06,10.69,--,5,5345,买盘
2600,10:55:03,10.69,0.01,94,100486,买盘
2601,10:55:00,10.68,-0.01,191,203988,卖盘
2602,10:54:57,10.69,0.01,14,14966,买盘
2603,10:54:54,10.68,--,15,16020,卖盘
2604,10:54:51,10.68,--,148,158064,卖盘
2605,10:54:48,10.68,--,17,18156,卖盘
2606,10:54:45,10.68,--,19,20292,卖盘
2607,10:54:42,10.68,-0.01,50,53400,卖盘
2608,10:54:39,10.69,--,56,59864,买盘
2609,10:54:36,10.69,0.01,58,62002,买盘
2610,10:54:33,10.68,-0.01,179,191172,卖盘
2611,10:54:30,10.69,--,87,93003,卖盘
2612,10:54:27,10.69,--,14,14966,买盘
2613,10:54:24,10.69,0.01,14,14966,买盘
2614,10:54:21,10.68,-0.02,22,23496,卖盘
2615,10:54:18,10.7,0.01,96,102720,买盘
2616,10:54:15,10.69,-0.01,1717,1835473,中性盘
2617,10:54:12,10.7,0.01,114,121979,买盘
2618,10:54:09,10.69,--,24,25656,买盘
2619,10:54:06,10.69,-0.01,42,44898,卖盘
2620,10:54:00,10.7,--,19,20330,买盘
2621,10:53:57,10.7,0.01,23,24610,买盘
2622,10:53:54,10.69,-0.01,181,193489,卖盘
2623,10:53:51,10.7,0.01,50,53500,买盘
2624,10:53:48,10.69,-0.01,322,344218,卖盘
2625,10:53:45,10.7,--,1,1070,买盘
2626,10:53:42,10.7,0.01,22,23540,买盘
2627,10:53:39,10.69,--,187,199903,卖盘
2628,10:53:36,10.69,-0.01,282,301458,卖盘
2629,10:53:33,10.7,0.01,302,323140,买盘
2630,10:53:30,10.69,--,11,11759,卖盘
2631,10:53:27,10.69,-0.01,72,76968,卖盘
2632,10:53:24,10.7,0.01,40,42800,买盘
2633,10:53:21,10.69,--,18,19242,卖盘
2634,10:53:18,10.69,--,61,65209,卖盘
2635,10:53:15,10.69,-0.01,301,321769,卖盘
2636,10:53:12,10.7,0.01,10,10700,买盘
2637,10:53:09,10.69,--,90,96210,卖盘
2638,10:53:06,10.69,--,8,8552,卖盘
2639,10:53:03,10.69,--,157,167833,卖盘
2640,10:53:00,10.69,-0.01,172,183868,卖盘
2641,10:52:57,10.7,0.01,10,10700,买盘
2642,10:52:51,10.69,--,18,19242,卖盘
2643,10:52:48,10.69,-0.01,45,48105,卖盘
2644,10:52:45,10.7,--,58,62059,买盘
2645,10:52:42,10.7,--,55,58849,买盘
2646,10:52:39,10.7,0.01,7,7489,买盘
2647,10:52:36,10.69,--,128,136832,卖盘
2648,10:52:33,10.69,-0.01,46,49174,卖盘
2649,10:52:30,10.7,--,53,56709,买盘
2650,10:52:27,10.7,--,52,55639,买盘
2651,10:52:24,10.7,0.01,122,130539,买盘
2652,10:52:21,10.69,-0.01,46,49174,卖盘
2653,10:52:18,10.7,--,70,74900,买盘
2654,10:52:15,10.7,--,44,47080,买盘
2655,10:52:12,10.7,0.01,10,10700,买盘
2656,10:52:09,10.69,-0.01,112,119728,卖盘
2657,10:52:06,10.7,--,3,3210,买盘
2658,10:52:03,10.7,--,13,13909,买盘
2659,10:52:00,10.7,--,150,160500,买盘
2660,10:51:57,10.7,0.01,580,620600,买盘
2661,10:51:54,10.69,-0.01,46,49174,卖盘
2662,10:51:51,10.7,--,31,33170,买盘
2663,10:51:48,10.7,0.01,6,6420,买盘
2664,10:51:45,10.69,-0.01,27,28863,卖盘
2665,10:51:42,10.7,--,83,88810,买盘
2666,10:51:39,10.7,--,40,42800,买盘
2667,10:51:36,10.7,--,26,27819,买盘
2668,10:51:33,10.7,--,138,147660,买盘
2669,10:51:30,10.7,-0.01,1477,1580390,卖盘
2670,10:51:27,10.71,--,7,7497,买盘
2671,10:51:24,10.71,--,12,12852,买盘
2672,10:51:21,10.71,--,34,36414,买盘
2673,10:51:18,10.71,--,362,387702,买盘
2674,10:51:15,10.71,--,27,28917,买盘
2675,10:51:12,10.71,--,132,141372,买盘
2676,10:51:09,10.71,0.01,112,119952,买盘
2677,10:51:06,10.7,--,198,211860,卖盘
2678,10:51:03,10.7,--,12,12840,卖盘
2679,10:51:00,10.7,-0.01,170,181900,卖盘
2680,10:50:57,10.71,0.01,157,168147,买盘
2681,10:50:54,10.7,--,137,146590,卖盘
2682,10:50:51,10.7,-0.01,71,75970,卖盘
2683,10:50:48,10.71,0.01,141,151011,买盘
2684,10:50:45,10.7,--,107,114489,卖盘
2685,10:50:42,10.7,--,57,60989,卖盘
2686,10:50:39,10.7,--,67,71690,卖盘
2687,10:50:36,10.7,--,96,102720,买盘
2688,10:50:33,10.7,--,289,309230,买盘
2689,10:50:30,10.7,--,469,501829,买盘
2690,10:50:27,10.7,--,181,193670,买盘
2691,10:50:24,10.7,0.01,578,618460,买盘
2692,10:50:21,10.69,-0.01,69,73761,卖盘
2693,10:50:18,10.7,0.01,15,16049,买盘
2694,10:50:15,10.69,--,270,288630,卖盘
2695,10:50:12,10.69,-0.01,190,203110,卖盘
2696,10:50:09,10.7,--,38,40660,买盘
2697,10:50:06,10.7,0.01,1,1070,买盘
2698,10:50:03,10.69,--,35,37415,卖盘
2699,10:50:00,10.69,--,24,25656,卖盘
2700,10:49:57,10.69,--,101,107969,买盘
2701,10:49:54,10.69,--,142,151798,卖盘
2702,10:49:51,10.69,--,153,163557,买盘
2703,10:49:48,10.69,--,284,303596,买盘
2704,10:49:45,10.69,0.01,20,21380,买盘
2705,10:49:42,10.68,-0.01,276,294768,卖盘
2706,10:49:39,10.69,0.01,49,52381,卖盘
2707,10:49:36,10.68,--,291,310788,卖盘
2708,10:49:33,10.68,--,36,38448,卖盘
2709,10:49:30,10.68,0.01,119,127092,卖盘
2710,10:49:27,10.67,-0.01,368,392656,卖盘
2711,10:49:24,10.68,0.01,188,200784,买盘
2712,10:49:21,10.67,-0.01,55,58685,卖盘
2713,10:49:18,10.68,-0.01,636,679248,卖盘
2714,10:49:15,10.69,-0.01,220,235180,卖盘
2715,10:49:12,10.7,--,41,43870,买盘
2716,10:49:09,10.7,0.01,41,43870,买盘
2717,10:49:06,10.69,-0.01,125,133625,卖盘
2718,10:49:03,10.7,--,210,224699,买盘
2719,10:49:00,10.7,--,96,102720,买盘
2720,10:48:57,10.7,--,573,613110,卖盘
2721,10:48:54,10.7,-0.01,2047,2190290,卖盘
2722,10:48:51,10.71,--,80,85680,买盘
2723,10:48:48,10.71,0.01,200,214200,买盘
2724,10:48:45,10.7,--,106,113419,卖盘
2725,10:48:42,10.7,-0.02,377,403390,卖盘
2726,10:48:39,10.72,0.01,689,738608,买盘
2727,10:48:36,10.71,--,606,649026,卖盘
2728,10:48:33,10.71,-0.01,30,32130,卖盘
2729,10:48:27,10.72,--,31,33232,买盘
2730,10:48:21,10.72,--,3,3216,买盘
2731,10:48:18,10.72,--,996,1067712,卖盘
2732,10:48:15,10.72,-0.01,188,201536,卖盘
2733,10:48:12,10.73,--,200,214600,买盘
2734,10:48:06,10.73,0.01,69,74037,买盘
2735,10:48:03,10.72,-0.01,287,307664,卖盘
2736,10:48:00,10.73,--,33,35409,买盘
2737,10:47:56,10.73,--,18,19314,买盘
2738,10:47:53,10.73,--,20,21460,买盘
2739,10:47:50,10.73,-0.02,834,895901,卖盘
2740,10:47:44,10.75,0.02,13,13975,买盘
2741,10:47:41,10.73,-0.01,1324,1420652,卖盘
2742,10:47:38,10.74,--,139,149286,卖盘
2743,10:47:35,10.74,0.01,150,161100,买盘
2744,10:47:32,10.73,-0.01,98,105154,卖盘
2745,10:47:29,10.74,--,80,85920,卖盘
2746,10:47:23,10.74,--,95,102030,卖盘
2747,10:47:20,10.74,--,2,2148,卖盘
2748,10:47:17,10.74,--,28,30072,卖盘
2749,10:47:11,10.74,-0.01,223,239502,卖盘
2750,10:47:08,10.75,--,148,159100,买盘
2751,10:47:05,10.75,0.01,11,11825,买盘
2752,10:47:02,10.74,-0.01,76,81624,卖盘
2753,10:46:59,10.75,0.02,16,17200,买盘
2754,10:46:56,10.73,--,7,7511,卖盘
2755,10:46:53,10.73,-0.01,132,141636,卖盘
2756,10:46:50,10.74,--,16,17184,卖盘
2757,10:46:47,10.74,--,54,57996,买盘
2758,10:46:44,10.74,0.01,6,6444,买盘
2759,10:46:41,10.73,--,7,7511,卖盘
2760,10:46:38,10.73,--,98,105154,卖盘
2761,10:46:35,10.73,--,9,9657,卖盘
2762,10:46:32,10.73,-0.01,69,74037,卖盘
2763,10:46:29,10.74,--,10,10740,卖盘
2764,10:46:26,10.74,--,68,73032,卖盘
2765,10:46:22,10.74,0.01,44,47309,买盘
2766,10:46:19,10.73,-0.01,42,45066,卖盘
2767,10:46:17,10.74,0.01,325,349050,买盘
2768,10:46:14,10.73,--,35,37555,卖盘
2769,10:46:11,10.73,-0.01,2,2146,卖盘
2770,10:46:08,10.74,--,1,1074,买盘
2771,10:46:05,10.74,--,78,83772,买盘
2772,10:46:02,10.74,--,112,120288,买盘
2773,10:45:59,10.74,--,11,11814,买盘
2774,10:45:53,10.74,0.01,20,21480,买盘
2775,10:45:47,10.73,-0.01,113,122268,卖盘
2776,10:45:41,10.74,-0.01,10,10740,卖盘
2777,10:45:38,10.75,0.01,877,942775,买盘
2778,10:45:35,10.74,--,3,3222,卖盘
2779,10:45:31,10.74,--,228,244872,卖盘
2780,10:45:28,10.74,-0.01,21,22554,卖盘
2781,10:45:26,10.75,--,115,123625,买盘
2782,10:45:23,10.75,--,3,3225,买盘
2783,10:45:20,10.75,0.01,57,61275,买盘
2784,10:45:17,10.74,-0.01,823,883902,卖盘
2785,10:45:14,10.75,--,10,10750,买盘
2786,10:45:07,10.75,--,5,5375,买盘
2787,10:45:01,10.75,0.01,30,32250,买盘
2788,10:44:59,10.74,-0.01,71,76254,卖盘
2789,10:44:56,10.75,0.01,7,7525,买盘
2790,10:44:53,10.74,--,16,17184,卖盘
2791,10:44:50,10.74,-0.01,27,28998,卖盘
2792,10:44:43,10.75,--,1,1075,买盘
2793,10:44:41,10.75,0.01,10,10750,买盘
2794,10:44:35,10.74,--,39,41886,卖盘
2795,10:44:32,10.74,-0.01,26,27924,卖盘
2796,10:44:29,10.75,--,32,34400,买盘
