,time,price,change,volume,amount,type
0,15:00:00,37.94,0.01,0,0,买盘
1,14:59:59,37.93,--,20,75860,买盘
2,14:59:59,37.93,--,95,360335,买盘
3,14:59:56,37.93,--,1,3793,买盘
4,14:59:53,37.93,--,21,79653,买盘
5,14:59:50,37.93,-0.01,160,606880,卖盘
6,14:59:47,37.94,--,85,322490,买盘
7,14:59:44,37.94,--,40,151760,买盘
8,14:59:41,37.94,--,127,481838,买盘
9,14:59:38,37.94,-0.01,383,1453139,卖盘
10,14:59:35,37.95,-0.02,11,41745,卖盘
11,14:59:32,37.97,0.02,56,212632,买盘
12,14:59:29,37.95,0.01,67,254265,买盘
13,14:59:26,37.94,--,212,804328,卖盘
14,14:59:23,37.94,-0.01,74,280756,卖盘
15,14:59:20,37.95,0.01,13,49335,买盘
16,14:59:17,37.94,-0.01,16,60704,卖盘
17,14:59:14,37.95,--,14,53130,买盘
18,14:59:11,37.95,-0.01,153,580635,卖盘
19,14:59:08,37.96,0.01,13,49348,买盘
20,14:59:05,37.95,--,157,595815,卖盘
21,14:59:02,37.95,0.01,141,538852,中性盘
22,14:58:59,37.94,-0.01,175,663950,卖盘
23,14:58:56,37.95,--,142,538890,买盘
24,14:58:53,37.95,--,49,185955,买盘
25,14:58:50,37.95,0.01,11,41745,买盘
26,14:58:47,37.94,-0.01,7,26558,卖盘
27,14:58:44,37.95,0.01,169,641355,买盘
28,14:58:41,37.94,-0.01,12,45528,卖盘
29,14:58:38,37.95,0.01,79,299805,买盘
30,14:58:35,37.94,--,22,83468,卖盘
31,14:58:31,37.94,--,42,159348,卖盘
32,14:58:28,37.94,--,94,356636,卖盘
33,14:58:25,37.94,0.01,8,30352,中性盘
34,14:58:22,37.93,--,33,125169,卖盘
35,14:58:19,37.93,--,174,659982,卖盘
36,14:58:16,37.93,-0.01,32,121376,卖盘
37,14:58:13,37.94,--,10,37940,买盘
38,14:58:10,37.94,--,73,276962,买盘
39,14:58:07,37.94,--,260,986439,买盘
40,14:58:04,37.94,--,13,49322,买盘
41,14:58:01,37.94,-0.01,72,273168,卖盘
42,14:57:58,37.95,--,3,11385,卖盘
43,14:57:55,37.95,--,5,18975,买盘
44,14:57:52,37.95,0.01,3,11385,买盘
45,14:57:49,37.94,-0.01,357,1354458,中性盘
46,14:57:46,37.95,--,70,265650,买盘
47,14:57:43,37.95,--,76,288420,买盘
48,14:57:40,37.95,0.01,60,227700,买盘
49,14:57:37,37.94,-0.01,300,1138200,卖盘
50,14:57:34,37.95,-0.02,180,683934,卖盘
51,14:57:31,37.97,0.02,83,318112,买盘
52,14:57:28,37.95,--,149,565455,买盘
53,14:57:25,37.95,--,81,307395,买盘
54,14:57:22,37.95,--,92,349140,卖盘
55,14:57:19,37.95,0.01,6,22770,买盘
56,14:57:16,37.94,-0.01,149,565306,卖盘
57,14:57:13,37.95,--,2,7590,卖盘
58,14:57:10,37.95,-0.02,3,11385,卖盘
59,14:57:07,37.97,0.02,76,288572,买盘
60,14:57:04,37.95,--,6,22770,买盘
61,14:57:01,37.95,--,110,417450,买盘
62,14:56:58,37.95,--,6,22770,买盘
63,14:56:55,37.95,-0.01,220,834900,卖盘
64,14:56:52,37.96,0.01,14,53144,中性盘
65,14:56:49,37.95,-0.01,261,990495,卖盘
66,14:56:46,37.96,-0.01,18,70529,卖盘
67,14:56:43,37.97,0.01,48,183850,买盘
68,14:56:40,37.96,0.01,101,383396,买盘
69,14:56:37,37.95,-0.01,49,185955,卖盘
70,14:56:34,37.96,0.01,13,49348,买盘
71,14:56:31,37.95,--,11,41745,卖盘
72,14:56:28,37.95,-0.01,83,314985,卖盘
73,14:56:25,37.96,0.01,8,30368,买盘
74,14:56:22,37.95,--,10,37950,中性盘
75,14:56:19,37.95,--,11,41745,卖盘
76,14:56:16,37.95,-0.01,21,79695,买盘
77,14:56:13,37.96,--,32,121472,买盘
78,14:56:10,37.96,0.01,110,417560,买盘
79,14:56:07,37.95,--,42,159390,卖盘
80,14:56:04,37.95,--,128,485760,卖盘
81,14:56:01,37.95,--,6,22770,卖盘
82,14:55:58,37.95,-0.01,13,49335,卖盘
83,14:55:55,37.96,0.02,168,637728,买盘
84,14:55:52,37.94,--,14,53116,卖盘
85,14:55:49,37.94,--,31,117614,卖盘
86,14:55:46,37.94,--,21,79674,卖盘
87,14:55:43,37.94,--,21,79674,卖盘
88,14:55:40,37.94,0.01,18,68292,卖盘
89,14:55:37,37.93,-0.01,133,507465,卖盘
90,14:55:34,37.94,0.01,12,45528,买盘
91,14:55:31,37.93,-0.01,15,56895,卖盘
92,14:55:28,37.94,--,96,364224,买盘
93,14:55:25,37.94,--,75,284550,买盘
94,14:55:22,37.94,--,18,68292,买盘
95,14:55:19,37.94,--,28,106232,买盘
96,14:55:16,37.94,-0.02,157,595658,卖盘
97,14:55:13,37.96,--,28,106288,买盘
98,14:55:10,37.96,--,121,459316,买盘
99,14:55:07,37.96,--,89,337844,买盘
100,14:55:04,37.96,-0.01,9,34164,卖盘
101,14:55:01,37.97,--,207,785979,买盘
102,14:54:58,37.97,0.03,121,459437,买盘
103,14:54:55,37.94,-0.02,347,1316518,卖盘
104,14:54:52,37.96,0.01,12,45552,买盘
105,14:54:49,37.95,-0.01,7,26565,卖盘
106,14:54:46,37.96,0.01,6,22776,买盘
107,14:54:40,37.95,0.01,52,197340,中性盘
108,14:54:37,37.94,-0.02,118,447692,卖盘
109,14:54:34,37.96,0.01,14,53144,买盘
110,14:54:31,37.95,0.01,4,15180,中性盘
111,14:54:28,37.94,-0.02,221,838474,卖盘
112,14:54:25,37.96,--,71,269516,买盘
113,14:54:19,37.96,0.01,66,250536,买盘
114,14:54:16,37.95,-0.01,9,34155,卖盘
115,14:54:13,37.96,--,39,148044,卖盘
116,14:54:10,37.96,0.02,6,22776,卖盘
117,14:54:07,37.94,0.01,3,11382,中性盘
118,14:54:04,37.93,-0.02,402,1524786,卖盘
119,14:54:01,37.95,-0.01,50,189750,卖盘
120,14:53:55,37.96,-0.02,9,34164,中性盘
121,14:53:52,37.98,0.01,226,858347,买盘
122,14:53:49,37.97,--,26,98722,买盘
123,14:53:46,37.97,--,2,7594,买盘
124,14:53:43,37.97,--,20,75940,买盘
125,14:53:40,37.97,-0.02,241,915077,卖盘
126,14:53:37,37.99,--,4,15196,买盘
127,14:53:34,37.99,--,232,881368,买盘
128,14:53:31,37.99,--,194,737006,买盘
129,14:53:28,37.99,--,18,68382,买盘
130,14:53:25,37.99,--,23,87377,买盘
131,14:53:22,37.99,0.01,8,30392,买盘
132,14:53:19,37.98,-0.01,17,64565,卖盘
133,14:53:16,37.99,--,59,224141,买盘
134,14:53:10,37.99,0.02,64,243136,买盘
135,14:53:07,37.97,-0.01,23,87331,卖盘
136,14:53:04,37.98,--,18,68364,买盘
137,14:52:58,37.98,-0.02,55,208889,卖盘
138,14:52:55,38.0,--,16,60800,买盘
139,14:52:52,38.0,--,17,64600,买盘
140,14:52:49,38.0,0.02,209,794200,买盘
141,14:52:46,37.98,-0.02,35,132930,卖盘
142,14:52:43,38.0,0.02,14,53200,买盘
143,14:52:40,37.98,-0.01,186,706428,卖盘
144,14:52:37,37.99,0.01,9,34191,买盘
145,14:52:34,37.98,-0.01,40,151920,卖盘
146,14:52:31,37.99,--,20,75980,买盘
147,14:52:28,37.99,--,2,7598,买盘
148,14:52:25,37.99,--,19,72181,买盘
149,14:52:19,37.99,--,14,53186,买盘
150,14:52:16,37.99,-0.01,73,277327,卖盘
151,14:52:13,38.0,--,30,114000,买盘
152,14:52:10,38.0,--,115,437000,买盘
153,14:52:07,38.0,--,52,197600,买盘
154,14:52:04,38.0,--,49,186200,买盘
155,14:52:01,38.0,--,5,19000,买盘
156,14:51:55,38.0,--,20,76000,买盘
157,14:51:52,38.0,-0.01,33,125400,卖盘
158,14:51:49,38.01,0.01,39,148239,买盘
159,14:51:46,38.0,-0.01,58,220400,卖盘
160,14:51:43,38.01,0.01,30,114030,买盘
161,14:51:40,38.0,--,115,437000,卖盘
162,14:51:37,38.0,--,83,315400,卖盘
163,14:51:34,38.0,-0.01,41,155800,卖盘
164,14:51:31,38.01,--,1,3801,买盘
165,14:51:28,38.01,--,10,38010,买盘
166,14:51:25,38.01,--,11,41811,买盘
167,14:51:22,38.01,-0.01,87,330687,卖盘
168,14:51:19,38.02,0.01,24,91248,买盘
169,14:51:16,38.01,-0.01,46,174846,卖盘
170,14:51:13,38.02,--,62,235724,买盘
171,14:51:10,38.02,0.01,136,517072,买盘
172,14:51:07,38.01,-0.01,1,3801,卖盘
173,14:51:03,38.02,--,3,11406,买盘
174,14:51:01,38.02,--,4,15208,买盘
175,14:50:57,38.02,-0.01,28,106456,卖盘
176,14:50:54,38.03,0.01,58,220574,买盘
177,14:50:51,38.02,-0.01,58,220516,卖盘
178,14:50:48,38.03,--,18,68454,买盘
179,14:50:45,38.03,--,71,270013,买盘
180,14:50:42,38.03,--,7,26621,买盘
181,14:50:39,38.03,--,60,228180,卖盘
182,14:50:36,38.03,-0.01,26,98878,卖盘
183,14:50:33,38.04,0.01,4,15216,买盘
184,14:50:30,38.03,--,31,117893,卖盘
185,14:50:27,38.03,-0.01,6,22818,卖盘
186,14:50:24,38.04,0.01,47,178788,买盘
187,14:50:21,38.03,-0.01,4,15212,卖盘
188,14:50:18,38.04,0.01,9,34236,买盘
189,14:50:15,38.03,-0.02,57,216771,中性盘
190,14:50:12,38.05,0.03,35,133175,买盘
191,14:50:09,38.02,-0.01,54,205308,卖盘
192,14:50:06,38.03,-0.02,62,235786,卖盘
193,14:50:03,38.05,0.02,26,98929,买盘
194,14:50:00,38.03,-0.02,3,11409,卖盘
195,14:49:57,38.05,--,28,106539,买盘
196,14:49:54,38.05,--,22,83710,买盘
197,14:49:51,38.05,0.02,2,7609,买盘
198,14:49:48,38.03,-0.02,70,266210,卖盘
199,14:49:45,38.05,0.02,4,15219,中性盘
200,14:49:42,38.03,-0.02,55,209165,卖盘
201,14:49:39,38.05,0.03,10,38050,卖盘
202,14:49:36,38.02,0.01,36,136872,买盘
203,14:49:33,38.01,-0.01,154,585354,卖盘
204,14:49:30,38.02,--,59,224318,卖盘
205,14:49:27,38.02,--,15,57030,卖盘
206,14:49:21,38.02,--,3,11406,卖盘
207,14:49:18,38.02,--,46,174892,卖盘
208,14:49:15,38.02,--,45,171090,卖盘
209,14:49:12,38.02,0.02,12,45624,买盘
210,14:49:09,38.0,-0.02,141,535800,卖盘
211,14:49:06,38.02,--,24,91248,买盘
212,14:49:03,38.02,--,17,64634,买盘
213,14:49:00,38.02,--,17,64634,买盘
214,14:48:57,38.02,0.01,15,57030,买盘
215,14:48:54,38.01,-0.06,60,228060,卖盘
216,14:48:51,38.07,--,4,15228,买盘
217,14:48:48,38.07,--,2,7614,买盘
218,14:48:45,38.07,--,3,11421,买盘
219,14:48:42,38.07,0.05,10,38070,买盘
220,14:48:39,38.02,-0.02,16,60832,卖盘
221,14:48:36,38.04,-0.03,62,235848,卖盘
222,14:48:33,38.07,--,21,79947,卖盘
223,14:48:30,38.07,-0.01,12,45684,卖盘
224,14:48:27,38.08,-0.01,23,87584,卖盘
225,14:48:24,38.09,-0.02,27,102843,卖盘
226,14:48:21,38.11,--,344,1310984,买盘
227,14:48:18,38.11,--,142,541200,卖盘
228,14:48:15,38.11,--,188,716468,卖盘
229,14:48:12,38.11,-0.01,146,556406,卖盘
230,14:48:09,38.12,0.01,101,385012,买盘
231,14:48:06,38.11,-0.01,63,240093,卖盘
232,14:48:03,38.12,--,27,102924,买盘
233,14:48:00,38.12,--,11,41932,买盘
234,14:47:57,38.12,--,12,45744,买盘
235,14:47:54,38.12,--,4,15247,买盘
236,14:47:51,38.12,0.01,1,3811,买盘
237,14:47:48,38.11,-0.01,4,15244,卖盘
238,14:47:45,38.12,-0.01,3,11436,中性盘
239,14:47:42,38.13,0.02,11,41943,买盘
240,14:47:39,38.11,-0.01,96,369628,卖盘
241,14:47:36,38.12,--,161,613732,卖盘
242,14:47:33,38.12,--,63,240155,买盘
243,14:47:30,38.12,--,47,179164,买盘
244,14:47:27,38.12,--,38,144856,买盘
245,14:47:24,38.12,0.01,24,91488,卖盘
246,14:47:21,38.11,--,0,0,卖盘
247,14:47:18,38.11,-0.01,58,221038,卖盘
248,14:47:15,38.12,0.01,96,365952,买盘
249,14:47:12,38.11,-0.01,6,22866,卖盘
250,14:47:09,38.12,0.01,27,102924,买盘
251,14:47:06,38.11,-0.01,22,83842,卖盘
252,14:47:03,38.12,--,3,11436,卖盘
253,14:47:00,38.12,0.01,1,3811,买盘
254,14:46:57,38.11,-0.01,17,64787,卖盘
255,14:46:54,38.12,--,10,38120,卖盘
256,14:46:51,38.12,--,34,129607,卖盘
257,14:46:48,38.12,--,8,30495,卖盘
258,14:46:45,38.12,0.01,2,7623,中性盘
259,14:46:42,38.11,--,32,121952,卖盘
260,14:46:39,38.11,-0.01,5,19055,卖盘
261,14:46:35,38.12,--,19,72428,买盘
262,14:46:32,38.12,--,5,19060,买盘
263,14:46:29,38.12,--,1,3811,买盘
264,14:46:26,38.12,--,5,19060,买盘
265,14:46:23,38.12,-0.01,11,41932,中性盘
266,14:46:20,38.13,0.01,73,278349,买盘
267,14:46:17,38.12,-0.01,17,67739,卖盘
268,14:46:11,38.13,--,24,91512,卖盘
269,14:46:08,38.13,--,12,45756,卖盘
270,14:46:05,38.13,0.01,46,175398,买盘
271,14:46:02,38.12,-0.01,1,3811,卖盘
272,14:45:59,38.13,--,11,41943,买盘
273,14:45:56,38.13,--,52,198276,买盘
274,14:45:53,38.13,0.01,13,49569,买盘
275,14:45:50,38.12,-0.01,18,68616,卖盘
276,14:45:41,38.13,-0.01,540,2059020,卖盘
277,14:45:38,38.14,0.01,7,26698,买盘
278,14:45:35,38.13,-0.01,4,15252,卖盘
279,14:45:32,38.14,0.01,12,45768,买盘
280,14:45:29,38.13,-0.01,136,518568,卖盘
281,14:45:26,38.14,--,3,11442,卖盘
282,14:45:23,38.14,--,67,255538,卖盘
283,14:45:20,38.14,0.01,152,580605,买盘
284,14:45:17,38.13,--,4,15252,卖盘
285,14:45:14,38.13,-0.01,13,49569,卖盘
286,14:45:11,38.14,--,4,15256,买盘
287,14:45:08,38.14,--,17,64838,买盘
288,14:45:05,38.14,-0.01,37,144054,卖盘
289,14:45:02,38.15,--,16,61040,买盘
290,14:44:59,38.15,0.01,10,38150,买盘
291,14:44:56,38.14,-0.01,13,49582,卖盘
292,14:44:53,38.15,0.01,30,114450,买盘
293,14:44:50,38.14,--,13,49582,卖盘
294,14:44:47,38.14,--,7,26698,卖盘
295,14:44:44,38.14,-0.01,9,34326,卖盘
296,14:44:41,38.15,0.01,26,99190,买盘
297,14:44:38,38.14,--,31,118234,卖盘
298,14:44:35,38.14,0.01,2,8505,买盘
299,14:44:32,38.13,-0.01,4,18188,卖盘
300,14:44:29,38.14,0.01,25,96227,买盘
301,14:44:23,38.13,--,14,53382,买盘
302,14:44:20,38.13,0.02,23,87699,买盘
303,14:44:17,38.11,-0.03,139,532663,卖盘
304,14:44:14,38.14,0.01,9,34326,中性盘
305,14:44:11,38.13,--,11,41943,卖盘
306,14:44:08,38.13,--,18,69510,卖盘
307,14:44:05,38.13,-0.01,9,34317,卖盘
308,14:44:02,38.14,0.01,35,133490,买盘
309,14:43:59,38.13,0.01,36,137268,买盘
310,14:43:56,38.12,-0.01,38,144856,卖盘
311,14:43:53,38.13,-0.01,29,110577,卖盘
312,14:43:50,38.14,--,0,0,买盘
313,14:43:47,38.14,0.02,7,26698,买盘
314,14:43:44,38.12,-0.01,5,19060,卖盘
315,14:43:41,38.13,--,10,38130,买盘
316,14:43:38,38.13,--,0,0,买盘
317,14:43:35,38.13,0.01,6,22878,买盘
318,14:43:32,38.12,--,18,68616,买盘
319,14:43:29,38.12,0.02,19,72428,买盘
320,14:43:26,38.1,-0.01,59,224790,卖盘
321,14:43:23,38.11,-0.01,2,7622,卖盘
322,14:43:20,38.12,-0.01,102,388824,买盘
323,14:43:17,38.13,--,17,64821,买盘
324,14:43:14,38.13,0.01,21,80073,买盘
325,14:43:11,38.12,--,11,41932,卖盘
326,14:43:05,38.12,-0.01,24,91488,卖盘
327,14:43:02,38.13,0.01,29,110577,卖盘
328,14:42:59,38.12,--,5,19060,卖盘
329,14:42:56,38.12,-0.01,31,118171,卖盘
330,14:42:53,38.13,--,92,350796,卖盘
331,14:42:50,38.13,--,58,221154,买盘
332,14:42:47,38.13,0.01,70,266910,买盘
333,14:42:44,38.12,-0.01,15,57179,卖盘
334,14:42:41,38.13,--,10,38130,买盘
335,14:42:35,38.13,--,13,49569,买盘
336,14:42:32,38.13,-0.02,8,30504,买盘
337,14:42:29,38.15,--,24,91560,买盘
338,14:42:26,38.15,0.02,34,129710,买盘
339,14:42:23,38.13,--,9,34317,卖盘
340,14:42:20,38.13,--,18,68634,买盘
341,14:42:17,38.13,-0.02,88,335544,卖盘
342,14:42:14,38.15,--,82,312830,买盘
343,14:42:11,38.15,--,5,19075,买盘
344,14:42:08,38.15,0.02,23,87745,买盘
345,14:42:05,38.13,-0.03,68,259284,卖盘
346,14:41:59,38.16,0.01,75,286200,买盘
347,14:41:56,38.15,-0.01,12,45780,卖盘
348,14:41:53,38.16,0.01,2,7631,卖盘
349,14:41:50,38.15,-0.01,134,511210,卖盘
350,14:41:47,38.16,0.01,9,34344,中性盘
351,14:41:44,38.15,-0.01,59,225085,卖盘
352,14:41:41,38.16,-0.01,1,3815,卖盘
353,14:41:38,38.17,--,30,114510,买盘
354,14:41:35,38.17,0.01,6,22902,买盘
355,14:41:32,38.16,-0.01,12,45791,卖盘
356,14:41:29,38.17,--,14,53438,买盘
357,14:41:26,38.17,0.01,38,145046,买盘
358,14:41:23,38.16,0.01,1,3815,卖盘
359,14:41:20,38.15,-0.02,97,371848,卖盘
360,14:41:17,38.17,-0.01,201,767217,卖盘
361,14:41:14,38.18,--,2,7636,买盘
362,14:41:08,38.18,--,35,133630,买盘
363,14:41:02,38.18,--,24,91632,买盘
364,14:40:59,38.18,--,28,106904,买盘
365,14:40:56,38.18,0.01,18,68724,买盘
366,14:40:53,38.17,-0.01,6,22902,卖盘
367,14:40:50,38.18,0.01,61,232898,买盘
368,14:40:47,38.17,--,64,244288,卖盘
369,14:40:44,38.17,--,25,97448,买盘
370,14:40:41,38.17,0.01,3,11451,买盘
371,14:40:38,38.16,--,21,80136,卖盘
372,14:40:35,38.16,-0.01,240,915839,卖盘
373,14:40:31,38.17,0.02,47,179399,买盘
374,14:40:28,38.15,--,89,339535,卖盘
375,14:40:25,38.15,-0.01,17,64855,卖盘
376,14:40:22,38.16,--,1,3815,买盘
377,14:40:19,38.16,--,25,95399,买盘
378,14:40:16,38.16,--,51,194615,卖盘
379,14:40:13,38.16,--,38,145008,卖盘
380,14:40:10,38.16,-0.02,116,444449,卖盘
381,14:40:07,38.18,--,29,112745,买盘
382,14:40:04,38.18,--,11,41998,买盘
383,14:40:01,38.18,--,85,324530,买盘
384,14:39:58,38.18,0.01,17,64906,买盘
385,14:39:55,38.17,--,8,30536,卖盘
386,14:39:52,38.17,--,4,15268,卖盘
387,14:39:49,38.17,--,29,110693,卖盘
388,14:39:46,38.17,0.01,523,1996291,买盘
389,14:39:43,38.16,--,36,137376,买盘
390,14:39:40,38.16,0.01,146,557136,买盘
391,14:39:37,38.15,-0.01,9,34335,卖盘
392,14:39:34,38.16,0.01,2,7631,买盘
393,14:39:31,38.15,--,119,453985,买盘
394,14:39:28,38.15,--,10,38150,买盘
395,14:39:25,38.15,0.01,50,190750,买盘
396,14:39:22,38.14,0.01,62,236468,买盘
397,14:39:19,38.13,-0.02,169,644397,卖盘
398,14:39:16,38.15,0.02,248,946120,买盘
399,14:39:13,38.13,-0.02,12,45756,卖盘
400,14:39:10,38.15,0.01,51,194565,买盘
401,14:39:07,38.14,0.01,36,137304,买盘
402,14:39:04,38.13,-0.01,16,61008,卖盘
403,14:39:01,38.14,--,28,106792,买盘
404,14:38:58,38.14,0.01,18,68652,买盘
405,14:38:55,38.13,-0.01,4,15252,卖盘
406,14:38:52,38.14,0.01,6,22884,买盘
407,14:38:49,38.13,--,9,34317,卖盘
408,14:38:46,38.13,--,8,30504,卖盘
409,14:38:43,38.13,-0.02,45,171585,卖盘
410,14:38:40,38.15,--,27,103005,买盘
411,14:38:37,38.15,0.03,5,19075,买盘
412,14:38:34,38.12,--,25,95300,卖盘
413,14:38:31,38.12,--,1,3811,卖盘
414,14:38:28,38.12,0.01,51,194412,买盘
415,14:38:25,38.11,--,22,83842,卖盘
416,14:38:22,38.11,--,5,19055,卖盘
417,14:38:19,38.11,0.01,8,30488,买盘
418,14:38:16,38.1,0.03,394,1501140,买盘
419,14:38:13,38.07,-0.01,19,72333,卖盘
420,14:38:10,38.08,0.01,93,354144,买盘
421,14:38:07,38.07,--,5,19035,买盘
422,14:38:04,38.07,0.02,17,64719,买盘
423,14:38:01,38.05,-0.02,23,87515,卖盘
424,14:37:58,38.07,0.03,4,15228,买盘
425,14:37:55,38.04,--,25,95100,卖盘
426,14:37:52,38.04,--,2,7608,卖盘
427,14:37:49,38.04,--,150,570600,卖盘
428,14:37:46,38.04,0.01,50,190200,买盘
429,14:37:43,38.03,0.01,42,159726,买盘
430,14:37:40,38.02,--,2,7604,卖盘
431,14:37:37,38.02,-0.01,12,45624,卖盘
432,14:37:34,38.03,0.02,35,133105,买盘
433,14:37:31,38.01,-0.01,28,106428,卖盘
434,14:37:28,38.02,0.01,78,296556,买盘
435,14:37:25,38.01,--,17,64617,卖盘
436,14:37:22,38.01,--,87,333233,买盘
437,14:37:19,38.01,--,15,57015,买盘
438,14:37:16,38.01,--,18,68418,买盘
439,14:37:13,38.01,0.01,5,19005,买盘
440,14:37:10,38.0,-0.01,70,266000,卖盘
441,14:37:07,38.01,--,55,209055,卖盘
442,14:37:04,38.01,--,2,7602,卖盘
443,14:37:01,38.01,--,6,22806,买盘
444,14:36:58,38.01,--,115,437115,卖盘
445,14:36:55,38.01,--,110,418110,买盘
446,14:36:52,38.01,--,49,186249,买盘
447,14:36:49,38.01,--,4,15204,买盘
448,14:36:46,38.01,--,85,323085,卖盘
449,14:36:43,38.01,--,41,155841,卖盘
450,14:36:40,38.01,--,7,29267,卖盘
451,14:36:37,38.01,-0.01,163,619563,卖盘
452,14:36:34,38.02,-0.01,12,45624,卖盘
453,14:36:31,38.03,0.01,40,153907,买盘
454,14:36:28,38.02,-0.01,69,264353,卖盘
455,14:36:25,38.03,--,17,64651,卖盘
456,14:36:22,38.03,-0.01,41,155923,卖盘
457,14:36:19,38.04,0.01,3,11412,买盘
458,14:36:16,38.03,-0.01,69,262407,卖盘
459,14:36:13,38.04,-0.01,11,41844,卖盘
460,14:36:10,38.05,0.01,16,60879,买盘
461,14:36:07,38.04,-0.03,37,140748,卖盘
462,14:36:04,38.07,--,2,7614,买盘
463,14:36:01,38.07,--,22,83754,买盘
464,14:35:58,38.07,--,5,19035,买盘
465,14:35:55,38.07,--,25,95175,买盘
466,14:35:52,38.07,-0.01,30,114210,卖盘
467,14:35:49,38.08,0.01,21,79968,买盘
468,14:35:46,38.07,-0.02,29,110403,卖盘
469,14:35:43,38.09,0.06,10,38090,买盘
470,14:35:40,38.03,--,0,0,卖盘
471,14:35:37,38.03,-0.07,35,133105,卖盘
472,14:35:34,38.1,0.07,4,15240,买盘
473,14:35:31,38.03,-0.07,174,661722,卖盘
474,14:35:28,38.1,--,26,99060,买盘
475,14:35:25,38.1,--,13,49530,买盘
476,14:35:22,38.1,--,0,0,买盘
477,14:35:19,38.1,-0.02,92,350520,卖盘
478,14:35:16,38.12,--,0,0,买盘
479,14:35:13,38.12,--,54,205848,买盘
480,14:35:10,38.12,0.04,4,15247,买盘
481,14:35:07,38.08,-0.04,101,384608,卖盘
482,14:35:04,38.12,-0.02,25,95300,卖盘
483,14:35:01,38.14,--,2,7628,买盘
484,14:34:58,38.14,0.01,1,3814,买盘
485,14:34:55,38.13,-0.03,5,19065,中性盘
486,14:34:52,38.16,0.04,15,57239,买盘
487,14:34:49,38.12,-0.03,9,34308,卖盘
488,14:34:43,38.15,--,4,15260,卖盘
489,14:34:40,38.15,-0.01,17,64855,中性盘
490,14:34:37,38.16,--,3,11447,买盘
491,14:34:34,38.16,0.02,182,694511,买盘
492,14:34:31,38.14,--,8,30512,买盘
493,14:34:28,38.14,-0.04,513,1956582,卖盘
494,14:34:25,38.18,0.02,60,229080,买盘
495,14:34:22,38.16,-0.01,15,57239,卖盘
496,14:34:19,38.17,-0.01,35,136610,卖盘
497,14:34:16,38.18,--,73,278714,买盘
498,14:34:13,38.18,--,8,30544,买盘
499,14:34:10,38.18,--,1,3818,买盘
500,14:34:07,38.18,--,9,34362,买盘
501,14:34:04,38.18,-0.01,31,119197,卖盘
502,14:34:01,38.19,0.01,16,61104,买盘
503,14:33:58,38.18,--,62,236716,卖盘
504,14:33:55,38.18,--,93,355074,卖盘
505,14:33:52,38.18,--,34,129812,卖盘
506,14:33:49,38.18,--,68,262602,卖盘
507,14:33:46,38.18,--,62,236716,卖盘
508,14:33:43,38.18,--,59,225262,买盘
509,14:33:40,38.18,--,4,15272,卖盘
510,14:33:37,38.18,0.01,34,129812,中性盘
511,14:33:34,38.17,-0.01,10,38170,卖盘
512,14:33:31,38.18,0.01,40,153521,买盘
513,14:33:28,38.17,--,34,129778,卖盘
514,14:33:25,38.17,-0.01,15,57255,卖盘
515,14:33:22,38.18,--,10,38180,买盘
516,14:33:19,38.18,-0.01,432,1652392,卖盘
517,14:33:16,38.19,--,21,80199,买盘
518,14:33:13,38.19,-0.01,4,15276,买盘
519,14:33:10,38.2,0.01,13,49660,买盘
520,14:33:07,38.19,0.01,79,301701,买盘
521,14:33:04,38.18,-0.02,63,240534,卖盘
522,14:33:01,38.2,--,2,7640,买盘
523,14:32:58,38.2,--,77,297921,买盘
524,14:32:54,38.2,0.01,42,160440,买盘
525,14:32:51,38.19,--,6,22914,卖盘
526,14:32:48,38.19,-0.01,9,34371,卖盘
527,14:32:45,38.2,0.01,54,206280,买盘
528,14:32:42,38.19,-0.01,8,30552,卖盘
529,14:32:39,38.2,--,57,217740,买盘
530,14:32:36,38.2,--,50,191000,卖盘
531,14:32:33,38.2,--,18,68760,卖盘
532,14:32:30,38.2,-0.01,24,91680,卖盘
533,14:32:27,38.21,--,10,38210,买盘
534,14:32:24,38.21,--,66,252186,卖盘
535,14:32:21,38.21,0.02,13,49673,买盘
536,14:32:18,38.19,-0.02,86,328434,卖盘
537,14:32:15,38.21,--,40,152840,买盘
538,14:32:12,38.21,--,18,68778,买盘
539,14:32:09,38.21,0.02,28,106988,买盘
540,14:32:06,38.19,-0.01,46,175674,卖盘
541,14:32:03,38.2,0.01,5,19100,买盘
542,14:32:00,38.19,-0.01,213,813447,卖盘
543,14:31:57,38.2,0.01,34,129880,买盘
544,14:31:54,38.19,-0.01,3,11457,卖盘
545,14:31:51,38.2,0.01,44,170372,买盘
546,14:31:48,38.19,--,104,397176,卖盘
547,14:31:45,38.19,--,117,446823,卖盘
548,14:31:42,38.19,--,66,252053,卖盘
549,14:31:39,38.19,--,46,175674,卖盘
550,14:31:36,38.19,--,9,34371,卖盘
551,14:31:33,38.19,-0.01,84,320796,卖盘
552,14:31:30,38.2,0.02,66,252120,买盘
553,14:31:27,38.18,--,19,72542,卖盘
554,14:31:24,38.18,-0.01,10,38180,卖盘
555,14:31:21,38.19,--,61,232959,买盘
556,14:31:18,38.19,--,13,49647,买盘
557,14:31:15,38.19,--,17,64922,买盘
558,14:31:12,38.19,-0.01,14,53466,卖盘
559,14:31:09,38.2,--,46,175720,买盘
560,14:31:06,38.2,-0.01,243,928260,卖盘
561,14:31:03,38.21,-0.01,3,11463,中性盘
562,14:31:00,38.22,0.02,83,317226,买盘
563,14:30:57,38.2,0.01,194,741080,买盘
564,14:30:54,38.19,-0.01,1,3819,卖盘
565,14:30:51,38.2,--,0,0,买盘
566,14:30:48,38.2,--,16,61120,买盘
567,14:30:45,38.2,0.02,86,328520,买盘
568,14:30:42,38.18,-0.01,7,26726,卖盘
569,14:30:39,38.19,0.01,1,3819,买盘
570,14:30:33,38.18,--,67,258173,买盘
571,14:30:30,38.18,--,9,34362,买盘
572,14:30:27,38.18,--,12,45816,买盘
573,14:30:24,38.18,--,3,11454,买盘
574,14:30:21,38.18,--,9,34362,买盘
575,14:30:18,38.18,--,7,26726,买盘
576,14:30:15,38.18,-0.02,32,123626,卖盘
577,14:30:12,38.2,0.02,11,44312,买盘
578,14:30:09,38.18,--,8,30544,卖盘
579,14:30:06,38.18,-0.02,29,110722,卖盘
580,14:30:03,38.2,--,31,118420,买盘
581,14:30:00,38.2,0.01,8,30560,买盘
582,14:29:57,38.19,0.01,20,76380,卖盘
583,14:29:54,38.18,-0.02,6,26038,卖盘
584,14:29:51,38.2,--,0,0,买盘
585,14:29:48,38.2,0.02,92,351440,买盘
586,14:29:45,38.18,-0.02,14,53452,卖盘
587,14:29:42,38.2,--,11,42020,买盘
588,14:29:39,38.2,--,13,49660,买盘
589,14:29:36,38.2,--,9,34380,买盘
590,14:29:33,38.2,--,31,118420,买盘
591,14:29:30,38.2,--,80,305600,卖盘
592,14:29:27,38.2,-0.01,24,91680,卖盘
593,14:29:24,38.21,--,28,106988,买盘
594,14:29:21,38.21,--,3,11463,买盘
595,14:29:18,38.21,0.02,8,30568,买盘
596,14:29:15,38.19,-0.03,6,22914,卖盘
597,14:29:12,38.22,--,33,126126,买盘
598,14:29:09,38.22,0.04,4,15288,买盘
599,14:29:06,38.18,-0.06,211,805598,卖盘
600,14:29:03,38.24,0.03,215,822924,买盘
601,14:29:00,38.21,-0.02,35,133735,卖盘
602,14:28:57,38.23,0.02,20,76460,买盘
603,14:28:54,38.21,-0.02,70,267470,卖盘
604,14:28:51,38.23,--,65,248494,买盘
605,14:28:48,38.23,--,26,99397,卖盘
606,14:28:45,38.23,0.03,66,252317,买盘
607,14:28:42,38.2,--,12,45840,卖盘
608,14:28:39,38.2,-0.02,100,382000,卖盘
609,14:28:36,38.22,0.02,43,164346,买盘
610,14:28:33,38.2,0.01,81,309420,买盘
611,14:28:30,38.19,0.01,80,305520,买盘
612,14:28:26,38.18,--,68,259624,买盘
613,14:28:23,38.18,--,41,156538,买盘
614,14:28:20,38.18,--,26,99268,买盘
615,14:28:17,38.18,0.02,49,187082,买盘
616,14:28:14,38.16,--,6,22895,卖盘
617,14:28:11,38.16,--,52,198431,买盘
618,14:28:08,38.16,0.02,28,106847,买盘
619,14:28:05,38.14,--,111,423354,卖盘
620,14:28:02,38.14,--,54,205956,中性盘
621,14:27:59,38.14,0.01,47,179258,买盘
622,14:27:56,38.13,-0.02,34,129642,卖盘
623,14:27:53,38.15,0.02,24,91560,买盘
624,14:27:50,38.13,-0.01,37,141081,卖盘
625,14:27:47,38.14,-0.02,62,236468,卖盘
626,14:27:44,38.16,0.02,84,320544,买盘
627,14:27:41,38.14,-0.01,66,251724,卖盘
628,14:27:38,38.15,--,33,125895,卖盘
629,14:27:35,38.15,--,16,61040,卖盘
630,14:27:32,38.15,0.01,43,164045,买盘
631,14:27:29,38.14,0.01,10,38140,中性盘
632,14:27:26,38.13,-0.04,50,190650,卖盘
633,14:27:23,38.17,--,0,0,买盘
634,14:27:20,38.17,0.04,13,49621,买盘
635,14:27:17,38.13,0.02,4,15252,买盘
636,14:27:14,38.11,-0.06,128,487808,卖盘
637,14:27:11,38.17,0.01,15,57255,买盘
638,14:27:08,38.16,--,103,393047,卖盘
639,14:27:05,38.16,--,75,286200,卖盘
640,14:27:02,38.16,-0.03,59,225143,卖盘
641,14:26:59,38.19,0.03,2,7638,买盘
642,14:26:56,38.16,0.01,32,122111,中性盘
643,14:26:53,38.15,--,21,80115,卖盘
644,14:26:50,38.15,-0.02,5,19075,卖盘
645,14:26:47,38.17,-0.03,81,309177,卖盘
646,14:26:44,38.2,0.04,36,137520,买盘
647,14:26:41,38.16,-0.01,321,1224936,卖盘
648,14:26:38,38.17,-0.03,22,83974,卖盘
649,14:26:35,38.2,0.02,5,19100,买盘
650,14:26:32,38.18,-0.02,1,3818,卖盘
651,14:26:29,38.2,-0.02,8,30560,卖盘
652,14:26:26,38.22,-0.01,0,458,卖盘
653,14:26:23,38.23,--,9,34407,买盘
654,14:26:20,38.23,-0.01,35,137169,卖盘
655,14:26:17,38.24,-0.01,21,80342,卖盘
656,14:26:14,38.25,--,80,306000,买盘
657,14:26:11,38.25,--,82,313650,卖盘
658,14:26:08,38.25,-0.01,145,554625,卖盘
659,14:26:05,38.26,--,119,455294,买盘
660,14:26:02,38.26,--,12,45912,买盘
661,14:25:59,38.26,-0.02,30,114780,买盘
662,14:25:56,38.28,--,309,1182852,买盘
663,14:25:53,38.28,--,54,206712,买盘
664,14:25:50,38.28,--,7,26796,买盘
665,14:25:47,38.28,0.03,134,512952,买盘
666,14:25:44,38.25,-0.01,184,703800,卖盘
667,14:25:41,38.26,-0.01,22,84172,卖盘
668,14:25:38,38.27,-0.01,92,352084,卖盘
669,14:25:35,38.28,0.02,11,42108,买盘
670,14:25:32,38.26,-0.03,13,49738,卖盘
671,14:25:29,38.29,0.03,179,685391,买盘
672,14:25:26,38.26,-0.01,7,26782,卖盘
673,14:25:23,38.27,0.02,95,363565,买盘
674,14:25:20,38.25,-0.04,160,612000,卖盘
675,14:25:17,38.29,0.03,949,3633721,买盘
676,14:25:14,38.26,--,211,811073,买盘
677,14:25:11,38.26,0.01,31,118606,买盘
678,14:25:08,38.25,--,40,153000,卖盘
679,14:25:05,38.25,-0.01,56,214200,卖盘
680,14:25:02,38.26,--,41,156866,买盘
681,14:24:59,38.26,--,15,57390,买盘
682,14:24:56,38.26,--,85,325210,卖盘
683,14:24:53,38.26,--,20,76520,买盘
684,14:24:50,38.26,0.01,81,309906,买盘
685,14:24:47,38.25,-0.01,7,26775,中性盘
686,14:24:44,38.26,--,162,619812,买盘
687,14:24:41,38.26,0.02,359,1373534,买盘
688,14:24:38,38.24,-0.02,9,34416,卖盘
689,14:24:35,38.26,0.02,85,325210,买盘
690,14:24:32,38.24,-0.03,36,137664,中性盘
691,14:24:29,38.27,0.02,139,531953,买盘
692,14:24:26,38.25,--,38,145350,卖盘
693,14:24:23,38.25,--,5,19125,卖盘
694,14:24:20,38.25,0.01,8,30600,买盘
695,14:24:17,38.24,--,7,26768,卖盘
696,14:24:14,38.24,-0.03,41,156784,卖盘
697,14:24:11,38.27,0.04,234,895518,买盘
698,14:24:08,38.23,-0.02,605,2312915,中性盘
699,14:24:05,38.25,0.03,55,210375,买盘
700,14:24:02,38.22,-0.01,153,584766,卖盘
701,14:23:59,38.23,0.01,72,275256,买盘
702,14:23:56,38.22,0.02,263,1008587,买盘
703,14:23:53,38.2,0.05,8,30560,买盘
704,14:23:50,38.15,-0.06,10,38150,卖盘
705,14:23:47,38.21,0.06,586,2239106,买盘
706,14:23:44,38.15,--,0,0,中性盘
707,14:23:41,38.15,0.01,3,11445,买盘
708,14:23:38,38.14,--,513,1956582,买盘
709,14:23:35,38.14,0.02,4,15256,买盘
710,14:23:32,38.12,-0.02,2,7623,卖盘
711,14:23:29,38.14,-0.02,3,11442,买盘
712,14:23:26,38.16,0.04,520,1984319,买盘
713,14:23:23,38.12,-0.03,75,285900,卖盘
714,14:23:20,38.15,-0.01,2,7630,卖盘
715,14:23:17,38.16,--,52,198431,买盘
716,14:23:14,38.16,0.01,55,209879,买盘
717,14:23:11,38.15,--,7,26705,买盘
718,14:23:08,38.15,-0.01,36,137340,卖盘
719,14:23:05,38.16,--,101,385415,买盘
720,14:23:02,38.16,--,5,19080,买盘
721,14:22:59,38.16,0.01,3,11447,买盘
722,14:22:53,38.15,-0.01,24,91560,卖盘
723,14:22:50,38.16,0.01,36,137376,买盘
724,14:22:47,38.15,0.01,52,198380,买盘
725,14:22:44,38.14,0.01,3,11442,买盘
726,14:22:41,38.13,--,23,87699,卖盘
727,14:22:38,38.13,-0.01,64,244032,卖盘
728,14:22:35,38.14,0.01,4,15256,买盘
729,14:22:32,38.13,-0.01,4,15252,卖盘
730,14:22:29,38.14,-0.01,11,41954,卖盘
731,14:22:26,38.15,0.01,11,41965,买盘
732,14:22:23,38.14,--,0,0,中性盘
733,14:22:20,38.14,-0.01,16,61024,卖盘
734,14:22:17,38.15,0.01,5,19075,买盘
735,14:22:14,38.14,--,5,19070,卖盘
736,14:22:11,38.14,-0.01,8,30512,卖盘
737,14:22:08,38.15,--,25,95375,卖盘
738,14:22:05,38.15,0.01,21,80115,买盘
739,14:22:02,38.14,--,1,3814,卖盘
740,14:21:59,38.14,--,5,19070,卖盘
741,14:21:56,38.14,-0.02,2,7628,卖盘
742,14:21:53,38.16,--,1,3815,买盘
743,14:21:50,38.16,0.01,27,103031,买盘
744,14:21:46,38.15,-0.01,2,7630,买盘
745,14:21:43,38.16,0.03,89,339623,买盘
746,14:21:40,38.13,-0.02,11,41943,卖盘
747,14:21:37,38.15,--,25,95375,卖盘
748,14:21:34,38.15,--,40,152600,卖盘
749,14:21:31,38.15,0.01,49,186935,买盘
750,14:21:28,38.14,-0.01,46,175444,卖盘
751,14:21:25,38.15,0.02,3,11445,买盘
752,14:21:22,38.13,--,0,0,卖盘
753,14:21:19,38.13,-0.03,43,163959,卖盘
754,14:21:16,38.16,0.01,20,76320,买盘
755,14:21:13,38.15,--,10,38150,买盘
756,14:21:10,38.15,--,5,19075,卖盘
757,14:21:07,38.15,--,16,61040,卖盘
758,14:21:04,38.15,--,4,15260,卖盘
759,14:21:01,38.15,-0.01,61,232715,卖盘
760,14:20:58,38.16,--,53,202247,买盘
761,14:20:55,38.16,0.01,16,61055,买盘
762,14:20:52,38.15,-0.01,24,91560,卖盘
763,14:20:49,38.16,-0.01,20,76320,卖盘
764,14:20:46,38.17,--,118,450406,买盘
765,14:20:43,38.17,--,42,160314,买盘
766,14:20:37,38.17,0.01,21,80157,买盘
767,14:20:34,38.16,--,64,244223,卖盘
768,14:20:31,38.16,-0.01,127,484631,卖盘
769,14:20:28,38.17,0.01,18,68706,中性盘
770,14:20:22,38.16,-0.01,122,465551,卖盘
771,14:20:19,38.17,--,18,68706,买盘
772,14:20:16,38.17,-0.01,38,145046,卖盘
773,14:20:13,38.18,--,146,557428,买盘
774,14:20:10,38.18,--,16,61088,买盘
775,14:20:07,38.18,--,19,72542,卖盘
776,14:20:04,38.18,-0.01,12,45816,卖盘
777,14:20:01,38.19,--,28,106932,买盘
778,14:19:55,38.19,0.01,26,99294,买盘
779,14:19:52,38.18,0.01,21,80178,买盘
780,14:19:49,38.17,-0.01,14,53438,卖盘
781,14:19:46,38.18,0.01,137,523066,买盘
782,14:19:40,38.17,--,7,26719,卖盘
783,14:19:37,38.17,-0.01,15,57255,卖盘
784,14:19:34,38.18,0.01,22,83996,买盘
785,14:19:31,38.17,--,102,389334,卖盘
786,14:19:28,38.17,--,62,236654,卖盘
787,14:19:25,38.17,--,2,7634,卖盘
788,14:19:22,38.17,0.02,4,15268,中性盘
789,14:19:19,38.15,-0.02,202,770630,卖盘
790,14:19:16,38.17,0.01,8,30536,买盘
791,14:19:13,38.16,-0.02,148,564768,卖盘
792,14:19:10,38.18,0.02,411,1569198,买盘
793,14:19:07,38.16,--,12,45791,卖盘
794,14:19:04,38.16,--,36,137376,买盘
795,14:19:01,38.16,--,13,49607,买盘
796,14:18:58,38.16,--,62,236591,卖盘
797,14:18:55,38.16,--,17,64871,卖盘
798,14:18:52,38.16,0.03,2,7631,中性盘
799,14:18:49,38.13,-0.03,148,564324,卖盘
800,14:18:46,38.16,0.01,72,274752,买盘
801,14:18:43,38.15,0.01,17,64855,买盘
802,14:18:40,38.14,-0.01,4,15256,卖盘
803,14:18:37,38.15,--,3,11445,买盘
804,14:18:34,38.15,--,13,49595,卖盘
805,14:18:31,38.15,0.02,7,26705,卖盘
806,14:18:28,38.13,-0.01,128,488064,卖盘
807,14:18:22,38.14,-0.01,6,22884,卖盘
808,14:18:16,38.15,--,17,64855,买盘
809,14:18:13,38.15,--,30,114450,买盘
810,14:18:10,38.15,-0.01,6,22890,卖盘
811,14:18:07,38.16,0.01,15,57239,中性盘
812,14:18:04,38.15,0.01,26,99190,中性盘
813,14:18:01,38.14,-0.03,31,118234,卖盘
814,14:17:58,38.17,0.01,18,68706,买盘
815,14:17:55,38.16,--,15,57239,卖盘
816,14:17:52,38.16,--,2,7631,卖盘
817,14:17:49,38.16,--,15,57239,卖盘
818,14:17:46,38.16,-0.01,8,30527,卖盘
819,14:17:43,38.17,0.02,87,332079,买盘
820,14:17:40,38.15,--,0,0,买盘
821,14:17:37,38.15,-0.02,198,755370,卖盘
822,14:17:34,38.17,--,32,122144,买盘
823,14:17:31,38.17,--,2,7634,买盘
824,14:17:28,38.17,--,54,206118,买盘
825,14:17:22,38.17,--,11,41987,卖盘
826,14:17:19,38.17,-0.02,3,11451,卖盘
827,14:17:16,38.19,--,13,49647,买盘
828,14:17:13,38.19,0.01,41,156579,买盘
829,14:17:10,38.18,--,0,0,卖盘
830,14:17:07,38.18,-0.01,127,484886,卖盘
831,14:17:04,38.19,--,42,160398,卖盘
832,14:17:01,38.19,-0.01,7,26733,卖盘
833,14:16:58,38.2,0.01,65,248300,买盘
834,14:16:55,38.19,-0.01,6,22914,卖盘
835,14:16:52,38.2,0.01,40,152800,买盘
836,14:16:49,38.19,-0.01,189,721791,卖盘
837,14:16:46,38.2,0.01,14,53480,买盘
838,14:16:43,38.19,0.01,16,61104,买盘
839,14:16:40,38.18,--,3,11454,买盘
840,14:16:37,38.18,0.01,3,11454,买盘
841,14:16:34,38.17,--,1,3817,卖盘
842,14:16:31,38.17,-0.01,4,15268,卖盘
843,14:16:28,38.18,0.01,1,3818,中性盘
844,14:16:25,38.17,0.02,224,855008,买盘
845,14:16:22,38.15,-0.02,64,244160,卖盘
846,14:16:19,38.17,--,7,26719,买盘
847,14:16:16,38.17,0.02,112,427504,买盘
848,14:16:13,38.15,--,3,11445,卖盘
849,14:16:10,38.15,--,4,15260,卖盘
850,14:16:07,38.15,-0.01,1,3815,卖盘
851,14:16:04,38.16,0.01,2,7631,买盘
852,14:16:01,38.15,0.02,124,473060,买盘
853,14:15:58,38.13,--,93,354609,买盘
854,14:15:55,38.13,0.01,17,64821,买盘
855,14:15:52,38.12,-0.01,26,99112,卖盘
856,14:15:49,38.13,--,4,15252,买盘
857,14:15:46,38.13,--,2,7626,买盘
858,14:15:43,38.13,0.02,27,102951,买盘
859,14:15:40,38.11,--,10,38110,卖盘
860,14:15:37,38.11,--,29,110519,买盘
861,14:15:34,38.11,--,3,11433,买盘
862,14:15:31,38.11,0.01,123,468753,买盘
863,14:15:28,38.1,--,68,259080,卖盘
864,14:15:25,38.1,--,34,129540,卖盘
865,14:15:22,38.1,--,1,3810,卖盘
866,14:15:19,38.1,0.01,189,720090,买盘
867,14:15:16,38.09,0.01,20,76180,买盘
868,14:15:13,38.08,--,39,148512,卖盘
869,14:15:10,38.08,--,61,232288,卖盘
870,14:15:07,38.08,--,16,60928,买盘
871,14:15:04,38.08,--,23,87584,买盘
872,14:15:01,38.08,0.02,23,89107,买盘
873,14:14:58,38.06,-0.02,17,64702,中性盘
874,14:14:55,38.08,0.03,9,34272,买盘
875,14:14:52,38.05,--,129,490844,卖盘
876,14:14:49,38.05,-0.02,15,57074,卖盘
877,14:14:46,38.07,0.02,90,342630,买盘
878,14:14:43,38.05,--,28,106539,买盘
879,14:14:40,38.05,--,41,156005,买盘
880,14:14:37,38.05,--,5,19025,买盘
881,14:14:31,38.05,--,15,57074,买盘
882,14:14:28,38.05,--,60,228299,买盘
883,14:14:24,38.05,-0.02,125,475624,卖盘
884,14:14:21,38.07,-0.01,38,144666,卖盘
885,14:14:18,38.08,-0.01,61,232288,买盘
886,14:14:15,38.09,--,12,45708,买盘
887,14:14:12,38.09,--,172,655148,买盘
888,14:14:09,38.09,--,3,11427,买盘
889,14:14:06,38.09,--,3,11427,买盘
890,14:14:03,38.09,--,70,266630,卖盘
891,14:14:00,38.09,--,35,133315,卖盘
892,14:13:57,38.09,-0.01,74,281866,卖盘
893,14:13:54,38.1,0.01,6,22860,买盘
894,14:13:51,38.09,--,1,3809,卖盘
895,14:13:48,38.09,--,4,15236,卖盘
896,14:13:45,38.09,0.01,12,45708,买盘
897,14:13:42,38.08,-0.02,8,30464,买盘
898,14:13:39,38.1,0.02,39,148590,买盘
899,14:13:36,38.08,--,15,57120,买盘
900,14:13:33,38.08,--,39,148512,卖盘
901,14:13:30,38.08,--,14,53312,卖盘
902,14:13:27,38.08,--,2,7616,卖盘
903,14:13:24,38.08,-0.02,15,57120,卖盘
904,14:13:18,38.1,--,18,68580,买盘
905,14:13:15,38.1,-0.01,32,121920,卖盘
906,14:13:12,38.11,0.01,138,525918,买盘
907,14:13:09,38.1,-0.01,37,140970,卖盘
908,14:13:06,38.11,--,65,247715,卖盘
909,14:13:03,38.11,--,0,0,卖盘
910,14:13:00,38.11,-0.01,61,232471,卖盘
911,14:12:57,38.12,-0.01,17,64803,卖盘
912,14:12:54,38.13,--,25,95325,买盘
913,14:12:51,38.13,--,45,171585,卖盘
914,14:12:48,38.13,-0.01,106,404178,卖盘
915,14:12:45,38.14,-0.01,9,34326,卖盘
916,14:12:42,38.15,--,21,80115,买盘
917,14:12:39,38.15,--,10,38150,买盘
918,14:12:36,38.15,0.02,26,99190,买盘
919,14:12:33,38.13,0.01,1,3813,中性盘
920,14:12:30,38.12,-0.03,10,38120,卖盘
921,14:12:27,38.15,0.01,5,19075,买盘
922,14:12:24,38.14,--,27,102978,卖盘
923,14:12:21,38.14,-0.01,10,38140,卖盘
924,14:12:18,38.15,-0.01,1,3815,买盘
925,14:12:15,38.16,0.01,34,129743,买盘
926,14:12:12,38.15,-0.01,60,228900,卖盘
927,14:12:09,38.16,--,1,3815,买盘
928,14:12:06,38.16,--,6,22895,卖盘
929,14:12:03,38.16,-0.01,3,11447,卖盘
930,14:11:57,38.17,--,2,7634,买盘
931,14:11:54,38.17,0.02,164,625988,买盘
932,14:11:51,38.15,-0.02,166,633290,卖盘
933,14:11:48,38.17,-0.01,11,41987,中性盘
934,14:11:45,38.18,--,101,385618,买盘
935,14:11:42,38.18,0.01,18,68724,买盘
936,14:11:39,38.17,--,38,145046,卖盘
937,14:11:36,38.17,--,22,83974,买盘
938,14:11:33,38.17,0.02,21,80157,买盘
939,14:11:30,38.15,-0.01,6,22890,卖盘
940,14:11:27,38.16,-0.01,10,38160,卖盘
941,14:11:24,38.17,0.02,24,91608,买盘
942,14:11:21,38.15,-0.02,79,301385,卖盘
943,14:11:18,38.17,--,3,11451,买盘
944,14:11:15,38.17,--,2,7634,买盘
945,14:11:12,38.17,0.02,13,49621,买盘
946,14:11:09,38.15,--,1,3815,卖盘
947,14:11:06,38.15,-0.03,44,167860,卖盘
948,14:11:03,38.18,--,34,129812,卖盘
949,14:11:00,38.18,-0.01,11,41998,卖盘
950,14:10:57,38.19,0.01,10,38190,买盘
951,14:10:54,38.18,--,12,45816,卖盘
952,14:10:51,38.18,-0.02,7,26726,卖盘
953,14:10:48,38.2,--,12,45840,买盘
954,14:10:45,38.2,0.01,85,324700,买盘
955,14:10:41,38.19,--,3,11457,中性盘
956,14:10:39,38.19,-0.02,152,580488,卖盘
957,14:10:36,38.21,0.01,18,68778,买盘
958,14:10:33,38.2,-0.01,109,416380,卖盘
959,14:10:30,38.21,0.01,3,11463,买盘
960,14:10:27,38.2,--,67,255940,卖盘
961,14:10:24,38.2,-0.01,21,80220,卖盘
962,14:10:21,38.21,--,31,118451,买盘
963,14:10:18,38.21,--,48,183408,买盘
964,14:10:12,38.21,--,31,118451,买盘
965,14:10:09,38.21,--,89,340069,卖盘
966,14:10:06,38.21,-0.01,37,141377,卖盘
967,14:10:03,38.22,0.01,19,72618,买盘
968,14:10:00,38.21,--,14,53494,卖盘
969,14:09:57,38.21,--,128,489088,卖盘
970,14:09:54,38.21,--,0,0,卖盘
971,14:09:51,38.21,-0.02,21,80241,卖盘
972,14:09:48,38.23,--,7,26760,买盘
973,14:09:45,38.23,--,85,324955,买盘
974,14:09:41,38.23,0.02,1,3822,买盘
975,14:09:38,38.21,--,4,15284,卖盘
976,14:09:35,38.21,-0.03,3,11463,中性盘
977,14:09:32,38.24,0.04,44,168256,买盘
978,14:09:29,38.2,--,100,382000,卖盘
979,14:09:26,38.2,-0.05,6,22920,卖盘
980,14:09:23,38.25,0.02,60,229500,买盘
981,14:09:20,38.23,-0.02,22,84106,买盘
982,14:09:17,38.25,--,5,19125,买盘
983,14:09:14,38.25,--,387,1480275,买盘
984,14:09:10,38.25,--,250,956250,卖盘
985,14:09:08,38.25,--,35,133875,卖盘
986,14:09:05,38.25,--,238,910350,卖盘
987,14:09:02,38.25,--,486,1858950,卖盘
988,14:08:59,38.25,-0.01,195,745875,卖盘
989,14:08:56,38.26,0.01,35,133910,买盘
990,14:08:53,38.25,--,15,57375,卖盘
991,14:08:50,38.25,-0.01,1,3825,卖盘
992,14:08:47,38.26,0.01,16,61216,买盘
993,14:08:44,38.25,--,24,91800,卖盘
994,14:08:41,38.25,0.01,85,325125,买盘
995,14:08:38,38.24,--,143,546832,买盘
996,14:08:35,38.24,-0.02,34,130016,中性盘
997,14:08:32,38.26,0.01,32,122432,买盘
998,14:08:29,38.25,0.01,234,895050,买盘
999,14:08:26,38.24,--,16,61184,卖盘
1000,14:08:23,38.24,-0.01,7,26768,卖盘
1001,14:08:19,38.25,0.01,36,137700,买盘
1002,14:08:17,38.24,0.04,9,34416,买盘
1003,14:08:14,38.2,-0.01,194,741080,卖盘
1004,14:08:11,38.21,-0.04,35,133735,卖盘
1005,14:08:08,38.25,0.04,47,179775,买盘
1006,14:08:05,38.21,--,176,672496,卖盘
1007,14:08:02,38.21,-0.04,21,80241,卖盘
1008,14:07:59,38.25,--,0,0,买盘
1009,14:07:56,38.25,0.04,11,42075,买盘
1010,14:07:53,38.21,-0.04,125,477625,卖盘
1011,14:07:50,38.25,0.04,2,7650,买盘
1012,14:07:47,38.21,-0.05,7,26747,卖盘
1013,14:07:44,38.26,0.03,94,359644,买盘
1014,14:07:41,38.23,-0.02,43,164389,卖盘
1015,14:07:38,38.25,0.04,2,7650,买盘
1016,14:07:35,38.21,--,0,0,卖盘
1017,14:07:32,38.21,-0.01,106,405026,卖盘
1018,14:07:28,38.22,-0.04,53,202566,卖盘
1019,14:07:26,38.26,--,6,22956,卖盘
1020,14:07:23,38.26,--,33,126258,卖盘
1021,14:07:19,38.26,0.06,254,971804,买盘
1022,14:07:16,38.2,-0.06,39,148980,卖盘
1023,14:07:14,38.26,--,7,26782,买盘
1024,14:07:10,38.26,0.05,1,3826,买盘
1025,14:07:08,38.21,-0.06,8,30568,卖盘
1026,14:07:05,38.27,-0.01,36,137772,中性盘
1027,14:07:02,38.28,0.02,178,681384,买盘
1028,14:06:59,38.26,0.05,385,1475496,买盘
1029,14:06:56,38.21,-0.04,71,271291,买盘
1030,14:06:53,38.25,0.04,362,1384650,买盘
1031,14:06:50,38.21,-0.02,12,45852,买盘
1032,14:06:46,38.23,0.02,350,1338050,买盘
1033,14:06:44,38.21,0.03,77,294217,买盘
1034,14:06:41,38.18,--,8,30544,卖盘
1035,14:06:38,38.18,--,8,30925,买盘
1036,14:06:35,38.18,-0.02,2,11072,卖盘
1037,14:06:32,38.2,--,12,46222,买盘
1038,14:06:29,38.2,0.02,504,1925280,买盘
1039,14:06:26,38.18,--,28,106904,买盘
1040,14:06:23,38.18,--,7,26726,买盘
1041,14:06:20,38.18,0.01,40,152720,买盘
1042,14:06:11,38.17,0.02,1,3817,买盘
1043,14:06:08,38.15,-0.02,50,190750,卖盘
1044,14:06:04,38.17,0.02,1,3817,中性盘
1045,14:06:02,38.15,-0.02,63,240345,卖盘
1046,14:05:59,38.17,0.02,219,835923,买盘
1047,14:05:56,38.15,0.01,10,38150,买盘
1048,14:05:53,38.14,--,1,3814,卖盘
1049,14:05:50,38.14,-0.02,6,22884,卖盘
1050,14:05:47,38.16,0.01,86,328175,买盘
1051,14:05:44,38.15,--,7,26705,买盘
1052,14:05:41,38.15,--,1,3815,买盘
1053,14:05:35,38.15,--,15,57225,买盘
1054,14:05:32,38.15,-0.01,26,99190,买盘
1055,14:05:29,38.16,0.01,25,95399,买盘
1056,14:05:26,38.15,--,10,38150,卖盘
1057,14:05:23,38.15,-0.01,9,34335,卖盘
1058,14:05:20,38.16,--,1,3815,买盘
1059,14:05:17,38.16,--,6,22895,买盘
1060,14:05:14,38.16,--,17,64871,卖盘
1061,14:05:11,38.16,--,1,3815,卖盘
1062,14:05:08,38.16,0.01,47,179351,买盘
1063,14:05:05,38.15,0.01,4,15260,买盘
1064,14:05:02,38.14,0.03,1,3814,卖盘
1065,14:04:59,38.11,-0.04,43,163873,卖盘
1066,14:04:56,38.15,--,6,22890,卖盘
1067,14:04:53,38.15,--,2,7630,卖盘
1068,14:04:50,38.15,--,8,32999,卖盘
1069,14:04:47,38.15,--,1,3815,卖盘
1070,14:04:44,38.15,0.03,48,183120,买盘
1071,14:04:41,38.12,-0.02,9,34308,卖盘
1072,14:04:34,38.14,--,0,0,中性盘
1073,14:04:31,38.14,--,4,15256,买盘
1074,14:04:29,38.14,--,1,3814,买盘
1075,14:04:26,38.14,0.04,46,175444,买盘
1076,14:04:22,38.1,-0.05,89,339090,卖盘
1077,14:04:20,38.15,--,4,15260,买盘
1078,14:04:17,38.15,--,11,41965,买盘
1079,14:04:11,38.15,0.01,1,3815,买盘
1080,14:04:08,38.14,--,21,80094,卖盘
1081,14:04:05,38.14,--,1,3814,卖盘
1082,14:04:02,38.14,--,4,15256,卖盘
1083,14:03:59,38.14,0.02,25,95350,买盘
1084,14:03:56,38.12,0.02,13,49556,买盘
1085,14:03:53,38.1,--,100,381000,卖盘
1086,14:03:50,38.1,-0.02,61,232410,卖盘
1087,14:03:46,38.12,0.02,72,274464,买盘
1088,14:03:44,38.1,--,93,354330,买盘
1089,14:03:41,38.1,--,36,137160,买盘
1090,14:03:38,38.1,--,5,19050,买盘
1091,14:03:35,38.1,--,15,57150,买盘
1092,14:03:29,38.1,-0.04,61,232410,卖盘
1093,14:03:26,38.14,--,3,11442,买盘
1094,14:03:23,38.14,--,4,15256,买盘
1095,14:03:20,38.14,-0.03,9,34326,买盘
1096,14:03:17,38.17,--,0,0,买盘
1097,14:03:13,38.17,0.07,54,206118,买盘
1098,14:03:11,38.1,-0.04,13,49530,卖盘
1099,14:03:08,38.14,0.04,25,95350,买盘
1100,14:03:04,38.1,--,12,45720,卖盘
1101,14:03:02,38.1,-0.06,4,15240,卖盘
1102,14:02:59,38.16,0.06,9,34344,买盘
1103,14:02:55,38.1,-0.06,33,125730,卖盘
1104,14:02:52,38.16,0.02,22,83951,买盘
1105,14:02:50,38.14,--,3,11442,卖盘
1106,14:02:47,38.14,-0.04,20,76280,卖盘
1107,14:02:44,38.18,0.03,99,377982,买盘
1108,14:02:41,38.15,-0.03,25,95375,卖盘
1109,14:02:38,38.18,--,10,38180,买盘
1110,14:02:35,38.18,--,38,145084,买盘
1111,14:02:31,38.18,--,49,187082,卖盘
1112,14:02:29,38.18,-0.02,34,129812,卖盘
1113,14:02:26,38.2,0.01,21,80220,买盘
1114,14:02:23,38.19,--,9,34371,买盘
1115,14:02:20,38.19,--,442,1687998,买盘
1116,14:02:17,38.19,0.01,2,7638,卖盘
1117,14:02:14,38.18,-0.01,3,11454,卖盘
1118,14:02:11,38.19,--,18,68742,卖盘
1119,14:02:08,38.19,-0.01,1,3819,卖盘
1120,14:02:05,38.2,--,13,49660,买盘
1121,14:02:02,38.2,--,19,75636,卖盘
1122,14:01:59,38.2,--,2,7640,卖盘
1123,14:01:56,38.2,--,11,42020,卖盘
1124,14:01:53,38.2,--,10,38200,卖盘
1125,14:01:46,38.2,-0.03,60,229200,卖盘
1126,14:01:43,38.23,0.01,86,328778,买盘
1127,14:01:40,38.22,--,1,3822,买盘
1128,14:01:37,38.22,0.02,6,22932,买盘
1129,14:01:34,38.2,-0.01,8,30560,卖盘
1130,14:01:31,38.21,-0.01,10,38210,买盘
1131,14:01:28,38.22,0.01,21,80262,买盘
1132,14:01:25,38.21,-0.01,201,768021,卖盘
1133,14:01:22,38.22,-0.01,20,76440,卖盘
1134,14:01:19,38.23,0.02,23,87929,买盘
1135,14:01:16,38.21,-0.02,32,122272,卖盘
1136,14:01:13,38.23,--,15,57344,卖盘
1137,14:01:10,38.23,--,2,7645,卖盘
1138,14:01:07,38.23,--,17,64990,卖盘
1139,14:01:04,38.23,--,9,34407,卖盘
1140,14:01:01,38.23,0.01,49,187326,买盘
1141,14:00:58,38.22,0.01,14,53508,买盘
1142,14:00:55,38.21,-0.01,33,126093,卖盘
1143,14:00:52,38.22,--,12,45864,买盘
1144,14:00:49,38.22,0.01,15,57330,买盘
1145,14:00:46,38.21,-0.03,19,72599,卖盘
1146,14:00:43,38.24,0.01,88,336512,买盘
1147,14:00:40,38.23,0.01,1,3822,买盘
1148,14:00:37,38.22,--,9,34398,卖盘
1149,14:00:34,38.22,-0.02,56,214032,卖盘
1150,14:00:25,38.24,0.01,57,217968,买盘
1151,14:00:22,38.23,0.01,4,15291,买盘
1152,14:00:19,38.22,-0.01,35,133770,卖盘
1153,14:00:16,38.23,0.01,78,298194,买盘
1154,14:00:13,38.22,--,37,141414,卖盘
1155,14:00:07,38.22,--,7,26754,卖盘
1156,14:00:04,38.22,--,6,22932,卖盘
1157,14:00:01,38.22,0.01,83,317226,买盘
1158,13:59:58,38.21,--,74,282754,卖盘
1159,13:59:55,38.21,--,11,42031,卖盘
1160,13:59:52,38.21,--,15,58079,卖盘
1161,13:59:49,38.21,--,80,305680,卖盘
1162,13:59:46,38.21,0.01,16,61136,买盘
1163,13:59:43,38.2,0.01,11,42020,中性盘
1164,13:59:40,38.19,-0.03,94,358986,卖盘
1165,13:59:37,38.22,0.02,213,814086,买盘
1166,13:59:34,38.2,--,27,103140,卖盘
1167,13:59:31,38.2,-0.01,10,38200,卖盘
1168,13:59:28,38.21,0.01,13,49673,买盘
1169,13:59:25,38.2,--,50,191000,卖盘
1170,13:59:22,38.2,-0.02,9,34380,卖盘
1171,13:59:19,38.22,0.01,20,76440,买盘
1172,13:59:16,38.21,0.01,46,175766,买盘
1173,13:59:13,38.2,-0.03,62,236840,卖盘
1174,13:59:10,38.23,0.03,110,420529,买盘
1175,13:59:07,38.2,-0.02,212,809840,卖盘
1176,13:59:04,38.22,--,53,202566,买盘
1177,13:59:01,38.22,--,50,191100,买盘
1178,13:58:58,38.22,-0.01,31,118482,卖盘
1179,13:58:55,38.23,0.01,10,38230,中性盘
1180,13:58:52,38.22,--,65,248430,卖盘
1181,13:58:49,38.22,--,348,1330056,卖盘
1182,13:58:46,38.22,-0.01,147,561834,卖盘
1183,13:58:43,38.23,0.01,126,481697,买盘
1184,13:58:40,38.22,-0.01,5,19110,卖盘
1185,13:58:37,38.23,--,5,19115,买盘
1186,13:58:34,38.23,0.01,19,72637,买盘
1187,13:58:31,38.22,-0.02,30,114660,卖盘
1188,13:58:28,38.24,0.01,39,149136,买盘
1189,13:58:25,38.23,--,60,229379,卖盘
1190,13:58:22,38.23,-0.01,20,76460,卖盘
1191,13:58:19,38.24,--,22,84128,买盘
1192,13:58:16,38.24,--,114,435936,买盘
1193,13:58:13,38.24,--,58,221792,买盘
1194,13:58:10,38.24,--,0,0,买盘
1195,13:58:07,38.24,--,0,0,买盘
1196,13:58:04,38.24,--,13,49712,买盘
1197,13:58:01,38.24,--,9,34416,买盘
1198,13:57:58,38.24,-0.01,2,7648,中性盘
1199,13:57:55,38.25,0.01,20,76500,买盘
1200,13:57:52,38.24,-0.01,5,19120,卖盘
1201,13:57:49,38.25,0.02,210,803250,买盘
1202,13:57:46,38.23,0.03,24,91751,买盘
1203,13:57:43,38.2,-0.04,46,175720,卖盘
1204,13:57:40,38.24,0.01,108,412992,买盘
1205,13:57:37,38.23,--,12,45875,卖盘
1206,13:57:34,38.23,0.01,149,569627,买盘
1207,13:57:31,38.22,-0.01,6,22932,中性盘
1208,13:57:28,38.23,0.01,295,1127785,买盘
1209,13:57:25,38.22,--,84,321048,卖盘
1210,13:57:22,38.22,0.02,185,707070,买盘
1211,13:57:19,38.2,0.01,36,137520,买盘
1212,13:57:16,38.19,-0.01,378,1443582,卖盘
1213,13:57:13,38.2,--,13,49660,买盘
1214,13:57:10,38.2,--,157,599740,卖盘
1215,13:57:07,38.2,--,72,275040,卖盘
1216,13:57:03,38.2,0.01,16,61120,买盘
1217,13:57:01,38.19,--,27,103113,卖盘
1218,13:56:58,38.19,0.01,26,99294,卖盘
1219,13:56:52,38.18,--,0,0,卖盘
1220,13:56:49,38.18,--,43,164174,卖盘
1221,13:56:46,38.18,-0.02,1,3818,卖盘
1222,13:56:43,38.2,0.01,94,359080,买盘
1223,13:56:40,38.19,0.01,34,129845,买盘
1224,13:56:37,38.18,0.01,84,320712,买盘
1225,13:56:34,38.17,-0.05,107,408419,卖盘
1226,13:56:31,38.22,0.05,955,3650010,买盘
1227,13:56:28,38.17,--,1,3817,卖盘
1228,13:56:25,38.17,--,9,34353,卖盘
1229,13:56:19,38.17,-0.02,17,64889,卖盘
1230,13:56:15,38.19,0.01,35,133665,买盘
1231,13:56:13,38.18,-0.01,51,194718,卖盘
1232,13:56:10,38.19,0.01,69,263511,买盘
1233,13:56:07,38.18,-0.01,3,11454,买盘
1234,13:56:04,38.19,0.01,31,118389,买盘
1235,13:56:01,38.18,-0.01,35,133630,卖盘
1236,13:55:58,38.19,--,27,103113,买盘
1237,13:55:55,38.19,--,13,49647,买盘
1238,13:55:52,38.19,--,12,45828,买盘
1239,13:55:49,38.19,--,7,26733,买盘
1240,13:55:46,38.19,-0.02,15,57285,卖盘
1241,13:55:43,38.21,0.01,104,397384,买盘
1242,13:55:40,38.2,--,4,15280,买盘
1243,13:55:37,38.2,--,59,225380,卖盘
1244,13:55:33,38.2,--,79,301780,卖盘
1245,13:55:31,38.2,0.02,516,1971120,买盘
1246,13:55:28,38.18,--,185,706330,买盘
1247,13:55:25,38.18,0.01,68,259624,买盘
1248,13:55:22,38.17,--,57,217569,买盘
1249,13:55:19,38.17,--,3,11451,买盘
1250,13:55:16,38.17,-0.01,23,87791,中性盘
1251,13:55:13,38.18,0.02,42,160356,买盘
1252,13:55:10,38.16,--,10,38160,买盘
1253,13:55:07,38.16,-0.02,27,103031,中性盘
1254,13:55:03,38.18,0.03,199,759782,买盘
1255,13:55:00,38.15,--,11,41965,买盘
1256,13:54:57,38.15,0.01,40,152600,买盘
1257,13:54:54,38.14,-0.01,9,34326,卖盘
1258,13:54:51,38.15,0.02,72,274680,买盘
1259,13:54:48,38.13,--,43,163959,卖盘
1260,13:54:45,38.13,0.04,17,67032,买盘
1261,13:54:42,38.09,0.01,1,4761,中性盘
1262,13:54:39,38.08,-0.02,14,53312,卖盘
1263,13:54:36,38.1,0.03,16,60960,中性盘
1264,13:54:33,38.07,--,358,1362906,卖盘
1265,13:54:30,38.07,-0.02,19,72333,卖盘
1266,13:54:27,38.09,0.02,92,350428,买盘
1267,13:54:24,38.07,--,4,15228,卖盘
1268,13:54:21,38.07,0.01,211,803277,买盘
1269,13:54:18,38.06,0.01,144,548064,买盘
1270,13:54:15,38.05,--,35,133175,买盘
1271,13:54:12,38.05,-0.02,27,102734,中性盘
1272,13:54:09,38.07,0.01,327,1244889,买盘
1273,13:54:06,38.06,0.01,22,83732,买盘
1274,13:54:00,38.05,-0.01,6,22830,卖盘
1275,13:53:57,38.06,0.01,7,26642,买盘
1276,13:53:54,38.05,0.02,294,1118670,买盘
1277,13:53:51,38.03,--,160,608480,卖盘
1278,13:53:48,38.03,-0.01,1,3803,卖盘
1279,13:53:45,38.04,0.01,27,102708,买盘
1280,13:53:42,38.03,--,1,3803,卖盘
1281,13:53:39,38.03,0.01,56,214755,买盘
1282,13:53:36,38.02,-0.01,10,38020,卖盘
1283,13:53:33,38.03,--,6,22818,买盘
1284,13:53:30,38.03,0.01,167,635101,买盘
1285,13:53:27,38.02,--,3,11406,买盘
1286,13:53:24,38.02,0.01,100,380200,买盘
1287,13:53:21,38.01,-0.01,49,188263,卖盘
1288,13:53:15,38.02,--,29,110258,买盘
1289,13:53:12,38.02,--,9,34218,买盘
1290,13:53:09,38.02,--,49,186298,买盘
1291,13:53:06,38.02,-0.01,30,114060,卖盘
1292,13:52:57,38.03,-0.01,2,7606,买盘
1293,13:52:54,38.04,0.01,55,209220,买盘
1294,13:52:51,38.03,--,28,106484,卖盘
1295,13:52:48,38.03,0.01,4,15212,中性盘
1296,13:52:45,38.02,-0.01,41,155882,卖盘
1297,13:52:42,38.03,0.01,75,285225,买盘
1298,13:52:36,38.02,--,67,254734,买盘
1299,13:52:33,38.02,0.01,17,64634,买盘
1300,13:52:30,38.01,-0.02,10,38010,卖盘
1301,13:52:27,38.03,0.01,61,231983,买盘
1302,13:52:24,38.02,--,4,15208,卖盘
1303,13:52:21,38.02,0.01,51,193902,买盘
1304,13:52:18,38.01,--,2,7602,卖盘
1305,13:52:15,38.01,--,3,11403,卖盘
1306,13:52:12,38.01,0.03,292,1111678,买盘
1307,13:52:09,37.98,-0.02,38,144324,卖盘
1308,13:52:06,38.0,0.01,14,53200,买盘
1309,13:52:03,37.99,0.01,113,429287,买盘
1310,13:51:57,37.98,--,12,45575,卖盘
1311,13:51:51,37.98,-0.01,11,41778,卖盘
1312,13:51:45,37.99,-0.01,3,11397,中性盘
1313,13:51:42,38.0,0.03,85,323000,买盘
1314,13:51:39,37.97,--,0,0,卖盘
1315,13:51:33,37.97,-0.04,5,21718,卖盘
1316,13:51:30,38.01,0.01,173,658637,买盘
1317,13:51:27,38.0,-0.01,1,3800,卖盘
1318,13:51:24,38.01,--,82,311682,买盘
1319,13:51:21,38.01,0.02,5,19005,买盘
1320,13:51:18,37.99,--,0,0,卖盘
1321,13:51:15,37.99,-0.02,2,7598,卖盘
1322,13:51:12,38.01,--,0,2622,卖盘
1323,13:51:09,38.01,0.01,17,65795,买盘
1324,13:51:05,38.0,-0.03,90,344622,卖盘
1325,13:51:03,38.03,--,6,22818,买盘
1326,13:51:00,38.03,0.02,6,22818,买盘
1327,13:50:57,38.01,--,14,53214,卖盘
1328,13:50:54,38.01,-0.02,6,22806,卖盘
1329,13:50:48,38.03,--,11,41833,卖盘
1330,13:50:45,38.03,-0.02,3,11409,买盘
1331,13:50:42,38.05,0.01,132,502259,买盘
1332,13:50:39,38.04,0.01,21,79884,买盘
1333,13:50:32,38.03,0.01,14,53242,买盘
1334,13:50:30,38.02,-0.01,25,95050,卖盘
1335,13:50:27,38.03,--,2,7606,中性盘
1336,13:50:24,38.03,--,31,117893,买盘
1337,13:50:19,38.03,0.02,19,72257,买盘
1338,13:50:17,38.01,-0.02,3,11403,卖盘
1339,13:50:14,38.03,--,10,38030,买盘
1340,13:50:10,38.03,--,7,26621,买盘
1341,13:50:07,38.03,-0.01,91,346073,卖盘
1342,13:50:05,38.04,--,14,53256,买盘
1343,13:50:02,38.04,--,18,68472,买盘
1344,13:49:58,38.04,-0.01,8,30432,卖盘
1345,13:49:56,38.05,--,3,11415,买盘
1346,13:49:53,38.05,--,52,197859,卖盘
1347,13:49:46,38.05,--,11,41855,卖盘
1348,13:49:43,38.05,--,1,3804,卖盘
1349,13:49:41,38.05,0.01,20,76100,买盘
1350,13:49:37,38.04,0.02,11,41844,买盘
1351,13:49:35,38.02,-0.01,10,38020,卖盘
1352,13:49:31,38.03,--,1,3803,卖盘
1353,13:49:29,38.03,-0.03,21,79863,卖盘
1354,13:49:26,38.06,--,40,152240,卖盘
1355,13:49:23,38.06,0.04,39,148434,买盘
1356,13:49:20,38.02,-0.01,108,410616,卖盘
1357,13:49:17,38.03,-0.05,61,231983,卖盘
1358,13:49:13,38.08,--,0,0,买盘
1359,13:49:10,38.08,0.04,18,68544,买盘
1360,13:49:07,38.04,-0.02,46,174984,卖盘
1361,13:49:05,38.06,--,8,30448,卖盘
1362,13:49:02,38.06,0.02,35,133210,买盘
1363,13:48:58,38.04,0.01,89,340610,买盘
1364,13:48:53,38.03,-0.01,19,72257,卖盘
1365,13:48:49,38.04,--,5,19020,买盘
1366,13:48:46,38.04,-0.02,83,317481,卖盘
1367,13:48:41,38.06,0.02,48,182688,买盘
1368,13:48:37,38.04,--,75,285300,卖盘
1369,13:48:34,38.04,--,9,34236,卖盘
1370,13:48:31,38.04,0.01,58,222686,买盘
1371,13:48:29,38.03,--,6,22818,卖盘
1372,13:48:23,38.03,-0.01,3,11409,卖盘
1373,13:48:19,38.04,0.01,16,60864,买盘
1374,13:48:16,38.03,0.01,36,136908,买盘
1375,13:48:11,38.02,--,0,0,卖盘
1376,13:48:07,38.02,-0.01,84,319368,卖盘
1377,13:48:05,38.03,--,2,7606,卖盘
1378,13:48:02,38.03,--,8,30424,买盘
1379,13:47:58,38.03,0.01,23,87469,买盘
1380,13:47:56,38.02,--,51,193902,买盘
1381,13:47:53,38.02,0.01,5,19010,买盘
1382,13:47:49,38.01,-0.01,29,110229,卖盘
1383,13:47:46,38.02,--,131,498062,卖盘
1384,13:47:43,38.02,-0.01,5,19010,中性盘
1385,13:47:40,38.03,0.01,84,319452,买盘
1386,13:47:38,38.02,0.01,8,30416,买盘
1387,13:47:35,38.01,-0.01,12,45612,卖盘
1388,13:47:31,38.02,--,11,41822,买盘
1389,13:47:25,38.02,0.01,3,11406,买盘
1390,13:47:23,38.01,--,34,129234,卖盘
1391,13:47:19,38.01,-0.01,21,79821,卖盘
1392,13:47:16,38.02,0.01,11,41822,中性盘
1393,13:47:13,38.01,--,2,7602,卖盘
1394,13:47:10,38.01,0.01,69,262269,买盘
1395,13:47:07,38.0,-0.01,9,34200,卖盘
1396,13:47:05,38.01,-0.02,17,64617,卖盘
1397,13:47:02,38.03,--,3,11409,买盘
1398,13:46:58,38.03,0.02,62,235786,买盘
1399,13:46:55,38.01,--,33,125433,卖盘
1400,13:46:53,38.01,--,123,467523,卖盘
1401,13:46:49,38.01,--,8,30408,卖盘
1402,13:46:47,38.01,0.03,85,324263,买盘
1403,13:46:43,37.98,-0.03,4,15191,卖盘
1404,13:46:41,38.01,0.03,85,323085,买盘
1405,13:46:37,37.98,-0.02,28,109116,卖盘
1406,13:46:34,38.0,0.02,35,133000,买盘
1407,13:46:31,37.98,-0.02,1,3797,卖盘
1408,13:46:28,38.0,--,25,95000,买盘
1409,13:46:25,38.0,--,15,57000,买盘
1410,13:46:19,38.0,--,6,22800,买盘
1411,13:46:16,38.0,--,35,133000,买盘
1412,13:46:13,38.0,--,60,228000,卖盘
1413,13:46:10,38.0,-0.01,210,798000,卖盘
1414,13:46:07,38.01,-0.01,15,57015,卖盘
1415,13:46:05,38.02,--,112,425824,买盘
1416,13:46:01,38.02,--,169,642538,买盘
1417,13:45:58,38.02,0.02,14,53228,买盘
1418,13:45:55,38.0,--,125,475000,卖盘
1419,13:45:52,38.0,-0.02,41,157510,卖盘
1420,13:45:49,38.02,0.02,1,3802,买盘
1421,13:45:46,38.0,-0.03,69,262200,卖盘
1422,13:45:44,38.03,--,0,0,买盘
1423,13:45:40,38.03,--,84,319452,买盘
1424,13:45:37,38.03,0.01,45,171135,买盘
1425,13:45:34,38.02,0.02,5,19010,买盘
1426,13:45:31,38.0,-0.01,58,222490,卖盘
1427,13:45:22,38.01,0.01,21,79821,买盘
1428,13:45:16,38.0,0.01,44,167200,买盘
1429,13:45:14,37.99,--,5,18995,买盘
1430,13:45:10,37.99,0.01,339,1287861,买盘
1431,13:45:07,37.98,--,12,45575,卖盘
1432,13:45:04,37.98,--,62,235475,卖盘
1433,13:45:01,37.98,--,7,26585,卖盘
1434,13:44:58,37.98,-0.02,13,49373,卖盘
1435,13:44:55,38.0,0.01,22,83600,买盘
1436,13:44:52,37.99,--,0,0,买盘
1437,13:44:49,37.99,-0.01,3,11397,买盘
1438,13:44:43,38.0,--,0,0,买盘
1439,13:44:40,38.0,--,84,319200,买盘
1440,13:44:37,38.0,--,3,11400,买盘
1441,13:44:34,38.0,--,12,45600,买盘
1442,13:44:31,38.0,--,0,0,买盘
1443,13:44:28,38.0,--,44,167200,买盘
1444,13:44:25,38.0,0.01,28,106742,买盘
1445,13:44:22,37.99,-0.01,39,151618,卖盘
1446,13:44:19,38.0,-0.01,61,231800,卖盘
1447,13:44:16,38.01,0.01,3,11403,买盘
1448,13:44:13,38.0,--,12,45600,卖盘
1449,13:44:10,38.0,--,67,254600,买盘
1450,13:44:07,38.0,0.02,39,148542,买盘
1451,13:44:04,37.98,-0.01,1,3797,卖盘
1452,13:44:01,37.99,--,0,0,买盘
1453,13:43:58,37.99,--,5,22452,卖盘
1454,13:43:55,37.99,--,12,45929,卖盘
1455,13:43:52,37.99,0.04,32,121568,买盘
1456,13:43:49,37.95,--,0,0,卖盘
1457,13:43:46,37.95,-0.01,39,148005,卖盘
1458,13:43:40,37.96,--,12,45552,买盘
1459,13:43:37,37.96,0.01,2,7592,买盘
1460,13:43:34,37.95,-0.01,6,22770,卖盘
1461,13:43:31,37.96,0.01,8,30368,买盘
1462,13:43:26,37.95,--,8,30360,卖盘
1463,13:43:22,37.95,0.01,16,62845,买盘
1464,13:43:16,37.94,-0.06,55,210339,卖盘
1465,13:43:13,38.0,0.03,200,760000,买盘
1466,13:43:10,37.97,0.01,13,49361,买盘
1467,13:43:04,37.96,0.02,9,34164,买盘
1468,13:43:01,37.94,-0.01,50,189700,卖盘
1469,13:42:58,37.95,--,0,0,卖盘
1470,13:42:55,37.95,--,0,0,卖盘
1471,13:42:52,37.95,-0.01,87,330165,卖盘
1472,13:42:49,37.96,--,3,11388,卖盘
1473,13:42:46,37.96,-0.01,3,11388,买盘
1474,13:42:43,37.97,0.02,1,3797,买盘
1475,13:42:40,37.95,--,0,0,卖盘
1476,13:42:37,37.95,-0.02,24,91080,卖盘
1477,13:42:34,37.97,0.01,25,94925,买盘
1478,13:42:31,37.96,0.02,2,7592,买盘
1479,13:42:25,37.94,--,0,0,卖盘
1480,13:42:22,37.94,-0.03,57,216258,卖盘
1481,13:42:19,37.97,0.02,129,489813,买盘
1482,13:42:16,37.95,-0.01,65,246675,卖盘
1483,13:42:13,37.96,--,5,21105,买盘
1484,13:42:10,37.96,0.01,50,189800,买盘
1485,13:42:07,37.95,-0.01,63,239085,卖盘
1486,13:42:04,37.96,--,8,30368,买盘
1487,13:42:01,37.96,--,31,120712,卖盘
1488,13:41:55,37.96,--,4,15184,卖盘
1489,13:41:52,37.96,-0.01,60,227760,卖盘
1490,13:41:49,37.97,0.01,27,102519,买盘
1491,13:41:46,37.96,-0.01,11,41756,卖盘
1492,13:41:40,37.97,0.01,89,337933,买盘
1493,13:41:37,37.96,--,0,0,卖盘
1494,13:41:34,37.96,-0.02,80,303680,卖盘
1495,13:41:31,37.98,-0.01,3,11393,买盘
1496,13:41:22,37.99,0.03,12,45588,买盘
1497,13:41:19,37.96,-0.01,16,61495,卖盘
1498,13:41:16,37.97,--,1,3797,买盘
1499,13:41:13,37.97,-0.02,34,129098,卖盘
1500,13:41:10,37.99,0.02,9,34191,中性盘
1501,13:41:07,37.97,-0.03,12,45564,卖盘
1502,13:41:04,38.0,--,3,11400,买盘
1503,13:41:01,38.0,--,0,0,买盘
1504,13:40:58,38.0,--,6,22800,买盘
1505,13:40:52,38.0,0.04,6,22800,买盘
1506,13:40:49,37.96,-0.04,76,288496,卖盘
1507,13:40:46,38.0,-0.02,17,64600,买盘
1508,13:40:43,38.02,-0.02,13,49426,买盘
1509,13:40:40,38.04,0.04,162,617769,买盘
1510,13:40:37,38.0,--,1,3800,卖盘
1511,13:40:34,38.0,--,5,21280,买盘
1512,13:40:31,38.0,0.01,9,34200,买盘
1513,13:40:28,37.99,0.01,21,79779,买盘
1514,13:40:25,37.98,--,3,11393,卖盘
1515,13:40:22,37.98,--,0,0,卖盘
1516,13:40:19,37.98,-0.05,63,240793,卖盘
1517,13:40:16,38.03,--,6,22818,买盘
1518,13:40:13,38.03,0.02,2,7606,买盘
1519,13:40:10,38.01,0.01,10,38010,卖盘
1520,13:40:07,38.0,--,113,429400,卖盘
1521,13:40:04,38.0,--,113,429400,卖盘
1522,13:39:58,38.0,--,5,19000,卖盘
1523,13:39:55,38.0,--,13,51680,卖盘
1524,13:39:52,38.0,--,27,102600,买盘
1525,13:39:49,38.0,--,10,38000,买盘
1526,13:39:46,38.0,0.02,149,566200,买盘
1527,13:39:43,37.98,--,6,22787,卖盘
1528,13:39:40,37.98,--,136,516527,卖盘
1529,13:39:37,37.98,--,13,49373,卖盘
1530,13:39:34,37.98,--,1,3797,卖盘
1531,13:39:31,37.98,--,3,11393,卖盘
1532,13:39:25,37.98,0.01,4,15191,买盘
1533,13:39:22,37.97,0.01,74,280978,中性盘
1534,13:39:19,37.96,-0.01,22,83512,卖盘
1535,13:39:16,37.97,0.01,4,15188,买盘
1536,13:39:13,37.96,-0.01,8,30368,卖盘
1537,13:39:10,37.97,0.01,3,11391,中性盘
1538,13:39:07,37.96,--,25,94900,买盘
1539,13:39:04,37.96,0.01,102,387192,买盘
1540,13:39:01,37.95,--,35,132825,卖盘
1541,13:38:55,37.95,0.01,37,140415,中性盘
1542,13:38:52,37.94,-0.05,17,64497,卖盘
1543,13:38:49,37.99,--,15,56985,买盘
1544,13:38:46,37.99,0.04,37,140563,买盘
1545,13:38:43,37.95,-0.03,60,227700,卖盘
1546,13:38:40,37.98,0.02,75,284850,买盘
1547,13:38:37,37.96,--,10,37960,卖盘
1548,13:38:34,37.96,--,0,0,卖盘
1549,13:38:31,37.96,--,32,121472,买盘
1550,13:38:28,37.96,-0.01,18,68328,卖盘
1551,13:38:25,37.97,-0.01,13,49361,卖盘
1552,13:38:22,37.98,0.04,4,15191,买盘
1553,13:38:16,37.94,-0.03,53,201082,卖盘
1554,13:38:13,37.97,--,0,0,中性盘
1555,13:38:10,37.97,0.01,11,41767,买盘
1556,13:38:07,37.96,0.01,15,56940,买盘
1557,13:38:04,37.95,--,32,121440,买盘
1558,13:38:01,37.95,0.01,51,193545,买盘
1559,13:37:58,37.94,-0.02,6,22764,买盘
1560,13:37:55,37.96,0.01,9,34164,买盘
1561,13:37:52,37.95,--,7,26565,买盘
1562,13:37:48,37.95,--,128,485760,卖盘
1563,13:37:46,37.95,--,0,0,卖盘
1564,13:37:42,37.95,-0.01,474,1798830,卖盘
1565,13:37:39,37.96,--,5,18980,卖盘
1566,13:37:36,37.96,--,1,3796,卖盘
1567,13:37:31,37.96,-0.03,4,15184,卖盘
1568,13:37:28,37.99,-0.01,16,60784,卖盘
1569,13:37:25,38.0,--,4,15200,买盘
1570,13:37:19,38.0,--,66,250800,卖盘
1571,13:37:16,38.0,-0.01,18,68400,卖盘
1572,13:37:13,38.01,0.01,10,38010,买盘
1573,13:37:10,38.0,-0.01,5,19000,卖盘
1574,13:37:07,38.01,-0.01,88,334488,卖盘
1575,13:37:04,38.02,0.01,11,41822,买盘
1576,13:37:01,38.01,--,3,11403,卖盘
1577,13:36:58,38.01,--,12,45612,卖盘
1578,13:36:55,38.01,0.01,24,91224,买盘
1579,13:36:51,38.0,--,8,30400,卖盘
1580,13:36:49,38.0,--,70,266000,卖盘
1581,13:36:46,38.0,0.08,70,266000,买盘
1582,13:36:42,37.92,-0.05,155,587760,卖盘
1583,13:36:40,37.97,0.02,89,337933,买盘
1584,13:36:37,37.95,-0.01,47,178365,卖盘
1585,13:36:34,37.96,--,10,37960,卖盘
1586,13:36:28,37.96,-0.01,5,18980,卖盘
1587,13:36:25,37.97,-0.01,5,18985,卖盘
1588,13:36:22,37.98,-0.03,63,239273,卖盘
1589,13:36:19,38.01,0.01,582,2212182,买盘
1590,13:36:15,38.0,-0.01,37,140600,卖盘
1591,13:36:13,38.01,0.01,83,315483,中性盘
1592,13:36:10,38.0,-0.02,186,706800,卖盘
1593,13:36:07,38.02,0.01,216,821232,买盘
1594,13:36:04,38.01,--,14,53214,卖盘
1595,13:36:00,38.01,--,100,380100,卖盘
1596,13:35:57,38.01,--,11,41811,卖盘
1597,13:35:54,38.01,-0.01,87,330687,卖盘
1598,13:35:51,38.02,-0.01,1,3802,卖盘
1599,13:35:48,38.03,--,51,193953,买盘
1600,13:35:45,38.03,--,39,148317,买盘
1601,13:35:42,38.03,0.01,102,387906,买盘
1602,13:35:39,38.02,-0.01,29,110258,卖盘
1603,13:35:36,38.03,--,65,247195,卖盘
1604,13:35:33,38.03,--,18,68454,卖盘
1605,13:35:30,38.03,-0.01,9,34227,卖盘
1606,13:35:27,38.04,--,49,186396,买盘
1607,13:35:24,38.04,-0.01,98,373020,卖盘
1608,13:35:21,38.05,--,32,125336,买盘
1609,13:35:18,38.05,0.01,45,171225,买盘
1610,13:35:15,38.04,--,11,41844,卖盘
1611,13:35:12,38.04,-0.01,91,346164,卖盘
1612,13:35:09,38.05,--,11,41855,买盘
1613,13:35:06,38.05,--,9,34245,买盘
1614,13:35:03,38.05,--,29,110344,买盘
1615,13:35:00,38.05,-0.01,110,418778,卖盘
1616,13:34:57,38.06,0.01,23,87538,买盘
1617,13:34:54,38.05,--,36,136980,卖盘
1618,13:34:51,38.05,--,12,45660,卖盘
1619,13:34:48,38.05,-0.01,32,121759,卖盘
1620,13:34:45,38.06,-0.03,20,76120,卖盘
1621,13:34:42,38.09,0.03,123,468507,买盘
1622,13:34:39,38.06,--,10,38060,卖盘
1623,13:34:36,38.06,-0.01,65,247390,卖盘
1624,13:34:33,38.07,0.01,66,251262,卖盘
1625,13:34:30,38.06,--,5,19030,卖盘
1626,13:34:27,38.06,--,83,315898,卖盘
1627,13:34:24,38.06,--,69,262614,卖盘
1628,13:34:18,38.06,-0.02,41,156046,卖盘
1629,13:34:15,38.08,0.02,5,19040,买盘
1630,13:34:12,38.06,-0.02,24,91344,卖盘
1631,13:34:09,38.08,--,10,38080,买盘
1632,13:34:06,38.08,-0.02,9,34272,中性盘
1633,13:34:03,38.1,--,52,198767,买盘
1634,13:34:00,38.1,0.01,19,72390,买盘
1635,13:33:57,38.09,0.01,2,7618,买盘
1636,13:33:54,38.08,-0.07,4,15232,卖盘
1637,13:33:51,38.15,0.07,157,598955,买盘
1638,13:33:48,38.08,-0.02,15,57120,卖盘
1639,13:33:45,38.1,--,23,87630,卖盘
1640,13:33:42,38.1,--,111,422910,买盘
1641,13:33:39,38.1,--,27,102870,卖盘
1642,13:33:36,38.1,--,6,22860,卖盘
1643,13:33:33,38.1,--,1,3810,卖盘
1644,13:33:30,38.1,-0.05,17,64770,卖盘
1645,13:33:27,38.15,--,7,26705,买盘
1646,13:33:24,38.15,0.04,2,7630,买盘
1647,13:33:21,38.11,-0.05,50,192607,卖盘
1648,13:33:18,38.16,--,10,38160,卖盘
1649,13:33:15,38.16,0.01,213,814563,买盘
1650,13:33:12,38.15,--,0,0,买盘
1651,13:33:06,38.15,--,4,15260,买盘
1652,13:33:03,38.15,--,27,103005,买盘
1653,13:33:00,38.15,-0.01,8,30520,买盘
1654,13:32:57,38.16,--,0,0,买盘
1655,13:32:51,38.16,--,0,0,买盘
1656,13:32:48,38.16,--,17,64871,卖盘
1657,13:32:45,38.16,--,5,19080,卖盘
1658,13:32:42,38.16,0.04,78,297648,买盘
1659,13:32:39,38.12,-0.03,113,430756,买盘
1660,13:32:36,38.15,--,0,0,买盘
1661,13:32:33,38.15,0.05,144,549360,买盘
1662,13:32:30,38.1,--,59,224790,卖盘
1663,13:32:27,38.1,-0.02,25,95250,卖盘
1664,13:32:24,38.12,0.02,12,45744,买盘
1665,13:32:21,38.1,-0.01,97,369570,卖盘
1666,13:32:18,38.11,--,2,7622,卖盘
1667,13:32:15,38.11,0.01,1,3811,卖盘
1668,13:32:12,38.1,-0.02,34,129540,卖盘
1669,13:32:09,38.12,0.02,8,30495,买盘
1670,13:32:06,38.1,-0.02,10,38100,卖盘
1671,13:32:03,38.12,--,5,19060,买盘
1672,13:32:00,38.12,--,1,3811,买盘
1673,13:31:57,38.12,-0.01,11,41932,买盘
1674,13:31:54,38.13,-0.02,85,324105,卖盘
1675,13:31:51,38.15,--,5,19075,卖盘
1676,13:31:44,38.15,--,14,53410,卖盘
1677,13:31:42,38.15,0.03,85,324275,买盘
1678,13:31:39,38.12,-0.01,26,99112,卖盘
1679,13:31:36,38.13,0.01,50,190650,买盘
1680,13:31:33,38.12,-0.01,69,263028,卖盘
1681,13:31:30,38.13,--,10,38130,买盘
1682,13:31:27,38.13,0.01,5,19065,买盘
1683,13:31:23,38.12,-0.03,29,110547,卖盘
1684,13:31:20,38.15,0.03,235,896525,买盘
1685,13:31:07,38.12,--,9,34308,卖盘
1686,13:31:04,38.12,-0.01,9,34308,卖盘
1687,13:31:01,38.13,--,5,19065,买盘
1688,13:30:58,38.13,--,3,11439,买盘
1689,13:30:55,38.13,--,12,45756,买盘
1690,13:30:52,38.13,0.01,5,19065,中性盘
1691,13:30:49,38.12,-0.01,10,38120,卖盘
1692,13:30:43,38.13,--,22,83886,卖盘
1693,13:30:40,38.13,0.02,122,465186,买盘
1694,13:30:37,38.11,-0.01,6,22866,卖盘
1695,13:30:34,38.12,0.01,27,102924,买盘
1696,13:30:31,38.11,--,8,30488,卖盘
1697,13:30:28,38.11,--,30,114330,卖盘
1698,13:30:25,38.11,--,64,243904,卖盘
1699,13:30:22,38.11,--,1,3811,卖盘
1700,13:30:19,38.11,-0.01,38,144818,卖盘
1701,13:30:16,38.12,--,1,3811,买盘
1702,13:30:13,38.12,--,7,26684,买盘
1703,13:30:10,38.12,0.01,1,3811,中性盘
1704,13:30:07,38.11,-0.01,33,125763,卖盘
1705,13:30:01,38.12,--,7,26684,买盘
1706,13:29:58,38.12,--,2,7623,买盘
1707,13:29:55,38.12,--,6,22872,买盘
1708,13:29:49,38.12,--,1,3811,买盘
1709,13:29:46,38.12,--,1,3811,买盘
1710,13:29:43,38.12,--,7,26684,卖盘
1711,13:29:40,38.12,-0.02,19,72428,卖盘
1712,13:29:37,38.14,0.04,78,297492,买盘
1713,13:29:34,38.1,-0.03,1,3810,卖盘
1714,13:29:31,38.13,0.01,37,141081,买盘
1715,13:29:28,38.12,--,2,7623,卖盘
1716,13:29:25,38.12,0.01,55,209660,买盘
1717,13:29:22,38.11,--,5,19055,买盘
1718,13:29:16,38.11,--,6,22866,卖盘
1719,13:29:13,38.11,--,3,11433,卖盘
1720,13:29:10,38.11,--,7,26677,卖盘
1721,13:29:07,38.11,--,25,95275,卖盘
1722,13:29:04,38.11,--,13,49543,卖盘
1723,13:29:01,38.11,0.01,2,7622,中性盘
1724,13:28:58,38.1,--,53,201930,卖盘
1725,13:28:55,38.1,--,7,28879,卖盘
1726,13:28:52,38.1,--,4,15240,卖盘
1727,13:28:49,38.1,0.01,120,457200,买盘
1728,13:28:46,38.09,-0.01,28,106652,买盘
1729,13:28:43,38.1,0.02,3,11430,买盘
1730,13:28:40,38.08,-0.01,97,369376,卖盘
1731,13:28:37,38.09,-0.01,8,30472,卖盘
1732,13:28:31,38.1,--,10,38100,买盘
1733,13:28:28,38.1,0.01,25,95250,买盘
1734,13:28:25,38.09,--,15,57135,卖盘
1735,13:28:22,38.09,0.01,46,175214,卖盘
1736,13:28:19,38.08,-0.01,60,228480,卖盘
1737,13:28:16,38.09,--,1,3809,卖盘
1738,13:28:13,38.09,-0.03,20,76180,卖盘
1739,13:28:10,38.12,--,9,34308,卖盘
1740,13:28:07,38.12,0.02,119,453627,买盘
1741,13:28:04,38.1,--,35,133350,卖盘
1742,13:28:01,38.1,0.01,270,1028700,买盘
1743,13:27:58,38.09,--,3,11427,卖盘
1744,13:27:55,38.09,--,13,49517,卖盘
1745,13:27:52,38.09,-0.01,9,34281,卖盘
1746,13:27:49,38.1,0.01,31,118110,买盘
1747,13:27:46,38.09,--,11,41899,卖盘
1748,13:27:43,38.09,-0.01,46,175214,卖盘
1749,13:27:40,38.1,--,138,525780,卖盘
1750,13:27:37,38.1,--,6,22860,卖盘
1751,13:27:34,38.1,--,60,228600,卖盘
1752,13:27:31,38.1,--,100,381000,买盘
1753,13:27:28,38.1,--,31,118110,买盘
1754,13:27:22,38.1,0.01,6,22860,买盘
1755,13:27:19,38.09,-0.01,15,57135,卖盘
1756,13:27:16,38.1,--,12,45720,买盘
1757,13:27:13,38.1,0.01,2,7620,买盘
1758,13:27:10,38.09,-0.01,6,22854,卖盘
1759,13:27:07,38.1,--,3,11430,买盘
1760,13:27:04,38.1,--,20,76200,买盘
1761,13:27:01,38.1,--,9,34290,卖盘
1762,13:26:58,38.1,--,1,3810,卖盘
1763,13:26:55,38.1,--,13,49530,卖盘
1764,13:26:52,38.1,--,2,7620,卖盘
1765,13:26:49,38.1,--,64,243840,卖盘
1766,13:26:43,38.1,--,7,26670,卖盘
1767,13:26:40,38.1,--,4,15240,卖盘
1768,13:26:31,38.1,--,1,3810,卖盘
1769,13:26:28,38.1,-0.02,21,80010,卖盘
1770,13:26:25,38.12,0.03,19,72428,买盘
1771,13:26:22,38.09,0.01,2,7618,卖盘
1772,13:26:19,38.08,--,0,0,卖盘
1773,13:26:16,38.08,-0.04,2,7616,卖盘
1774,13:26:13,38.12,--,66,251591,卖盘
1775,13:26:10,38.12,0.02,4,15247,买盘
1776,13:26:07,38.1,-0.02,19,72390,卖盘
1777,13:26:04,38.12,0.02,12,45744,卖盘
1778,13:26:01,38.1,-0.02,45,171450,卖盘
1779,13:25:58,38.12,--,1,3811,卖盘
1780,13:25:55,38.12,--,4,15247,卖盘
1781,13:25:52,38.12,0.01,6,22872,买盘
1782,13:25:49,38.11,--,8,30488,卖盘
1783,13:25:40,38.11,-0.05,12,45732,卖盘
1784,13:25:37,38.16,0.01,21,80136,卖盘
1785,13:25:34,38.15,0.03,40,152600,买盘
1786,13:25:31,38.12,-0.05,3,11436,中性盘
1787,13:25:28,38.17,0.02,16,61072,买盘
1788,13:25:25,38.15,0.03,39,148785,买盘
1789,13:25:22,38.12,--,3,11436,卖盘
1790,13:25:19,38.12,-0.06,46,176953,卖盘
1791,13:25:13,38.18,0.03,98,374164,买盘
1792,13:25:10,38.15,-0.02,7,26705,卖盘
1793,13:25:04,38.17,--,20,78553,买盘
1794,13:25:01,38.17,--,4,15268,买盘
1795,13:24:58,38.17,-0.02,49,188636,卖盘
1796,13:24:55,38.19,--,5,19095,买盘
1797,13:24:52,38.19,0.01,113,431547,买盘
1798,13:24:49,38.18,-0.01,7,26726,卖盘
1799,13:24:46,38.19,0.02,30,114570,买盘
1800,13:24:43,38.17,--,30,114510,卖盘
1801,13:24:40,38.17,-0.03,68,259556,卖盘
1802,13:24:37,38.2,--,37,141340,卖盘
1803,13:24:34,38.2,-0.02,13,49660,卖盘
1804,13:24:31,38.22,0.02,42,160524,买盘
1805,13:24:28,38.2,-0.02,1,3820,卖盘
1806,13:24:25,38.22,--,51,194922,买盘
1807,13:24:22,38.22,--,23,87906,买盘
1808,13:24:19,38.22,0.01,61,233142,买盘
1809,13:24:16,38.21,-0.02,9,34389,卖盘
1810,13:24:13,38.23,0.03,1,3822,中性盘
1811,13:24:10,38.2,--,392,1497440,卖盘
1812,13:24:07,38.2,-0.01,70,267400,卖盘
1813,13:24:04,38.21,0.01,3,11463,买盘
1814,13:24:01,38.2,--,11,42020,卖盘
1815,13:23:58,38.2,-0.01,122,466040,卖盘
1816,13:23:52,38.21,-0.02,11,42031,卖盘
1817,13:23:49,38.23,0.02,33,126158,买盘
1818,13:23:46,38.21,-0.02,12,45852,中性盘
1819,13:23:43,38.23,0.02,67,256140,卖盘
1820,13:23:40,38.21,--,49,187229,买盘
1821,13:23:37,38.21,--,78,298038,卖盘
1822,13:23:34,38.21,--,52,198692,卖盘
1823,13:23:31,38.21,--,16,61136,卖盘
1824,13:23:28,38.21,-0.02,33,126093,卖盘
1825,13:23:25,38.23,--,84,321132,买盘
1826,13:23:22,38.23,0.01,51,194972,买盘
1827,13:23:19,38.22,--,34,129948,买盘
1828,13:23:16,38.22,-0.01,31,118482,卖盘
1829,13:23:13,38.23,0.01,23,87929,买盘
1830,13:23:10,38.22,--,28,107016,买盘
1831,13:23:07,38.22,--,3,11466,买盘
1832,13:23:04,38.22,--,11,42042,买盘
1833,13:23:01,38.22,0.01,12,45864,中性盘
1834,13:22:58,38.21,-0.01,2,7642,卖盘
1835,13:22:55,38.22,--,24,91728,买盘
1836,13:22:52,38.22,0.01,3,11466,买盘
1837,13:22:49,38.21,-0.01,7,26747,卖盘
1838,13:22:46,38.22,0.01,14,53508,买盘
1839,13:22:43,38.21,--,5,19105,买盘
1840,13:22:40,38.21,--,12,45852,买盘
1841,13:22:37,38.21,0.01,5,19105,买盘
1842,13:22:34,38.2,--,2,7640,卖盘
1843,13:22:31,38.2,0.02,141,538620,买盘
1844,13:22:28,38.18,--,25,95450,卖盘
1845,13:22:25,38.18,--,116,442888,卖盘
1846,13:22:22,38.18,0.01,14,53452,中性盘
1847,13:22:19,38.17,0.02,134,513691,买盘
1848,13:22:16,38.15,--,2,7630,卖盘
1849,13:22:13,38.15,--,8,30520,卖盘
1850,13:22:10,38.15,--,10,38150,卖盘
1851,13:22:07,38.15,-0.02,10,38150,卖盘
1852,13:22:04,38.17,0.02,6,22902,买盘
1853,13:22:01,38.15,-0.02,88,335720,卖盘
1854,13:21:58,38.17,--,11,41987,中性盘
1855,13:21:55,38.17,0.03,26,99242,买盘
1856,13:21:52,38.14,-0.01,34,129676,卖盘
1857,13:21:49,38.15,--,7,26705,买盘
1858,13:21:46,38.15,-0.02,14,53410,卖盘
1859,13:21:43,38.17,0.02,19,72523,买盘
1860,13:21:40,38.15,--,9,34335,卖盘
1861,13:21:37,38.15,-0.02,2,7630,卖盘
1862,13:21:34,38.17,0.02,1,3817,买盘
1863,13:21:31,38.15,-0.02,10,38150,卖盘
1864,13:21:28,38.17,--,11,41987,买盘
1865,13:21:25,38.17,0.03,3,11451,买盘
1866,13:21:22,38.14,-0.02,77,293678,卖盘
1867,13:21:19,38.16,--,8,30527,买盘
1868,13:21:16,38.16,0.01,99,377783,买盘
1869,13:21:13,38.15,0.01,85,324275,买盘
1870,13:21:07,38.14,-0.02,6,22884,卖盘
1871,13:21:04,38.16,0.01,13,49607,买盘
1872,13:21:01,38.15,0.01,12,45780,中性盘
1873,13:20:58,38.14,-0.03,10,38140,卖盘
1874,13:20:55,38.17,0.02,68,259556,买盘
1875,13:20:49,38.15,-0.02,8,30520,买盘
1876,13:20:46,38.17,0.02,30,114510,买盘
1877,13:20:43,38.15,0.01,12,45780,中性盘
1878,13:20:40,38.14,-0.01,13,49582,卖盘
1879,13:20:37,38.15,0.01,6,22890,中性盘
1880,13:20:31,38.14,-0.01,87,331818,卖盘
1881,13:20:28,38.15,--,32,122080,买盘
1882,13:20:25,38.15,--,36,137340,买盘
1883,13:20:22,38.15,--,3,11445,买盘
1884,13:20:19,38.15,0.01,2,7630,买盘
1885,13:20:16,38.14,-0.01,104,396656,卖盘
1886,13:20:13,38.15,0.01,28,106820,买盘
1887,13:20:10,38.14,-0.01,3,11442,卖盘
1888,13:20:04,38.15,--,1,3815,买盘
1889,13:20:01,38.15,0.02,60,228900,买盘
1890,13:19:58,38.13,--,13,49569,卖盘
1891,13:19:55,38.13,--,96,366048,卖盘
1892,13:19:52,38.13,-0.01,37,141081,卖盘
1893,13:19:48,38.14,--,25,95350,买盘
1894,13:19:46,38.14,--,66,251724,买盘
1895,13:19:43,38.14,--,5,19070,买盘
1896,13:19:40,38.14,-0.01,23,87722,卖盘
1897,13:19:37,38.15,0.01,19,72485,买盘
1898,13:19:34,38.14,--,46,175444,卖盘
1899,13:19:31,38.14,-0.01,1,3814,卖盘
1900,13:19:28,38.15,--,63,240345,买盘
1901,13:19:25,38.15,0.01,2,7630,买盘
1902,13:19:19,38.14,-0.01,118,450052,卖盘
1903,13:19:16,38.15,--,11,41965,买盘
1904,13:19:13,38.15,--,28,106820,买盘
1905,13:19:10,38.15,--,1,3815,买盘
1906,13:19:07,38.15,--,2,7630,买盘
1907,13:19:04,38.15,--,8,30520,买盘
1908,13:19:01,38.15,--,3,11445,买盘
1909,13:18:58,38.15,0.01,15,57225,买盘
1910,13:18:55,38.14,-0.01,3,11442,中性盘
1911,13:18:52,38.15,0.01,11,41965,买盘
1912,13:18:49,38.14,0.01,1,3814,买盘
1913,13:18:46,38.13,-0.01,1,3813,中性盘
1914,13:18:43,38.14,0.02,8,30512,买盘
1915,13:18:40,38.12,0.01,51,195365,买盘
1916,13:18:37,38.11,--,18,68598,卖盘
1917,13:18:31,38.11,--,5,19055,卖盘
1918,13:18:28,38.11,--,19,72409,买盘
1919,13:18:25,38.11,0.01,2,7622,买盘
1920,13:18:21,38.1,--,6,22860,卖盘
1921,13:18:15,38.1,0.02,30,114300,买盘
1922,13:18:13,38.08,-0.01,9,34272,卖盘
1923,13:18:10,38.09,0.01,5,19045,买盘
1924,13:18:06,38.08,-0.01,9,34272,卖盘
1925,13:18:03,38.09,0.01,83,316147,买盘
1926,13:18:00,38.08,--,2,7616,买盘
1927,13:17:58,38.08,--,15,57120,买盘
1928,13:17:54,38.08,0.01,71,270368,买盘
1929,13:17:51,38.07,0.01,1,3807,卖盘
1930,13:17:48,38.06,--,41,159623,买盘
1931,13:17:45,38.06,0.01,9,34254,买盘
1932,13:17:43,38.05,-0.01,18,68490,卖盘
1933,13:17:39,38.06,0.01,11,41866,买盘
1934,13:17:36,38.05,-0.01,57,216884,卖盘
1935,13:17:33,38.06,0.01,5,19030,买盘
1936,13:17:30,38.05,--,43,163615,卖盘
1937,13:17:27,38.05,--,8,30439,卖盘
1938,13:17:24,38.05,-0.01,103,391914,卖盘
1939,13:17:21,38.06,0.01,33,125598,买盘
1940,13:17:18,38.05,--,16,60879,卖盘
1941,13:17:15,38.05,--,8,30439,买盘
1942,13:17:12,38.05,0.01,27,102734,买盘
1943,13:17:09,38.04,-0.01,1,3804,卖盘
1944,13:17:06,38.05,0.01,5,19025,买盘
1945,13:17:04,38.04,--,54,205416,卖盘
1946,13:17:00,38.04,-0.01,4,15216,卖盘
1947,13:16:57,38.05,0.01,45,171225,买盘
1948,13:16:54,38.04,--,14,53256,卖盘
1949,13:16:51,38.04,--,16,60864,卖盘
1950,13:16:48,38.04,-0.01,1,3804,卖盘
1951,13:16:45,38.05,0.02,10,38050,买盘
1952,13:16:42,38.03,-0.02,15,57045,卖盘
1953,13:16:39,38.05,--,12,45660,买盘
1954,13:16:36,38.05,0.01,51,194055,买盘
1955,13:16:33,38.04,--,3,11412,卖盘
1956,13:16:30,38.04,--,37,140748,卖盘
1957,13:16:27,38.04,--,18,68472,卖盘
1958,13:16:24,38.04,-0.01,12,45648,卖盘
1959,13:16:21,38.05,--,0,0,买盘
1960,13:16:15,38.05,--,34,131805,卖盘
1961,13:16:12,38.05,-0.01,30,114149,卖盘
1962,13:16:09,38.06,0.01,24,91344,买盘
1963,13:16:06,38.05,--,7,26634,卖盘
1964,13:16:03,38.05,--,14,53269,卖盘
1965,13:16:00,38.05,--,36,138349,卖盘
1966,13:15:57,38.05,--,17,64684,卖盘
1967,13:15:54,38.05,0.03,3,11415,中性盘
1968,13:15:51,38.02,--,36,136872,卖盘
1969,13:15:48,38.02,-0.03,68,258536,卖盘
1970,13:15:45,38.05,--,17,64684,卖盘
1971,13:15:42,38.05,--,4,15219,卖盘
1972,13:15:39,38.05,--,29,110344,卖盘
1973,13:15:36,38.05,-0.01,7,26634,卖盘
1974,13:15:33,38.06,0.01,38,144628,买盘
1975,13:15:30,38.05,-0.01,35,133175,卖盘
1976,13:15:27,38.06,-0.02,175,666050,卖盘
1977,13:15:24,38.08,0.02,111,422688,买盘
1978,13:15:21,38.06,--,8,30448,卖盘
1979,13:15:18,38.06,--,67,255002,卖盘
1980,13:15:15,38.06,-0.02,16,60896,卖盘
1981,13:15:12,38.08,--,8,30464,买盘
1982,13:15:09,38.08,0.02,19,72352,买盘
1983,13:15:06,38.06,-0.02,17,64702,卖盘
1984,13:15:03,38.08,--,6,22848,买盘
1985,13:15:00,38.08,--,1,3808,买盘
1986,13:14:57,38.08,-0.01,108,411264,卖盘
1987,13:14:54,38.09,--,9,34281,买盘
1988,13:14:48,38.09,--,1,3809,买盘
1989,13:14:45,38.09,-0.02,25,95225,卖盘
1990,13:14:42,38.11,--,55,209605,买盘
1991,13:14:39,38.11,--,7,26677,买盘
1992,13:14:36,38.11,--,167,636437,卖盘
1993,13:14:33,38.11,--,18,68598,卖盘
1994,13:14:30,38.11,-0.01,1,3811,卖盘
1995,13:14:27,38.12,--,110,419320,买盘
1996,13:14:24,38.12,0.01,5,19060,买盘
1997,13:14:21,38.11,-0.01,20,76220,卖盘
1998,13:14:17,38.12,--,3,11436,买盘
1999,13:14:15,38.12,0.01,8,30495,买盘
2000,13:14:11,38.11,--,8,30488,卖盘
2001,13:14:09,38.11,-0.01,24,91464,卖盘
2002,13:14:06,38.12,-0.01,217,830063,卖盘
2003,13:14:03,38.13,0.01,5,19065,中性盘
2004,13:14:00,38.12,-0.02,6,22872,卖盘
2005,13:13:56,38.14,0.02,1,3814,买盘
2006,13:13:54,38.12,--,0,0,卖盘
2007,13:13:51,38.12,--,17,64803,卖盘
2008,13:13:48,38.12,--,6,22872,卖盘
2009,13:13:45,38.12,-0.02,193,735716,卖盘
2010,13:13:42,38.14,--,27,102978,卖盘
2011,13:13:39,38.14,-0.03,6,22884,中性盘
2012,13:13:36,38.17,0.01,102,389334,买盘
2013,13:13:33,38.16,--,22,83951,买盘
2014,13:13:30,38.16,--,23,87767,买盘
2015,13:13:27,38.16,0.03,5,19080,买盘
2016,13:13:24,38.13,-0.01,52,198276,卖盘
2017,13:13:17,38.14,--,49,186886,买盘
2018,13:13:11,38.14,--,1,3814,买盘
2019,13:13:09,38.14,0.01,51,194514,买盘
2020,13:13:06,38.13,0.02,103,393692,买盘
2021,13:13:03,38.11,-0.01,7,26677,卖盘
2022,13:12:59,38.12,--,17,64803,买盘
2023,13:12:57,38.12,--,1,3811,买盘
2024,13:12:54,38.12,--,44,167728,买盘
2025,13:12:51,38.12,--,11,41932,买盘
2026,13:12:48,38.12,0.01,10,38120,买盘
2027,13:12:45,38.11,--,10,38110,卖盘
2028,13:12:42,38.11,-0.01,5,19055,卖盘
2029,13:12:39,38.12,--,34,129607,买盘
2030,13:12:36,38.12,--,14,53368,买盘
2031,13:12:33,38.12,--,15,57179,买盘
2032,13:12:30,38.12,0.02,7,26684,买盘
2033,13:12:27,38.1,-0.02,5,19050,卖盘
2034,13:12:24,38.12,0.01,69,263028,买盘
2035,13:12:21,38.11,0.01,1,3811,买盘
2036,13:12:18,38.1,-0.01,8,30480,卖盘
2037,13:12:15,38.11,0.01,4,15244,买盘
2038,13:12:12,38.1,0.01,121,461010,买盘
2039,13:12:09,38.09,-0.01,14,53326,卖盘
2040,13:12:06,38.1,0.01,82,312420,买盘
2041,13:12:03,38.09,-0.01,11,41899,卖盘
2042,13:12:00,38.1,0.01,151,575310,买盘
2043,13:11:57,38.09,-0.01,57,217113,卖盘
2044,13:11:54,38.1,0.01,3,11430,买盘
2045,13:11:50,38.09,--,37,140933,买盘
2046,13:11:48,38.09,--,8,30472,买盘
2047,13:11:45,38.09,0.01,68,259012,买盘
2048,13:11:41,38.08,-0.01,42,159936,卖盘
2049,13:11:38,38.09,--,65,247585,卖盘
2050,13:11:35,38.09,--,22,83798,卖盘
2051,13:11:33,38.09,--,5,19045,卖盘
2052,13:11:30,38.09,-0.01,58,220922,买盘
2053,13:11:26,38.1,0.01,60,228600,买盘
2054,13:11:24,38.09,--,61,232349,卖盘
2055,13:11:20,38.09,--,19,72371,卖盘
2056,13:11:14,38.09,-0.01,1,3809,卖盘
2057,13:11:12,38.1,--,7,26670,买盘
2058,13:11:08,38.1,--,167,636270,卖盘
2059,13:11:04,38.1,-0.02,5,19050,卖盘
2060,13:11:01,38.12,--,22,83864,买盘
2061,13:10:58,38.12,0.01,69,263028,买盘
2062,13:10:55,38.11,--,1,3811,买盘
2063,13:10:52,38.11,--,41,156251,卖盘
2064,13:10:49,38.11,--,2,7622,卖盘
2065,13:10:43,38.11,-0.01,2,7622,卖盘
2066,13:10:40,38.12,-0.01,16,60991,卖盘
2067,13:10:34,38.13,--,9,34317,买盘
2068,13:10:31,38.13,--,130,495690,买盘
2069,13:10:28,38.13,--,5,19065,买盘
2070,13:10:25,38.13,--,71,270723,卖盘
2071,13:10:22,38.13,-0.01,1,3813,卖盘
2072,13:10:19,38.14,0.02,98,373772,买盘
2073,13:10:16,38.12,-0.01,61,232531,卖盘
2074,13:10:13,38.13,-0.01,7,26691,卖盘
2075,13:10:10,38.14,--,47,179258,买盘
2076,13:10:04,38.14,--,70,266980,买盘
2077,13:10:01,38.14,--,139,530146,卖盘
2078,13:09:58,38.14,--,20,76280,卖盘
2079,13:09:55,38.14,--,14,53396,卖盘
2080,13:09:52,38.14,--,6,22884,卖盘
2081,13:09:46,38.14,0.01,3,11442,卖盘
2082,13:09:40,38.13,-0.01,37,141081,卖盘
2083,13:09:37,38.14,-0.01,14,53396,卖盘
2084,13:09:34,38.15,0.01,8,30520,卖盘
2085,13:09:31,38.14,-0.02,60,228840,卖盘
2086,13:09:28,38.16,--,30,114479,买盘
2087,13:09:25,38.16,0.01,62,236591,买盘
2088,13:09:22,38.15,--,22,83930,卖盘
2089,13:09:19,38.15,--,96,366240,买盘
2090,13:09:16,38.15,0.01,25,95375,买盘
2091,13:09:13,38.14,--,72,274608,卖盘
2092,13:09:10,38.14,-0.01,3,11442,卖盘
2093,13:09:07,38.15,--,7,26705,买盘
2094,13:09:04,38.15,0.01,5,19075,中性盘
2095,13:09:01,38.14,-0.02,20,76280,卖盘
2096,13:08:58,38.16,0.01,83,316728,买盘
2097,13:08:52,38.15,--,23,90186,卖盘
2098,13:08:49,38.15,--,29,110635,卖盘
2099,13:08:43,38.15,--,6,22890,卖盘
2100,13:08:40,38.15,--,15,57225,卖盘
2101,13:08:37,38.15,--,68,260793,买盘
2102,13:08:34,38.15,0.01,23,87745,买盘
2103,13:08:31,38.14,-0.01,61,232654,卖盘
2104,13:08:28,38.15,0.01,67,255605,买盘
2105,13:08:25,38.14,-0.01,8,30512,卖盘
2106,13:08:22,38.15,--,3,11445,买盘
2107,13:08:19,38.15,--,8,30520,买盘
2108,13:08:16,38.15,--,123,469245,卖盘
2109,13:08:13,38.15,-0.01,1,3815,卖盘
2110,13:08:04,38.16,-0.02,19,72504,卖盘
2111,13:08:01,38.18,--,0,0,买盘
2112,13:07:58,38.18,0.01,207,790326,买盘
2113,13:07:55,38.17,--,20,76340,买盘
2114,13:07:52,38.17,-0.01,10,38170,卖盘
2115,13:07:46,38.18,--,4,15272,买盘
2116,13:07:43,38.18,--,92,354119,卖盘
2117,13:07:37,38.18,--,105,400890,卖盘
2118,13:07:34,38.18,-0.03,5,19090,卖盘
2119,13:07:31,38.21,--,39,149019,买盘
2120,13:07:28,38.21,0.03,61,233081,买盘
2121,13:07:25,38.18,-0.02,68,259624,卖盘
2122,13:07:22,38.2,--,11,42020,卖盘
2123,13:07:19,38.2,--,5,19100,卖盘
2124,13:07:13,38.2,-0.02,42,160440,卖盘
2125,13:07:10,38.22,0.01,188,718536,买盘
2126,13:07:07,38.21,--,2,7642,卖盘
2127,13:07:04,38.21,--,61,233081,卖盘
2128,13:07:01,38.21,-0.02,16,61136,卖盘
2129,13:06:58,38.23,0.01,54,206441,买盘
2130,13:06:55,38.22,--,31,118482,买盘
2131,13:06:52,38.22,--,18,68796,卖盘
2132,13:06:49,38.22,-0.01,1,3822,卖盘
2133,13:06:46,38.23,--,1,3822,买盘
2134,13:06:43,38.23,0.01,4,15291,买盘
2135,13:06:40,38.22,-0.03,58,221676,卖盘
2136,13:06:37,38.25,--,16,61200,买盘
2137,13:06:34,38.25,--,10,38250,买盘
2138,13:06:28,38.25,0.02,120,459000,买盘
2139,13:06:25,38.23,-0.02,104,397591,卖盘
2140,13:06:22,38.25,-0.01,66,252450,卖盘
2141,13:06:19,38.26,0.01,138,527988,买盘
2142,13:06:16,38.25,--,17,65025,卖盘
2143,13:06:13,38.25,-0.01,16,61200,卖盘
2144,13:06:10,38.26,0.01,4,15304,买盘
2145,13:06:07,38.25,--,49,187425,卖盘
2146,13:06:04,38.25,--,5,19125,卖盘
2147,13:06:01,38.25,-0.01,94,359550,卖盘
2148,13:05:58,38.26,0.01,70,267820,买盘
2149,13:05:55,38.25,0.01,193,738225,买盘
2150,13:05:52,38.24,--,39,149136,卖盘
2151,13:05:49,38.24,-0.01,3,11472,卖盘
2152,13:05:43,38.25,-0.01,3,11475,买盘
2153,13:05:40,38.26,0.03,2,7652,买盘
2154,13:05:37,38.23,--,0,0,卖盘
2155,13:05:34,38.23,-0.04,36,137628,卖盘
2156,13:05:31,38.27,0.01,91,348257,买盘
2157,13:05:28,38.26,-0.01,12,45912,中性盘
2158,13:05:25,38.27,0.05,63,241101,买盘
2159,13:05:22,38.22,-0.01,59,225498,卖盘
2160,13:05:19,38.23,-0.04,9,34407,卖盘
2161,13:05:16,38.27,-0.01,3,11481,卖盘
2162,13:05:13,38.28,0.01,6,22968,买盘
2163,13:05:10,38.27,0.04,2,7654,卖盘
2164,13:05:07,38.23,-0.05,48,183503,卖盘
2165,13:05:04,38.28,0.01,1,3828,买盘
2166,13:05:01,38.27,-0.01,14,53578,卖盘
2167,13:04:58,38.28,0.01,94,359832,买盘
2168,13:04:52,38.27,--,17,65059,卖盘
2169,13:04:49,38.27,--,28,107156,卖盘
2170,13:04:43,38.27,--,15,57405,卖盘
2171,13:04:40,38.27,-0.01,4,15308,卖盘
2172,13:04:37,38.28,0.05,10,38280,买盘
2173,13:04:34,38.23,-0.04,18,68814,中性盘
2174,13:04:31,38.27,--,1,3827,买盘
2175,13:04:28,38.27,0.04,125,478375,买盘
2176,13:04:25,38.23,-0.04,5,19115,卖盘
2177,13:04:22,38.27,--,6,22962,买盘
2178,13:04:19,38.27,--,0,0,买盘
2179,13:04:16,38.27,--,17,65059,买盘
2180,13:04:13,38.27,0.04,9,34443,买盘
2181,13:04:07,38.23,--,0,0,卖盘
2182,13:04:04,38.23,-0.05,1,3822,中性盘
2183,13:03:58,38.28,0.08,67,256476,买盘
2184,13:03:55,38.2,--,0,0,卖盘
2185,13:03:52,38.2,-0.04,20,76400,卖盘
2186,13:03:49,38.24,0.03,44,168256,买盘
2187,13:03:46,38.21,0.01,43,164303,买盘
2188,13:03:43,38.2,-0.01,104,397280,卖盘
2189,13:03:40,38.21,--,3,11463,买盘
2190,13:03:37,38.21,--,120,458520,买盘
2191,13:03:34,38.21,--,44,168124,买盘
2192,13:03:31,38.21,-0.07,4,15284,卖盘
2193,13:03:28,38.28,0.04,110,421080,买盘
2194,13:03:25,38.24,--,52,198848,买盘
2195,13:03:22,38.24,0.03,6,22944,买盘
2196,13:03:19,38.21,0.01,2,7642,中性盘
2197,13:03:16,38.2,-0.04,110,420200,卖盘
2198,13:03:13,38.24,--,11,42064,卖盘
2199,13:03:10,38.24,0.01,2,7648,卖盘
2200,13:03:07,38.23,-0.01,15,57344,卖盘
2201,13:03:04,38.24,--,217,829808,卖盘
2202,13:03:01,38.24,0.04,33,126192,买盘
2203,13:02:58,38.2,--,75,286500,卖盘
2204,13:02:55,38.2,--,126,481320,卖盘
2205,13:02:52,38.2,--,4,15280,卖盘
2206,13:02:49,38.2,--,47,179540,买盘
2207,13:02:46,38.2,--,21,80220,买盘
2208,13:02:43,38.2,-0.01,86,328520,卖盘
2209,13:02:37,38.21,--,1,3821,买盘
2210,13:02:34,38.21,-0.01,102,389742,卖盘
2211,13:02:31,38.22,-0.01,12,45864,买盘
2212,13:02:28,38.23,--,0,0,买盘
2213,13:02:25,38.23,0.01,90,344070,买盘
2214,13:02:22,38.22,-0.01,21,80262,卖盘
2215,13:02:19,38.23,-0.02,8,30583,卖盘
2216,13:02:16,38.25,0.01,15,57375,买盘
2217,13:02:13,38.24,0.01,20,78583,卖盘
2218,13:02:10,38.23,-0.01,19,72637,卖盘
2219,13:02:07,38.24,-0.01,1,3824,卖盘
2220,13:02:04,38.25,0.02,3,11475,买盘
2221,13:02:01,38.23,--,13,49698,卖盘
2222,13:01:58,38.23,--,63,240848,卖盘
2223,13:01:55,38.23,-0.05,4,15291,卖盘
2224,13:01:52,38.28,--,106,405768,买盘
2225,13:01:49,38.28,0.03,66,252648,买盘
2226,13:01:46,38.25,-0.03,36,137700,卖盘
2227,13:01:43,38.28,0.03,1,3828,买盘
2228,13:01:40,38.25,--,1,3825,卖盘
2229,13:01:37,38.25,-0.03,122,466650,卖盘
2230,13:01:34,38.28,--,60,229680,卖盘
2231,13:01:31,38.28,--,6,22968,卖盘
2232,13:01:28,38.28,--,70,267960,卖盘
2233,13:01:25,38.28,-0.01,98,375144,卖盘
2234,13:01:22,38.29,--,60,231769,卖盘
2235,13:01:19,38.29,-0.01,4,15316,卖盘
2236,13:01:16,38.3,0.01,19,72770,买盘
2237,13:01:13,38.29,--,85,325465,卖盘
2238,13:01:10,38.29,--,16,61264,卖盘
2239,13:01:07,38.29,-0.01,43,164647,卖盘
2240,13:01:04,38.3,--,25,95750,买盘
2241,13:01:01,38.3,--,153,588441,卖盘
2242,13:00:58,38.3,-0.03,432,1657623,卖盘
2243,13:00:55,38.33,0.03,10,38330,买盘
2244,13:00:52,38.3,-0.03,969,3711461,卖盘
2245,13:00:49,38.33,--,1,3833,买盘
2246,13:00:46,38.33,--,53,203149,买盘
2247,13:00:43,38.33,--,5,19165,买盘
2248,13:00:40,38.33,-0.01,4,15332,卖盘
2249,13:00:37,38.34,--,24,92016,买盘
2250,13:00:34,38.34,0.01,1,3834,卖盘
2251,13:00:31,38.33,-0.02,13,49829,卖盘
2252,13:00:28,38.35,0.01,105,402675,买盘
2253,13:00:25,38.34,0.01,62,237708,买盘
2254,13:00:22,38.33,--,37,141821,卖盘
2255,13:00:19,38.33,-0.01,50,191650,卖盘
2256,13:00:16,38.34,--,12,46008,买盘
2257,13:00:10,38.34,0.01,168,644112,买盘
2258,13:00:07,38.33,0.01,23,88159,买盘
2259,13:00:04,38.32,0.02,816,3128866,买盘
2260,13:00:01,38.3,--,829,3176870,买盘
2261,11:30:00,38.3,--,0,0,买盘
2262,11:29:59,38.3,0.02,738,2826540,买盘
2263,11:29:59,38.28,--,111,424908,买盘
2264,11:29:57,38.28,-0.01,12,45936,买盘
2265,11:29:54,38.29,0.02,24,91896,买盘
2266,11:29:51,38.27,-0.01,8,30616,卖盘
2267,11:29:48,38.28,0.03,4,15312,中性盘
2268,11:29:45,38.25,-0.03,20,76500,卖盘
2269,11:29:42,38.28,0.02,84,321552,买盘
2270,11:29:39,38.26,-0.01,1,3826,卖盘
2271,11:29:36,38.27,--,10,38270,买盘
2272,11:29:33,38.27,0.01,4,15308,中性盘
2273,11:29:30,38.26,-0.02,68,260168,中性盘
2274,11:29:27,38.28,0.02,69,264132,买盘
2275,11:29:24,38.26,-0.01,50,191300,卖盘
2276,11:29:21,38.27,-0.01,8,30616,中性盘
2277,11:29:18,38.28,0.02,215,823020,买盘
2278,11:29:15,38.26,--,1,3826,卖盘
2279,11:29:12,38.26,-0.01,130,497380,卖盘
2280,11:29:09,38.27,--,25,95675,买盘
2281,11:29:06,38.27,-0.01,10,38270,中性盘
2282,11:29:03,38.28,--,18,68904,买盘
2283,11:29:00,38.28,--,47,179916,买盘
2284,11:28:57,38.28,--,71,271788,买盘
2285,11:28:54,38.28,0.03,108,413424,买盘
2286,11:28:51,38.25,--,14,53550,卖盘
2287,11:28:48,38.25,-0.03,34,130050,卖盘
2288,11:28:44,38.28,0.01,54,206712,买盘
2289,11:28:42,38.27,0.03,12,45924,中性盘
2290,11:28:39,38.24,-0.01,148,565952,卖盘
2291,11:28:36,38.25,--,30,114750,买盘
2292,11:28:33,38.25,--,18,68850,买盘
2293,11:28:30,38.25,--,1,3825,买盘
2294,11:28:27,38.25,--,69,263925,买盘
2295,11:28:24,38.25,--,1,3825,买盘
2296,11:28:21,38.25,-0.05,21,80325,卖盘
2297,11:28:17,38.3,0.03,813,3113790,买盘
2298,11:28:14,38.27,0.02,1,3827,买盘
2299,11:28:11,38.25,-0.02,81,309825,卖盘
2300,11:28:08,38.27,--,37,141599,买盘
2301,11:28:05,38.27,-0.01,41,156907,卖盘
2302,11:28:02,38.28,-0.01,123,470844,卖盘
2303,11:27:59,38.29,-0.01,50,191450,卖盘
2304,11:27:56,38.3,0.01,87,333210,买盘
2305,11:27:53,38.29,--,99,379071,买盘
2306,11:27:50,38.29,--,12,45948,买盘
2307,11:27:47,38.29,0.01,10,38290,买盘
2308,11:27:44,38.28,0.02,68,260304,中性盘
2309,11:27:41,38.26,--,32,122432,卖盘
2310,11:27:38,38.26,-0.01,14,53564,卖盘
2311,11:27:35,38.27,-0.02,112,428624,卖盘
2312,11:27:32,38.29,0.05,230,880670,买盘
2313,11:27:29,38.24,-0.02,744,2845056,卖盘
2314,11:27:26,38.26,0.02,93,355818,买盘
2315,11:27:23,38.24,--,3,11472,卖盘
2316,11:27:20,38.24,-0.02,10,38240,卖盘
2317,11:27:17,38.26,0.02,134,512684,买盘
2318,11:27:14,38.24,-0.02,59,225616,卖盘
2319,11:27:11,38.26,0.03,8,30608,买盘
2320,11:27:08,38.23,-0.03,100,382299,卖盘
2321,11:27:05,38.26,--,133,508858,买盘
2322,11:27:02,38.26,--,0,0,买盘
2323,11:26:59,38.26,0.03,305,1166930,买盘
2324,11:26:56,38.23,--,32,124056,买盘
2325,11:26:53,38.23,0.03,2,7645,买盘
2326,11:26:50,38.2,-0.05,50,191000,卖盘
2327,11:26:47,38.25,--,9,36528,卖盘
2328,11:26:44,38.25,0.04,549,2101646,买盘
2329,11:26:41,38.21,-0.01,31,118451,中性盘
2330,11:26:38,38.22,--,27,103194,买盘
2331,11:26:35,38.22,-0.01,2,7644,买盘
2332,11:26:32,38.23,--,108,412883,买盘
2333,11:26:29,38.23,--,70,269712,买盘
2334,11:26:26,38.23,0.01,56,214087,买盘
2335,11:26:23,38.22,0.01,4,15288,中性盘
2336,11:26:20,38.21,-0.02,7,28466,卖盘
2337,11:26:17,38.23,--,10,38230,买盘
2338,11:26:14,38.23,0.01,72,275256,买盘
2339,11:26:11,38.22,--,59,225498,买盘
2340,11:26:08,38.22,--,33,126126,买盘
2341,11:26:05,38.22,0.02,250,956684,买盘
2342,11:26:02,38.2,--,32,122240,卖盘
2343,11:25:59,38.2,--,8,30560,卖盘
2344,11:25:53,38.2,--,15,57300,卖盘
2345,11:25:50,38.2,--,158,603560,买盘
2346,11:25:47,38.2,0.02,12,45840,买盘
2347,11:25:44,38.18,-0.01,69,263442,卖盘
2348,11:25:41,38.19,-0.04,109,417225,卖盘
2349,11:25:38,38.23,-0.03,296,1131608,中性盘
2350,11:25:35,38.26,0.06,798,3053148,买盘
2351,11:25:32,38.2,-0.02,38,145160,卖盘
2352,11:25:29,38.22,--,9,34398,买盘
2353,11:25:26,38.22,0.01,106,405132,买盘
2354,11:25:23,38.21,--,41,156775,卖盘
2355,11:25:20,38.21,-0.01,155,593745,卖盘
2356,11:25:17,38.22,0.02,307,1173354,买盘
2357,11:25:14,38.2,-0.01,65,248300,卖盘
2358,11:25:11,38.21,--,52,198692,卖盘
2359,11:25:08,38.21,-0.01,28,106988,卖盘
2360,11:25:05,38.22,--,3,11466,买盘
2361,11:25:02,38.22,-0.01,33,126126,中性盘
2362,11:24:59,38.23,0.01,171,653733,买盘
2363,11:24:56,38.22,-0.01,80,305760,卖盘
2364,11:24:53,38.23,--,155,592565,卖盘
2365,11:24:50,38.23,--,28,107043,卖盘
2366,11:24:47,38.23,-0.01,212,810475,卖盘
2367,11:24:44,38.24,--,25,95600,买盘
2368,11:24:41,38.24,--,10,38240,买盘
2369,11:24:38,38.24,--,194,741856,买盘
2370,11:24:35,38.24,-0.01,53,202672,中性盘
2371,11:24:32,38.25,--,118,451350,买盘
2372,11:24:29,38.25,0.02,61,233325,买盘
2373,11:24:26,38.23,-0.02,85,324955,卖盘
2374,11:24:23,38.25,--,17,65025,买盘
2375,11:24:20,38.25,--,66,252450,买盘
2376,11:24:17,38.25,--,45,172125,买盘
2377,11:24:14,38.25,0.02,107,411799,买盘
2378,11:24:11,38.23,--,7,26760,买盘
2379,11:24:08,38.23,--,43,166300,买盘
2380,11:24:05,38.23,--,46,175858,买盘
2381,11:24:02,38.23,0.02,56,214087,买盘
2382,11:23:59,38.21,-0.04,143,546403,卖盘
2383,11:23:56,38.25,-0.02,200,765000,买盘
2384,11:23:53,38.27,0.05,180,688860,买盘
2385,11:23:50,38.22,-0.03,113,431886,卖盘
2386,11:23:47,38.25,-0.03,138,527850,卖盘
2387,11:23:44,38.28,--,44,168432,买盘
2388,11:23:41,38.28,0.01,168,643104,买盘
2389,11:23:38,38.27,-0.01,170,650590,卖盘
2390,11:23:35,38.28,--,59,225852,买盘
2391,11:23:32,38.28,-0.01,52,199056,卖盘
2392,11:23:29,38.29,-0.01,120,459480,中性盘
2393,11:23:26,38.3,0.05,565,2163950,买盘
2394,11:23:23,38.25,-0.04,178,680850,卖盘
2395,11:23:20,38.29,0.01,142,543718,买盘
2396,11:23:17,38.28,--,91,348348,买盘
2397,11:23:14,38.28,0.08,279,1068012,买盘
2398,11:23:11,38.2,--,31,118420,卖盘
2399,11:23:06,38.2,--,52,198640,卖盘
2400,11:23:03,38.2,0.08,1431,5467795,买盘
2401,11:23:00,38.12,-0.03,50,190600,卖盘
2402,11:22:57,38.15,-0.01,39,148785,中性盘
2403,11:22:54,38.16,--,129,492263,买盘
2404,11:22:51,38.16,0.01,77,293832,买盘
2405,11:22:48,38.15,0.03,18,68670,中性盘
2406,11:22:45,38.12,-0.04,10,38120,卖盘
2407,11:22:42,38.16,0.05,100,381599,买盘
2408,11:22:39,38.11,-0.03,130,495430,卖盘
2409,11:22:36,38.14,0.03,321,1224294,买盘
2410,11:22:33,38.11,0.01,11,41921,中性盘
2411,11:22:30,38.1,0.02,433,1651406,买盘
2412,11:22:27,38.08,--,5,19040,买盘
2413,11:22:24,38.08,--,72,274176,买盘
2414,11:22:21,38.08,--,64,243712,买盘
2415,11:22:18,38.08,-0.01,12,47828,卖盘
2416,11:22:15,38.09,0.01,13,51192,买盘
2417,11:22:12,38.08,--,73,277984,卖盘
2418,11:22:09,38.08,-0.01,30,114240,卖盘
2419,11:22:06,38.09,0.02,239,910351,买盘
2420,11:22:03,38.07,0.01,49,189322,买盘
2421,11:22:00,38.06,--,50,190300,买盘
2422,11:21:57,38.06,--,30,115207,卖盘
2423,11:21:54,38.06,--,15,57090,卖盘
2424,11:21:51,38.06,--,19,73303,卖盘
2425,11:21:48,38.06,--,6,22836,卖盘
2426,11:21:42,38.06,--,10,39848,卖盘
2427,11:21:39,38.06,-0.02,41,156046,卖盘
2428,11:21:36,38.08,--,18,68544,买盘
2429,11:21:33,38.08,--,32,121856,买盘
2430,11:21:30,38.08,0.03,103,392224,中性盘
2431,11:21:27,38.05,-0.03,40,152200,卖盘
2432,11:21:24,38.08,-0.01,20,76160,卖盘
2433,11:21:21,38.09,0.03,128,489989,买盘
2434,11:21:18,38.06,-0.01,28,106568,卖盘
2435,11:21:15,38.07,-0.01,49,186543,卖盘
2436,11:21:12,38.08,--,116,441728,买盘
2437,11:21:09,38.08,0.03,32,121856,买盘
2438,11:21:06,38.05,-0.04,51,194055,卖盘
2439,11:21:03,38.09,0.01,151,578130,买盘
2440,11:21:00,38.08,0.03,145,552160,买盘
2441,11:20:57,38.05,-0.01,2,7609,卖盘
2442,11:20:54,38.06,-0.02,18,68508,卖盘
2443,11:20:51,38.08,0.02,64,243712,买盘
2444,11:20:48,38.06,--,87,331122,卖盘
2445,11:20:45,38.06,-0.02,18,68508,卖盘
2446,11:20:42,38.08,--,7,27874,买盘
2447,11:20:39,38.08,--,46,178747,买盘
2448,11:20:36,38.08,--,11,42878,买盘
2449,11:20:33,38.08,--,77,293216,买盘
2450,11:20:30,38.08,0.03,35,133280,买盘
2451,11:20:27,38.05,-0.03,4,15219,卖盘
2452,11:20:24,38.08,0.05,7,26656,中性盘
2453,11:20:21,38.03,-0.06,93,354173,卖盘
2454,11:20:18,38.09,--,38,144742,买盘
2455,11:20:15,38.09,0.01,37,140933,买盘
2456,11:20:09,38.08,--,11,41888,卖盘
2457,11:20:06,38.08,-0.02,42,159936,卖盘
2458,11:20:03,38.1,--,16,60960,买盘
2459,11:20:00,38.1,--,12,45720,买盘
2460,11:19:57,38.1,--,65,247650,买盘
2461,11:19:54,38.1,-0.03,246,937260,卖盘
2462,11:19:51,38.13,--,360,1372680,买盘
2463,11:19:48,38.13,--,12,45756,买盘
2464,11:19:45,38.13,--,272,1037136,买盘
2465,11:19:42,38.13,0.01,20,76260,买盘
2466,11:19:39,38.12,-0.01,134,510807,卖盘
2467,11:19:36,38.13,-0.01,64,244032,卖盘
2468,11:19:33,38.14,-0.01,113,430982,中性盘
2469,11:19:30,38.15,0.01,84,320460,买盘
2470,11:19:27,38.14,-0.01,65,247910,卖盘
2471,11:19:24,38.15,-0.01,145,553175,卖盘
2472,11:19:21,38.16,-0.01,198,755567,卖盘
2473,11:19:18,38.17,-0.01,57,217569,中性盘
2474,11:19:15,38.18,0.03,298,1137764,买盘
2475,11:19:12,38.15,--,172,656180,买盘
2476,11:19:09,38.15,0.03,160,610400,买盘
2477,11:19:06,38.12,--,203,773836,卖盘
2478,11:19:03,38.12,0.01,14,53368,买盘
2479,11:19:00,38.11,0.01,217,826987,买盘
2480,11:18:57,38.1,0.03,723,2754630,买盘
2481,11:18:54,38.07,--,382,1454274,卖盘
2482,11:18:51,38.07,-0.01,38,144666,卖盘
2483,11:18:48,38.08,0.04,1246,4744768,买盘
2484,11:18:45,38.04,--,109,414636,买盘
2485,11:18:42,38.04,0.04,30,114120,买盘
2486,11:18:39,38.0,-0.02,136,516800,卖盘
2487,11:18:36,38.02,0.01,103,391606,买盘
2488,11:18:33,38.01,0.01,72,273672,买盘
2489,11:18:30,38.0,--,741,2818802,买盘
2490,11:18:27,38.0,0.07,2029,7710200,买盘
2491,11:18:24,37.93,0.06,56,212408,买盘
2492,11:18:21,37.87,-0.06,40,151480,卖盘
2493,11:18:18,37.93,0.01,33,125169,买盘
2494,11:18:15,37.92,--,4,15168,卖盘
2495,11:18:12,37.92,--,10,37920,买盘
2496,11:18:09,37.92,--,2,7584,买盘
2497,11:18:03,37.92,0.05,10,37920,买盘
2498,11:18:00,37.87,-0.01,40,151480,卖盘
2499,11:17:57,37.88,0.01,1,3788,买盘
2500,11:17:54,37.87,0.01,29,109822,买盘
2501,11:17:51,37.86,-0.01,20,75720,卖盘
2502,11:17:48,37.87,0.01,3,11361,买盘
2503,11:17:45,37.86,-0.01,21,79506,卖盘
2504,11:17:42,37.87,--,3,11361,买盘
2505,11:17:39,37.87,-0.06,2,7573,卖盘
2506,11:17:36,37.93,0.05,145,549985,买盘
2507,11:17:33,37.88,-0.04,2,7576,卖盘
2508,11:17:30,37.92,--,4,15168,卖盘
2509,11:17:27,37.92,--,23,87216,买盘
2510,11:17:24,37.92,0.06,57,216144,买盘
2511,11:17:21,37.86,--,1,3786,卖盘
2512,11:17:18,37.86,--,48,181728,卖盘
2513,11:17:12,37.86,0.03,110,417557,买盘
2514,11:17:06,37.83,-0.03,9,34047,卖盘
2515,11:17:03,37.86,--,9,34074,买盘
2516,11:17:00,37.86,-0.02,70,267708,卖盘
2517,11:16:54,37.88,0.06,0,1098,中性盘
2518,11:16:48,37.82,-0.04,60,226920,卖盘
2519,11:16:45,37.86,0.05,3,11358,买盘
2520,11:16:42,37.81,--,0,0,卖盘
2521,11:16:39,37.81,-0.05,101,382183,卖盘
2522,11:16:36,37.86,--,0,0,卖盘
2523,11:16:33,37.86,--,15,56790,卖盘
2524,11:16:27,37.86,-0.04,59,223374,卖盘
2525,11:16:24,37.9,0.04,28,107408,买盘
2526,11:16:21,37.86,--,1,3786,买盘
2527,11:16:18,37.86,-0.04,40,151440,卖盘
2528,11:16:15,37.9,--,6,22740,买盘
2529,11:16:12,37.9,--,1,3790,买盘
2530,11:16:09,37.9,-0.05,2,7580,中性盘
2531,11:16:06,37.95,0.04,301,1142295,买盘
2532,11:16:03,37.91,--,4,15163,买盘
2533,11:16:00,37.91,-0.01,11,41700,卖盘
2534,11:15:57,37.92,--,5,18960,买盘
2535,11:15:54,37.92,--,15,60520,卖盘
2536,11:15:51,37.92,-0.01,14,53088,卖盘
2537,11:15:48,37.93,0.01,19,72067,买盘
2538,11:15:45,37.92,--,55,209280,卖盘
2539,11:15:42,37.92,--,2,7584,卖盘
2540,11:15:39,37.92,--,42,159264,卖盘
2541,11:15:36,37.92,--,8,30336,卖盘
2542,11:15:33,37.92,-0.02,21,79632,卖盘
2543,11:15:30,37.94,--,1,3794,买盘
2544,11:15:27,37.94,--,0,0,买盘
2545,11:15:24,37.94,0.02,11,41734,中性盘
2546,11:15:21,37.92,--,79,302980,卖盘
2547,11:15:18,37.92,-0.02,40,151680,卖盘
2548,11:15:15,37.94,-0.01,11,41734,买盘
2549,11:15:12,37.95,--,70,265650,买盘
2550,11:15:09,37.95,--,46,174570,买盘
2551,11:15:06,37.95,--,53,201135,买盘
2552,11:15:03,37.95,0.01,32,122426,买盘
2553,11:15:00,37.94,-0.01,47,178318,卖盘
2554,11:14:57,37.95,0.01,14,53130,买盘
2555,11:14:54,37.94,--,31,117614,卖盘
2556,11:14:51,37.94,0.02,157,597517,买盘
2557,11:14:48,37.92,-0.01,74,280608,卖盘
2558,11:14:45,37.93,--,3,11379,买盘
2559,11:14:42,37.93,--,10,37930,买盘
2560,11:14:39,37.93,-0.02,4,15172,中性盘
2561,11:14:36,37.95,0.03,12,45540,买盘
2562,11:14:33,37.92,-0.01,68,257856,卖盘
2563,11:14:30,37.93,-0.01,28,106962,卖盘
2564,11:14:27,37.94,-0.01,9,34146,买盘
2565,11:14:24,37.95,--,108,409860,买盘
2566,11:14:21,37.95,0.02,20,75900,买盘
2567,11:14:18,37.93,-0.02,75,284475,卖盘
2568,11:14:15,37.95,0.01,100,379500,买盘
2569,11:14:12,37.94,0.03,258,978851,买盘
2570,11:14:09,37.91,0.02,16,60655,买盘
2571,11:14:06,37.89,-0.01,1,3789,卖盘
2572,11:14:03,37.9,-0.02,5,18950,卖盘
2573,11:14:00,37.92,--,47,178224,买盘
2574,11:13:57,37.92,0.01,58,219936,买盘
2575,11:13:54,37.91,0.01,10,37910,买盘
2576,11:13:51,37.9,--,10,37900,卖盘
2577,11:13:48,37.9,--,4,15160,卖盘
2578,11:13:45,37.9,0.02,40,151600,买盘
2579,11:13:42,37.88,-0.01,94,356072,卖盘
2580,11:13:39,37.89,--,45,170505,买盘
2581,11:13:33,37.89,0.01,100,378900,买盘
2582,11:13:30,37.88,0.01,77,291676,买盘
2583,11:13:27,37.87,-0.02,43,162841,卖盘
2584,11:13:24,37.89,--,36,136404,卖盘
2585,11:13:21,37.89,0.05,19,71991,买盘
2586,11:13:18,37.84,-0.04,98,370832,卖盘
2587,11:13:15,37.88,0.01,76,287888,买盘
2588,11:13:12,37.87,--,14,53018,买盘
2589,11:13:09,37.87,0.01,22,83314,买盘
2590,11:13:06,37.86,--,36,136296,卖盘
2591,11:13:03,37.86,0.01,37,140082,买盘
2592,11:13:00,37.85,-0.01,44,166540,卖盘
2593,11:12:57,37.86,0.02,87,329382,买盘
2594,11:12:54,37.84,-0.01,10,37840,卖盘
2595,11:12:51,37.85,0.03,189,715365,买盘
2596,11:12:48,37.82,0.02,2,7564,中性盘
2597,11:12:45,37.8,--,7,26459,卖盘
2598,11:12:42,37.8,--,13,49139,卖盘
2599,11:12:39,37.8,--,47,178491,卖盘
2600,11:12:36,37.8,--,61,230579,卖盘
2601,11:12:33,37.8,--,80,302400,卖盘
2602,11:12:30,37.8,--,3,11340,卖盘
2603,11:12:27,37.8,--,97,366660,买盘
2604,11:12:24,37.8,0.02,56,211679,买盘
2605,11:12:21,37.78,-0.01,6,22668,卖盘
2606,11:12:18,37.79,0.01,71,268309,买盘
2607,11:12:15,37.78,--,1,3778,卖盘
2608,11:12:12,37.78,--,0,0,卖盘
2609,11:12:09,37.78,0.01,7,26446,买盘
2610,11:12:03,37.77,-0.01,8,30216,卖盘
2611,11:12:00,37.78,-0.02,41,154898,卖盘
2612,11:11:57,37.8,0.02,3,11340,买盘
2613,11:11:54,37.78,-0.01,11,41558,卖盘
2614,11:11:51,37.79,0.02,31,118736,买盘
2615,11:11:45,37.77,--,15,56655,卖盘
2616,11:11:42,37.77,0.01,13,49365,买盘
2617,11:11:39,37.76,--,65,248951,卖盘
2618,11:11:36,37.76,--,0,0,卖盘
2619,11:11:33,37.76,--,1,4040,卖盘
2620,11:11:30,37.76,--,0,0,卖盘
2621,11:11:27,37.76,--,1,3776,卖盘
2622,11:11:24,37.76,0.02,54,203904,买盘
2623,11:11:21,37.74,--,1,3774,买盘
2624,11:11:18,37.74,-0.02,51,192474,卖盘
2625,11:11:15,37.76,--,7,26432,买盘
2626,11:11:12,37.76,--,1,3776,买盘
2627,11:11:09,37.76,0.02,2,7552,买盘
2628,11:11:06,37.74,-0.01,8,30192,卖盘
2629,11:11:03,37.75,-0.01,41,154775,中性盘
2630,11:11:00,37.76,-0.03,2,7552,卖盘
2631,11:10:57,37.79,0.05,22,83138,买盘
2632,11:10:54,37.74,-0.03,30,113220,卖盘
2633,11:10:51,37.77,0.01,5,22284,买盘
2634,11:10:48,37.76,--,27,101952,买盘
2635,11:10:42,37.76,0.02,2,7552,买盘
2636,11:10:39,37.74,--,44,166056,卖盘
2637,11:10:36,37.74,--,0,0,卖盘
2638,11:10:33,37.74,--,1,3774,卖盘
2639,11:10:30,37.74,--,2,7548,卖盘
2640,11:10:27,37.74,-0.02,18,67932,卖盘
2641,11:10:24,37.76,0.02,64,241664,卖盘
2642,11:10:21,37.74,-0.01,66,249084,卖盘
2643,11:10:18,37.75,-0.01,48,182710,卖盘
2644,11:10:15,37.76,-0.01,21,79296,卖盘
2645,11:10:12,37.77,--,1,3777,买盘
2646,11:10:09,37.77,--,4,15108,买盘
2647,11:10:03,37.77,-0.02,48,181296,卖盘
2648,11:09:57,37.79,0.01,3,11525,买盘
2649,11:09:54,37.78,0.01,8,30224,买盘
2650,11:09:51,37.77,-0.01,1,6571,卖盘
2651,11:09:48,37.78,-0.01,2,7556,买盘
2652,11:09:45,37.79,0.02,1,3779,卖盘
2653,11:09:42,37.77,-0.03,40,151080,卖盘
2654,11:09:39,37.8,0.01,12,45360,买盘
2655,11:09:36,37.79,0.01,3,11337,中性盘
2656,11:09:27,37.78,--,57,215346,买盘
2657,11:09:24,37.78,--,5,18890,中性盘
2658,11:09:21,37.78,-0.05,40,151120,卖盘
2659,11:09:18,37.83,0.05,10,37830,买盘
2660,11:09:15,37.78,-0.04,18,68532,卖盘
2661,11:09:12,37.82,--,1,3782,买盘
2662,11:09:09,37.82,0.05,1,3782,买盘
2663,11:09:06,37.77,-0.07,33,124641,卖盘
2664,11:09:03,37.84,0.06,82,310288,买盘
2665,11:09:00,37.78,-0.04,42,158676,卖盘
2666,11:08:57,37.82,-0.01,5,18910,卖盘
2667,11:08:54,37.83,--,23,87009,卖盘
2668,11:08:51,37.83,--,33,124839,卖盘
2669,11:08:48,37.83,0.05,147,556101,买盘
2670,11:08:45,37.78,--,1,3778,卖盘
2671,11:08:42,37.78,0.01,57,215346,买盘
2672,11:08:39,37.77,-0.01,2,8007,卖盘
2673,11:08:36,37.78,--,5,18890,买盘
2674,11:08:30,37.78,-0.07,1,3778,中性盘
2675,11:08:24,37.85,0.06,56,211960,买盘
2676,11:08:21,37.79,-0.05,63,238077,卖盘
2677,11:08:18,37.84,0.06,97,367048,买盘
2678,11:08:14,37.78,--,19,71782,卖盘
2679,11:08:11,37.78,0.01,3,11787,卖盘
2680,11:08:09,37.77,0.01,11,41547,卖盘
2681,11:08:03,37.76,-0.06,50,188800,卖盘
2682,11:08:00,37.82,--,0,0,买盘
2683,11:07:57,37.82,0.05,5,18910,买盘
2684,11:07:53,37.77,--,4,15108,卖盘
2685,11:07:51,37.77,--,12,45399,卖盘
2686,11:07:47,37.77,-0.06,0,1321,卖盘
2687,11:07:44,37.83,0.05,101,382083,买盘
2688,11:07:41,37.78,0.01,1,3778,中性盘
2689,11:07:35,37.77,-0.06,20,75540,卖盘
2690,11:07:32,37.83,0.01,1,3783,买盘
2691,11:07:26,37.82,0.07,44,166408,买盘
2692,11:07:23,37.75,--,24,90600,卖盘
2693,11:07:20,37.75,-0.01,40,151000,卖盘
2694,11:07:17,37.76,-0.07,2,7552,中性盘
2695,11:07:14,37.83,0.07,37,139971,买盘
2696,11:07:11,37.76,-0.02,1,3776,中性盘
2697,11:07:02,37.78,-0.05,45,170010,买盘
2698,11:06:59,37.83,-0.02,12,45396,卖盘
2699,11:06:53,37.85,--,2,7570,买盘
2700,11:06:50,37.85,0.09,7,26495,买盘
2701,11:06:47,37.76,0.01,1,3776,卖盘
2702,11:06:41,37.75,-0.12,45,169875,卖盘
2703,11:06:38,37.87,0.04,142,537754,买盘
2704,11:06:32,37.83,--,3,11349,买盘
2705,11:06:29,37.83,-0.05,71,268593,卖盘
2706,11:06:26,37.88,0.14,56,212128,买盘
2707,11:06:23,37.74,--,0,0,卖盘
2708,11:06:20,37.74,-0.09,40,150960,卖盘
2709,11:06:17,37.83,0.1,27,102141,买盘
2710,11:06:14,37.73,-0.09,68,256563,卖盘
2711,11:06:11,37.82,-0.01,22,83204,中性盘
2712,11:06:08,37.83,0.1,2,7566,买盘
2713,11:06:05,37.73,-0.12,158,598661,卖盘
2714,11:06:02,37.85,-0.01,1,3785,中性盘
2715,11:05:59,37.86,0.03,52,196872,买盘
2716,11:05:56,37.83,--,3,11349,买盘
2717,11:05:53,37.83,-0.03,11,41613,卖盘
2718,11:05:50,37.86,0.02,107,405102,买盘
2719,11:05:47,37.84,--,9,34056,买盘
2720,11:05:44,37.84,--,2,7568,买盘
2721,11:05:41,37.84,-0.02,11,45332,卖盘
2722,11:05:38,37.86,0.01,3,11358,买盘
2723,11:05:35,37.85,--,0,0,卖盘
2724,11:05:32,37.85,-0.02,4,15140,卖盘
2725,11:05:29,37.87,-0.01,28,106036,卖盘
2726,11:05:26,37.88,0.01,1,3788,买盘
2727,11:05:23,37.87,0.03,56,212072,中性盘
2728,11:05:20,37.84,-0.02,58,219472,卖盘
2729,11:05:17,37.86,0.01,2,7572,买盘
2730,11:05:14,37.85,--,0,75,卖盘
2731,11:05:11,37.85,0.01,21,79485,买盘
2732,11:05:08,37.84,0.01,6,22704,买盘
2733,11:05:05,37.83,-0.01,3,11349,买盘
2734,11:05:02,37.84,-0.02,53,200552,卖盘
2735,11:04:59,37.86,0.03,44,166584,买盘
2736,11:04:50,37.83,-0.01,105,397215,中性盘
2737,11:04:47,37.84,0.04,6,22704,买盘
2738,11:04:44,37.8,--,0,0,卖盘
2739,11:04:41,37.8,-0.03,40,151200,卖盘
2740,11:04:38,37.83,0.03,63,238329,买盘
2741,11:04:35,37.8,-0.02,18,68040,卖盘
2742,11:04:32,37.82,-0.01,3,11346,卖盘
2743,11:04:29,37.83,0.01,7,26481,买盘
2744,11:04:26,37.82,0.05,24,90768,买盘
2745,11:04:23,37.77,0.02,43,163921,买盘
2746,11:04:20,37.75,--,47,177425,卖盘
2747,11:04:17,37.75,0.01,448,1694182,买盘
2748,11:04:14,37.74,--,0,0,买盘
2749,11:04:11,37.74,0.01,69,260406,买盘
2750,11:04:08,37.73,0.01,19,71687,买盘
2751,11:04:05,37.72,0.02,10,37720,中性盘
2752,11:04:02,37.7,-0.03,41,154570,卖盘
2753,11:03:59,37.73,--,3,11318,买盘
2754,11:03:56,37.73,--,10,37730,买盘
2755,11:03:53,37.73,--,3,11318,买盘
2756,11:03:50,37.73,-0.01,4,16299,卖盘
2757,11:03:47,37.74,--,8,30192,买盘
2758,11:03:44,37.74,--,9,33966,买盘
2759,11:03:41,37.74,--,49,184926,买盘
2760,11:03:38,37.74,--,5,18870,买盘
2761,11:03:35,37.74,0.01,3,11322,买盘
2762,11:03:32,37.73,--,12,45275,卖盘
2763,11:03:23,37.73,0.05,14,55387,买盘
2764,11:03:20,37.68,-0.03,45,169560,卖盘
2765,11:03:17,37.71,0.01,14,52794,卖盘
2766,11:03:14,37.7,--,0,0,中性盘
2767,11:03:11,37.7,--,5,18850,卖盘
2768,11:03:08,37.7,-0.02,10,37700,卖盘
