,time,price,change,volume,amount,type
0,15:00:00,16.46,--,0,0,卖盘
1,14:59:59,16.46,-0.03,230,378580,卖盘
2,14:59:58,16.49,--,112,184687,卖盘
3,14:59:55,16.49,0.02,176,290224,买盘
4,14:59:52,16.47,--,380,625860,卖盘
5,14:59:49,16.47,--,65,107054,买盘
6,14:59:46,16.47,--,491,808677,买盘
7,14:59:43,16.47,--,607,999728,卖盘
8,14:59:40,16.47,0.01,938,1544886,中性盘
9,14:59:37,16.46,--,301,495446,卖盘
10,14:59:34,16.46,--,1052,1731592,卖盘
11,14:59:31,16.46,--,1620,2666520,买盘
12,14:59:28,16.46,--,1592,2620432,买盘
13,14:59:25,16.46,0.01,210,345660,买盘
14,14:59:22,16.45,0.02,877,1442665,买盘
15,14:59:19,16.43,-0.02,325,533975,卖盘
16,14:59:16,16.45,--,336,552720,买盘
17,14:59:13,16.45,0.01,1185,1949325,买盘
18,14:59:10,16.44,0.02,336,552384,买盘
19,14:59:07,16.42,-0.02,635,1042670,卖盘
20,14:59:04,16.44,--,123,202212,买盘
21,14:59:01,16.44,0.02,1529,2513676,买盘
22,14:58:58,16.42,0.01,280,459760,买盘
23,14:58:55,16.41,--,133,218253,卖盘
24,14:58:52,16.41,0.01,292,479172,买盘
25,14:58:49,16.4,--,128,209919,卖盘
26,14:58:46,16.4,0.01,512,839679,买盘
27,14:58:43,16.39,-0.02,154,252406,卖盘
28,14:58:40,16.41,0.01,91,149331,买盘
29,14:58:37,16.4,0.01,320,524800,买盘
30,14:58:34,16.39,-0.01,466,763774,卖盘
31,14:58:31,16.4,--,339,556780,买盘
32,14:58:28,16.4,0.03,2186,3585039,买盘
33,14:58:25,16.37,-0.02,51,83487,卖盘
34,14:58:22,16.39,0.01,202,331078,买盘
35,14:58:19,16.38,-0.01,206,337428,买盘
36,14:58:16,16.39,0.03,52,85228,买盘
37,14:58:13,16.36,-0.02,1001,1637636,卖盘
38,14:58:10,16.38,0.01,163,266994,买盘
39,14:58:07,16.37,--,51,83487,卖盘
40,14:58:04,16.37,-0.02,1247,2041339,卖盘
41,14:58:01,16.39,0.02,302,494978,买盘
42,14:57:58,16.37,--,194,317578,卖盘
43,14:57:55,16.37,-0.01,486,795582,卖盘
44,14:57:52,16.38,-0.01,421,689598,卖盘
45,14:57:49,16.39,--,107,175373,卖盘
46,14:57:46,16.39,--,143,234377,买盘
47,14:57:43,16.39,0.02,916,1501324,买盘
48,14:57:40,16.37,-0.01,29,47473,卖盘
49,14:57:37,16.38,0.01,248,406224,买盘
50,14:57:34,16.37,--,117,191529,买盘
51,14:57:31,16.37,--,172,281564,买盘
52,14:57:28,16.37,--,139,227543,买盘
53,14:57:25,16.37,-0.02,76,124412,中性盘
54,14:57:22,16.39,0.01,151,247489,买盘
55,14:57:19,16.38,-0.01,142,232596,中性盘
56,14:57:16,16.39,--,194,317966,买盘
57,14:57:13,16.39,--,182,298298,卖盘
58,14:57:10,16.39,--,101,165539,买盘
59,14:57:07,16.39,--,148,242572,买盘
60,14:57:04,16.39,--,57,93423,买盘
61,14:57:01,16.39,--,41,67199,买盘
62,14:56:58,16.39,0.02,480,786720,买盘
63,14:56:55,16.37,-0.03,172,282382,卖盘
64,14:56:52,16.4,0.01,455,747019,买盘
65,14:56:49,16.39,0.02,352,576928,买盘
66,14:56:46,16.37,-0.02,306,500922,卖盘
67,14:56:43,16.39,-0.01,231,378609,卖盘
68,14:56:40,16.4,0.01,365,598600,买盘
69,14:56:37,16.39,-0.01,194,317966,卖盘
70,14:56:34,16.4,--,601,985639,买盘
71,14:56:31,16.4,-0.01,267,437879,卖盘
72,14:56:28,16.41,--,229,375789,买盘
73,14:56:25,16.41,0.01,86,141126,买盘
74,14:56:22,16.4,--,310,508399,卖盘
75,14:56:19,16.4,--,465,762599,买盘
76,14:56:16,16.4,--,100,164000,买盘
77,14:56:13,16.4,--,808,1325120,卖盘
78,14:56:10,16.4,--,317,519879,卖盘
79,14:56:07,16.4,--,796,1305440,买盘
80,14:56:04,16.4,--,177,290280,买盘
81,14:56:01,16.4,--,103,168919,买盘
82,14:55:58,16.4,--,430,705199,买盘
83,14:55:55,16.4,--,86,141040,买盘
84,14:55:52,16.4,0.02,238,390319,买盘
85,14:55:49,16.38,-0.01,601,984437,卖盘
86,14:55:46,16.39,--,209,342551,买盘
87,14:55:43,16.39,-0.01,779,1276781,中性盘
88,14:55:40,16.4,--,215,352599,买盘
89,14:55:37,16.4,0.01,313,513319,买盘
90,14:55:34,16.39,-0.01,486,796554,卖盘
91,14:55:31,16.4,0.01,350,574000,买盘
92,14:55:28,16.39,--,48,78672,买盘
93,14:55:25,16.39,--,228,373692,卖盘
94,14:55:22,16.39,-0.01,509,834251,卖盘
95,14:55:19,16.4,0.01,206,337839,买盘
96,14:55:16,16.39,-0.02,147,240933,卖盘
97,14:55:13,16.41,0.02,142,233022,买盘
98,14:55:10,16.39,-0.01,241,394999,卖盘
99,14:55:07,16.4,0.01,402,659673,买盘
100,14:55:03,16.39,--,2118,3471402,卖盘
101,14:55:01,16.39,0.01,674,1104686,买盘
102,14:54:58,16.38,0.03,219,358722,买盘
103,14:54:55,16.35,-0.03,289,472515,卖盘
104,14:54:52,16.38,-0.01,95,155610,中性盘
105,14:54:49,16.39,0.01,269,440891,买盘
106,14:54:46,16.38,0.03,19,31121,买盘
107,14:54:43,16.35,-0.04,77,125895,中性盘
108,14:54:40,16.39,0.05,455,745745,买盘
109,14:54:36,16.34,--,84,137256,买盘
110,14:54:34,16.34,-0.05,169,276146,中性盘
111,14:54:31,16.39,0.04,2144,3514016,买盘
112,14:54:28,16.35,--,94,153690,买盘
113,14:54:24,16.35,0.01,216,353160,买盘
114,14:54:22,16.34,0.01,54,88236,买盘
115,14:54:19,16.33,--,109,177996,买盘
116,14:54:16,16.33,-0.01,129,210656,中性盘
117,14:54:13,16.34,0.02,113,184642,中性盘
118,14:54:10,16.32,-0.03,133,217056,卖盘
119,14:54:07,16.35,0.02,118,192930,买盘
120,14:54:04,16.33,-0.02,231,377222,卖盘
121,14:54:00,16.35,0.03,127,207645,买盘
122,14:53:58,16.32,0.01,120,195840,买盘
123,14:53:54,16.31,-0.03,170,277270,中性盘
124,14:53:52,16.34,0.03,60,98040,买盘
125,14:53:49,16.31,-0.01,48,78288,卖盘
126,14:53:45,16.32,0.01,40,65280,买盘
127,14:53:43,16.31,-0.01,59,96228,卖盘
128,14:53:40,16.32,--,355,579360,卖盘
129,14:53:37,16.32,0.02,3066,5003712,买盘
130,14:53:33,16.3,-0.01,238,388282,卖盘
131,14:53:30,16.31,--,146,238125,卖盘
132,14:53:27,16.31,-0.01,125,203874,中性盘
133,14:53:24,16.32,0.02,119,194208,买盘
134,14:53:21,16.3,--,92,149960,卖盘
135,14:53:18,16.3,--,684,1116207,买盘
136,14:53:15,16.3,--,37,60310,买盘
137,14:53:12,16.3,0.01,91,148330,买盘
138,14:53:09,16.29,--,1051,1712079,买盘
139,14:53:06,16.29,-0.01,24,39096,卖盘
140,14:53:03,16.3,0.01,69,112470,买盘
141,14:53:00,16.29,--,102,166158,卖盘
142,14:52:57,16.29,--,126,205254,卖盘
143,14:52:54,16.29,0.02,457,744453,买盘
144,14:52:51,16.27,--,115,187105,买盘
145,14:52:48,16.27,-0.01,106,172462,卖盘
146,14:52:45,16.28,--,51,83028,买盘
147,14:52:42,16.28,0.01,67,109076,买盘
148,14:52:39,16.27,-0.01,265,431155,中性盘
149,14:52:36,16.28,--,73,118844,买盘
150,14:52:33,16.28,0.01,192,312576,买盘
151,14:52:30,16.27,--,98,159446,买盘
152,14:52:27,16.27,-0.01,44,71588,卖盘
153,14:52:24,16.28,--,199,323972,买盘
154,14:52:21,16.28,--,24,39072,买盘
155,14:52:17,16.28,--,171,278388,买盘
156,14:52:15,16.28,0.03,54,87912,买盘
157,14:52:12,16.25,-0.02,158,257887,卖盘
158,14:52:09,16.27,--,19,30913,卖盘
159,14:52:06,16.27,0.02,154,250558,买盘
160,14:52:03,16.25,0.01,120,195000,卖盘
161,14:52:00,16.24,0.01,221,358903,卖盘
162,14:51:57,16.23,-0.02,219,355437,卖盘
163,14:51:54,16.25,--,155,251875,买盘
164,14:51:50,16.25,--,301,489125,买盘
165,14:51:48,16.25,0.02,30,48750,买盘
166,14:51:45,16.23,-0.01,121,196383,卖盘
167,14:51:42,16.24,0.02,284,461215,买盘
168,14:51:39,16.22,--,37,60013,卖盘
169,14:51:36,16.22,--,14,22708,卖盘
170,14:51:33,16.22,0.01,63,102186,买盘
171,14:51:30,16.21,--,34,55114,卖盘
172,14:51:27,16.21,0.02,143,231803,中性盘
173,14:51:24,16.19,-0.02,1381,2235839,卖盘
174,14:51:21,16.21,--,36,58356,卖盘
175,14:51:18,16.21,0.01,449,727829,买盘
176,14:51:15,16.2,--,26,42120,卖盘
177,14:51:12,16.2,-0.01,248,401760,卖盘
178,14:51:09,16.21,0.01,32,51872,买盘
179,14:51:06,16.2,--,20,32400,卖盘
180,14:51:03,16.2,0.03,137,222717,买盘
181,14:51:00,16.17,-0.03,354,572418,卖盘
182,14:50:57,16.2,0.03,15,24300,买盘
183,14:50:54,16.17,-0.03,14,22638,卖盘
184,14:50:51,16.2,0.02,310,502200,买盘
185,14:50:48,16.18,-0.01,225,364050,卖盘
186,14:50:45,16.19,0.01,39,63141,买盘
187,14:50:42,16.18,-0.01,279,451422,卖盘
188,14:50:38,16.19,0.03,204,330276,中性盘
189,14:50:36,16.16,-0.04,318,513888,卖盘
190,14:50:33,16.2,--,25,40500,买盘
191,14:50:30,16.2,0.03,387,626940,买盘
192,14:50:27,16.17,-0.02,852,1377684,卖盘
193,14:50:24,16.19,-0.01,76,123044,卖盘
194,14:50:21,16.2,--,155,251100,买盘
195,14:50:18,16.2,--,36,58320,买盘
196,14:50:15,16.2,--,149,241380,买盘
197,14:50:12,16.2,-0.04,439,712022,卖盘
198,14:50:09,16.24,-0.01,37,60087,卖盘
199,14:50:05,16.25,0.01,41,66625,买盘
200,14:50:03,16.24,0.03,520,845259,买盘
201,14:50:00,16.21,-0.01,249,403629,卖盘
202,14:49:57,16.22,0.01,128,207616,卖盘
203,14:49:53,16.21,-0.03,1027,1664767,卖盘
204,14:49:51,16.24,0.04,436,708063,买盘
205,14:49:48,16.2,--,563,912060,卖盘
206,14:49:44,16.2,--,137,221940,卖盘
207,14:49:42,16.2,--,22,35640,卖盘
208,14:49:39,16.2,0.02,132,213840,买盘
209,14:49:36,16.18,-0.02,129,208722,卖盘
210,14:49:33,16.2,--,667,1080540,买盘
211,14:49:30,16.2,0.01,43,69660,买盘
212,14:49:27,16.19,-0.01,96,155424,卖盘
213,14:49:24,16.2,0.01,24,38880,买盘
214,14:49:21,16.19,0.01,85,137615,买盘
215,14:49:17,16.18,0.01,55,88990,买盘
216,14:49:15,16.17,--,224,362208,中性盘
217,14:49:11,16.17,--,103,166551,卖盘
218,14:49:09,16.17,--,83,134211,卖盘
219,14:49:05,16.17,--,707,1143219,卖盘
220,14:49:02,16.17,0.01,92,148764,中性盘
221,14:49:00,16.16,-0.01,260,420160,卖盘
222,14:48:57,16.17,0.01,15,24255,买盘
223,14:48:54,16.16,-0.01,26,42016,卖盘
224,14:48:51,16.17,0.01,151,244167,买盘
225,14:48:48,16.16,--,396,639936,买盘
226,14:48:45,16.16,--,130,210080,买盘
227,14:48:42,16.16,-0.02,602,972832,卖盘
228,14:48:38,16.18,0.01,31,50158,买盘
229,14:48:36,16.17,-0.02,82,132594,卖盘
230,14:48:33,16.19,0.02,128,207232,买盘
231,14:48:30,16.17,0.01,17,27489,卖盘
232,14:48:27,16.16,-0.03,84,135744,卖盘
233,14:48:24,16.19,0.01,122,197518,买盘
234,14:48:21,16.18,--,41,66338,买盘
235,14:48:18,16.18,--,261,422298,买盘
236,14:48:15,16.18,0.01,417,674706,买盘
237,14:48:12,16.17,--,99,160083,买盘
238,14:48:09,16.17,--,20,32340,买盘
239,14:48:06,16.17,--,114,184338,卖盘
240,14:48:03,16.17,--,88,142296,卖盘
241,14:48:00,16.17,-0.01,56,90552,卖盘
242,14:47:56,16.18,--,81,131058,买盘
243,14:47:54,16.18,-0.02,220,355960,卖盘
244,14:47:51,16.2,0.01,81,131220,买盘
245,14:47:48,16.19,-0.01,293,474367,卖盘
246,14:47:45,16.2,-0.01,54,87480,买盘
247,14:47:42,16.21,0.01,274,444154,买盘
248,14:47:39,16.2,--,40,64800,买盘
249,14:47:36,16.2,-0.01,184,298080,卖盘
250,14:47:33,16.21,--,60,97260,卖盘
251,14:47:30,16.21,--,8,12968,卖盘
252,14:47:27,16.21,--,25,40525,卖盘
253,14:47:23,16.21,--,474,768354,卖盘
254,14:47:19,16.21,--,36,58356,卖盘
255,14:47:16,16.21,0.01,135,218835,买盘
256,14:47:13,16.2,--,119,192780,卖盘
257,14:47:10,16.2,--,32,51840,卖盘
258,14:47:07,16.2,-0.03,105,170100,卖盘
259,14:47:04,16.23,0.02,74,120102,买盘
260,14:47:01,16.21,--,77,124817,卖盘
261,14:46:58,16.21,--,101,163721,卖盘
262,14:46:55,16.21,-0.01,107,173447,卖盘
263,14:46:52,16.22,0.01,13,21086,中性盘
264,14:46:49,16.21,--,32,51872,卖盘
265,14:46:46,16.21,-0.01,117,189657,卖盘
266,14:46:43,16.22,--,127,205994,卖盘
267,14:46:40,16.22,0.01,44,71368,买盘
268,14:46:37,16.21,--,237,384177,卖盘
269,14:46:34,16.21,--,25,40525,卖盘
270,14:46:31,16.21,-0.01,7,11347,卖盘
271,14:46:28,16.22,--,33,53525,卖盘
272,14:46:25,16.22,--,4,6488,卖盘
273,14:46:22,16.22,0.03,309,501197,买盘
274,14:46:19,16.19,0.02,21,33999,中性盘
275,14:46:16,16.17,-0.02,111,179487,卖盘
276,14:46:13,16.19,0.01,67,108473,买盘
277,14:46:10,16.18,-0.02,141,228138,卖盘
278,14:46:07,16.2,-0.01,11,17820,中性盘
279,14:46:04,16.21,0.01,564,914244,买盘
280,14:46:01,16.2,0.01,531,860220,买盘
281,14:45:58,16.19,--,106,171614,买盘
282,14:45:55,16.19,--,62,100378,买盘
283,14:45:52,16.19,--,74,119806,买盘
284,14:45:49,16.19,--,11,17809,买盘
285,14:45:46,16.19,0.02,116,187804,买盘
286,14:45:43,16.17,--,90,145530,卖盘
287,14:45:40,16.17,-0.01,512,827904,中性盘
288,14:45:37,16.18,0.02,130,210340,买盘
289,14:45:34,16.16,-0.01,24,38784,买盘
290,14:45:31,16.17,--,32,51744,买盘
291,14:45:28,16.17,0.01,16,25872,买盘
292,14:45:25,16.16,0.02,1287,2079792,买盘
293,14:45:22,16.14,--,159,256626,买盘
294,14:45:19,16.14,0.01,24,38736,买盘
295,14:45:16,16.13,0.02,57,91941,买盘
296,14:45:13,16.11,-0.01,78,125658,卖盘
297,14:45:10,16.12,0.01,23,37076,卖盘
298,14:45:07,16.11,0.01,24,38664,买盘
299,14:45:04,16.1,--,208,334880,买盘
300,14:45:01,16.1,0.01,130,209300,买盘
301,14:44:55,16.09,0.01,62,99758,买盘
302,14:44:52,16.08,-0.01,38,61103,卖盘
303,14:44:49,16.09,--,351,564759,买盘
304,14:44:46,16.09,--,91,146419,买盘
305,14:44:43,16.09,-0.01,113,181817,卖盘
306,14:44:40,16.1,-0.01,434,698740,卖盘
307,14:44:37,16.11,--,8,12888,买盘
308,14:44:34,16.11,--,22,35442,卖盘
309,14:44:31,16.11,0.01,222,357642,买盘
310,14:44:28,16.1,--,27,43470,买盘
311,14:44:25,16.1,-0.04,995,1601950,卖盘
312,14:44:22,16.14,--,146,235644,买盘
313,14:44:19,16.14,--,49,79086,买盘
314,14:44:16,16.14,--,181,292134,买盘
315,14:44:13,16.14,--,118,190452,买盘
316,14:44:10,16.14,-0.01,405,653670,卖盘
317,14:44:07,16.15,-0.01,24,38760,卖盘
318,14:44:04,16.16,0.01,68,109888,买盘
319,14:44:01,16.15,--,175,282625,买盘
320,14:43:58,16.15,--,182,293930,买盘
321,14:43:55,16.15,--,18,29069,买盘
322,14:43:52,16.15,0.02,45,72675,买盘
323,14:43:49,16.13,--,23,37099,买盘
324,14:43:46,16.13,-0.02,118,190334,卖盘
325,14:43:43,16.15,--,137,221254,买盘
326,14:43:40,16.15,0.02,80,129199,买盘
327,14:43:37,16.13,--,27,43551,卖盘
328,14:43:34,16.13,--,43,69359,卖盘
329,14:43:31,16.13,-0.02,114,183882,卖盘
330,14:43:28,16.15,-0.03,384,620160,卖盘
331,14:43:25,16.18,-0.01,24,38832,卖盘
332,14:43:22,16.19,--,89,144091,卖盘
333,14:43:19,16.19,-0.01,15,24285,卖盘
334,14:43:16,16.2,--,346,560520,卖盘
335,14:43:13,16.2,-0.01,104,168480,卖盘
336,14:43:10,16.21,-0.01,169,273949,卖盘
337,14:43:07,16.22,-0.01,53,85966,卖盘
338,14:43:04,16.23,--,63,102249,买盘
339,14:43:01,16.23,-0.01,129,209367,卖盘
340,14:42:58,16.24,-0.01,148,240351,卖盘
341,14:42:55,16.25,0.01,686,1114750,买盘
342,14:42:52,16.24,0.01,65,105559,买盘
343,14:42:49,16.23,-0.02,43,69789,卖盘
344,14:42:46,16.25,0.01,86,139750,中性盘
345,14:42:43,16.24,-0.01,252,409247,卖盘
346,14:42:40,16.25,--,46,74750,买盘
347,14:42:37,16.25,0.01,157,255125,买盘
348,14:42:34,16.24,--,24,38975,买盘
349,14:42:31,16.24,-0.01,42,68208,卖盘
350,14:42:28,16.25,0.01,207,336375,买盘
351,14:42:25,16.24,-0.01,12,19487,卖盘
352,14:42:22,16.25,--,325,528125,买盘
353,14:42:19,16.25,-0.02,46,74750,卖盘
354,14:42:16,16.27,0.02,20,32540,买盘
355,14:42:13,16.25,--,112,182000,卖盘
356,14:42:10,16.25,-0.02,145,235625,卖盘
357,14:42:07,16.27,--,127,206629,买盘
358,14:42:04,16.27,0.02,45,73215,买盘
359,14:42:01,16.25,0.01,29,47125,中性盘
360,14:41:58,16.24,--,49,79575,卖盘
361,14:41:55,16.24,--,0,0,卖盘
362,14:41:52,16.24,--,656,1065344,卖盘
363,14:41:49,16.24,0.03,539,875335,买盘
364,14:41:46,16.21,-0.02,22,35662,卖盘
365,14:41:43,16.23,0.02,116,188268,中性盘
366,14:41:40,16.21,-0.02,358,580318,卖盘
367,14:41:37,16.23,--,16,25968,卖盘
368,14:41:34,16.23,--,58,94134,卖盘
369,14:41:30,16.23,--,80,129840,卖盘
370,14:41:28,16.23,0.02,67,108741,买盘
371,14:41:25,16.21,-0.01,28,45388,卖盘
372,14:41:22,16.22,--,37,60013,卖盘
373,14:41:19,16.22,-0.01,28,45416,卖盘
374,14:41:16,16.23,0.01,98,159054,买盘
375,14:41:13,16.22,-0.03,108,175176,卖盘
376,14:41:10,16.25,0.03,2,3250,买盘
377,14:41:07,16.22,-0.02,59,95698,中性盘
378,14:41:04,16.24,0.03,20,32479,买盘
379,14:41:01,16.21,-0.01,33,53493,卖盘
380,14:40:58,16.22,-0.05,92,149224,卖盘
381,14:40:55,16.27,-0.01,23,37421,买盘
382,14:40:52,16.28,--,0,0,买盘
383,14:40:49,16.28,--,520,846560,买盘
384,14:40:46,16.28,0.03,194,315832,买盘
385,14:40:43,16.25,-0.03,216,351000,卖盘
386,14:40:40,16.28,--,2,3256,买盘
387,14:40:37,16.28,--,9,14652,买盘
388,14:40:34,16.28,--,247,402246,卖盘
389,14:40:31,16.28,--,6,9768,卖盘
390,14:40:28,16.28,--,15,24420,卖盘
391,14:40:25,16.28,-0.01,61,99308,卖盘
392,14:40:22,16.29,--,22,35838,卖盘
393,14:40:19,16.29,--,40,65160,卖盘
394,14:40:16,16.29,0.01,30,48870,中性盘
395,14:40:13,16.28,-0.02,130,211640,卖盘
396,14:40:10,16.3,0.02,5,8150,买盘
397,14:40:07,16.28,-0.02,17,27676,卖盘
398,14:40:04,16.3,0.02,54,88020,买盘
399,14:40:01,16.28,--,53,86284,卖盘
400,14:39:58,16.28,-0.01,23,37444,卖盘
401,14:39:55,16.29,0.01,56,91224,中性盘
402,14:39:52,16.28,--,72,117216,卖盘
403,14:39:49,16.28,-0.01,140,227920,卖盘
404,14:39:46,16.29,0.01,37,60273,中性盘
405,14:39:43,16.28,-0.01,139,226292,卖盘
406,14:39:40,16.29,--,21,34209,卖盘
407,14:39:37,16.29,0.01,6,9774,卖盘
408,14:39:34,16.28,-0.02,179,292909,卖盘
409,14:39:31,16.3,0.02,158,257540,买盘
410,14:39:28,16.28,--,118,192104,买盘
411,14:39:25,16.28,--,71,115588,买盘
412,14:39:22,16.28,--,44,71632,买盘
413,14:39:19,16.28,-0.02,181,294668,卖盘
414,14:39:16,16.3,0.02,67,109210,买盘
415,14:39:13,16.28,-0.01,148,240944,卖盘
416,14:39:10,16.29,--,19,30951,买盘
417,14:39:07,16.29,0.01,9,14661,买盘
418,14:39:04,16.28,-0.01,86,140008,卖盘
419,14:39:01,16.29,0.01,92,149868,买盘
420,14:38:58,16.28,--,9,14652,卖盘
421,14:38:55,16.28,--,126,205128,卖盘
422,14:38:52,16.28,--,10,16280,卖盘
423,14:38:49,16.28,-0.01,23,37444,卖盘
424,14:38:46,16.29,0.01,43,70047,买盘
425,14:38:43,16.28,-0.02,61,99308,卖盘
426,14:38:39,16.3,-0.01,2,3260,中性盘
427,14:38:37,16.31,0.01,25,40775,买盘
428,14:38:34,16.3,--,41,66830,卖盘
429,14:38:31,16.3,0.03,54,88020,买盘
430,14:38:28,16.27,-0.01,13,21151,卖盘
431,14:38:25,16.28,-0.04,524,853072,卖盘
432,14:38:22,16.32,--,56,91392,卖盘
433,14:38:19,16.32,0.02,58,94656,买盘
434,14:38:16,16.3,-0.01,52,84760,卖盘
435,14:38:12,16.31,-0.02,113,184303,卖盘
436,14:38:10,16.33,--,75,122474,买盘
437,14:38:07,16.33,-0.01,166,271078,卖盘
438,14:38:04,16.34,0.01,63,102942,买盘
439,14:38:01,16.33,-0.01,98,160033,卖盘
440,14:37:58,16.34,--,171,279414,卖盘
441,14:37:55,16.34,0.01,127,207518,中性盘
442,14:37:52,16.33,--,61,99612,买盘
443,14:37:49,16.33,0.01,20,32659,买盘
444,14:37:46,16.32,-0.02,188,306816,卖盘
445,14:37:42,16.34,-0.02,50,81700,卖盘
446,14:37:40,16.36,--,75,122700,买盘
447,14:37:37,16.36,0.02,56,91616,买盘
448,14:37:34,16.34,-0.01,35,57190,卖盘
449,14:37:30,16.35,0.01,9,14715,中性盘
450,14:37:28,16.34,-0.01,118,192812,卖盘
451,14:37:25,16.35,-0.01,37,60495,卖盘
452,14:37:22,16.36,0.01,98,160328,中性盘
453,14:37:19,16.35,-0.02,214,349890,卖盘
454,14:37:15,16.37,--,139,227543,卖盘
455,14:37:13,16.37,--,183,299571,卖盘
456,14:37:09,16.37,-0.01,197,322489,中性盘
457,14:37:07,16.38,0.03,16,26208,买盘
458,14:37:04,16.35,-0.03,104,170040,卖盘
459,14:37:01,16.38,0.03,143,234234,买盘
460,14:36:57,16.35,-0.02,212,346620,卖盘
461,14:36:55,16.37,0.04,1069,1749953,买盘
462,14:36:51,16.33,-0.01,308,502963,卖盘
463,14:36:49,16.34,--,64,104576,卖盘
464,14:36:46,16.34,--,141,230394,卖盘
465,14:36:43,16.34,--,102,166668,卖盘
466,14:36:39,16.34,0.01,1331,2174854,买盘
467,14:36:36,16.33,0.02,17,27760,买盘
468,14:36:33,16.31,-0.03,62,101121,卖盘
469,14:36:30,16.34,0.01,60,98040,买盘
470,14:36:28,16.33,-0.01,35,57154,卖盘
471,14:36:24,16.34,0.01,99,161766,买盘
472,14:36:21,16.33,--,188,307003,卖盘
473,14:36:18,16.33,0.03,221,360892,买盘
474,14:36:15,16.3,-0.01,114,185820,卖盘
475,14:36:12,16.31,--,79,128848,卖盘
476,14:36:10,16.31,--,124,202243,卖盘
477,14:36:06,16.31,--,102,166362,卖盘
478,14:36:03,16.31,--,100,163100,卖盘
479,14:36:01,16.31,--,153,249542,买盘
480,14:35:57,16.31,0.01,130,212029,买盘
481,14:35:54,16.3,-0.01,24,39120,卖盘
482,14:35:51,16.31,--,79,128848,买盘
483,14:35:49,16.31,--,69,112538,买盘
484,14:35:45,16.31,0.01,149,243018,买盘
485,14:35:42,16.3,--,275,448250,买盘
486,14:35:40,16.3,0.03,90,146700,买盘
487,14:35:37,16.27,-0.03,92,149684,卖盘
488,14:35:33,16.3,0.04,135,220050,买盘
489,14:35:30,16.26,--,231,375606,买盘
490,14:35:27,16.26,-0.01,57,92682,卖盘
491,14:35:24,16.27,0.01,127,206629,买盘
492,14:35:21,16.26,--,248,403248,买盘
493,14:35:18,16.26,0.01,52,84552,买盘
494,14:35:15,16.25,-0.01,46,74750,卖盘
495,14:35:12,16.26,-0.01,225,365850,卖盘
496,14:35:09,16.27,--,149,242423,卖盘
497,14:35:06,16.27,0.01,105,170835,买盘
498,14:35:03,16.26,-0.01,106,172356,卖盘
499,14:35:00,16.27,--,62,100874,买盘
500,14:34:57,16.27,-0.01,80,130160,买盘
501,14:34:54,16.28,0.01,30,48840,买盘
502,14:34:51,16.27,--,70,113890,卖盘
503,14:34:48,16.27,--,3,4881,卖盘
504,14:34:45,16.27,-0.02,80,130160,卖盘
505,14:34:42,16.29,-0.01,75,122175,中性盘
506,14:34:39,16.3,0.03,41,66830,买盘
507,14:34:36,16.27,-0.02,111,180597,卖盘
508,14:34:33,16.29,0.02,27,43983,卖盘
509,14:34:30,16.27,-0.04,25,40675,卖盘
510,14:34:27,16.31,--,8,13047,卖盘
511,14:34:24,16.31,--,509,830178,买盘
512,14:34:21,16.31,0.01,74,120693,买盘
513,14:34:18,16.3,--,163,265690,卖盘
514,14:34:15,16.3,-0.01,119,193970,卖盘
515,14:34:11,16.31,--,44,71764,卖盘
516,14:34:09,16.31,--,185,301735,买盘
517,14:34:05,16.31,0.01,127,207136,买盘
518,14:34:03,16.3,-0.01,113,184190,卖盘
519,14:34:00,16.31,0.01,9,14678,买盘
520,14:33:56,16.3,-0.01,23,37490,卖盘
521,14:33:54,16.31,--,18,29357,买盘
522,14:33:51,16.31,-0.02,24,39144,卖盘
523,14:33:48,16.33,0.02,113,184528,买盘
524,14:33:45,16.31,-0.04,99,161469,卖盘
525,14:33:41,16.35,--,509,832215,买盘
526,14:33:38,16.35,--,130,212550,买盘
527,14:33:35,16.35,0.01,21,34335,买盘
528,14:33:32,16.34,--,23,37582,卖盘
529,14:33:29,16.34,-0.02,75,122550,卖盘
530,14:33:27,16.36,-0.01,101,165236,卖盘
531,14:33:23,16.37,0.02,83,135871,买盘
532,14:33:20,16.35,-0.01,111,181485,卖盘
533,14:33:17,16.36,0.01,52,85072,买盘
534,14:33:14,16.35,-0.02,157,256695,卖盘
535,14:33:11,16.37,0.02,116,189892,买盘
536,14:33:08,16.35,--,83,135705,卖盘
537,14:33:05,16.35,--,34,55590,卖盘
538,14:33:02,16.35,-0.01,350,572250,卖盘
539,14:32:59,16.36,--,50,81800,卖盘
540,14:32:56,16.36,0.02,580,948880,买盘
541,14:32:53,16.34,-0.01,120,196080,卖盘
542,14:32:50,16.35,0.01,69,112815,买盘
543,14:32:47,16.34,--,384,627456,卖盘
544,14:32:44,16.34,--,159,259806,卖盘
545,14:32:41,16.34,--,68,111112,买盘
546,14:32:38,16.34,--,316,516344,买盘
547,14:32:35,16.34,-0.01,122,199348,卖盘
548,14:32:32,16.35,--,145,237075,买盘
549,14:32:29,16.35,--,334,546090,买盘
550,14:32:26,16.35,--,153,250155,买盘
551,14:32:23,16.35,0.01,293,479055,买盘
552,14:32:20,16.34,--,76,124184,卖盘
553,14:32:17,16.34,0.01,119,194446,买盘
554,14:32:14,16.33,0.02,117,191060,买盘
555,14:32:11,16.31,--,158,257697,卖盘
556,14:32:08,16.31,-0.02,148,241387,卖盘
557,14:32:05,16.33,0.03,303,494798,买盘
558,14:32:02,16.3,--,53,86390,卖盘
559,14:31:59,16.3,-0.01,10,16300,卖盘
560,14:31:56,16.31,0.01,168,274008,买盘
561,14:31:53,16.3,0.04,2406,3921780,买盘
562,14:31:50,16.26,-0.01,30,48780,中性盘
563,14:31:47,16.27,0.01,139,226153,买盘
564,14:31:44,16.26,-0.01,135,219510,买盘
565,14:31:41,16.27,--,84,136668,买盘
566,14:31:38,16.27,0.01,67,109009,买盘
567,14:31:35,16.26,--,31,50406,卖盘
568,14:31:32,16.26,--,131,213006,卖盘
569,14:31:29,16.26,--,25,40650,卖盘
570,14:31:26,16.26,-0.01,37,60162,卖盘
571,14:31:23,16.27,0.02,150,244050,买盘
572,14:31:20,16.25,-0.02,82,133250,中性盘
573,14:31:17,16.27,0.02,118,191986,买盘
574,14:31:14,16.25,--,504,819000,买盘
575,14:31:11,16.25,-0.01,96,156000,卖盘
576,14:31:08,16.26,--,259,421134,买盘
577,14:31:05,16.26,0.01,78,126828,买盘
578,14:31:02,16.25,--,80,130000,卖盘
579,14:30:59,16.25,-0.01,264,429000,卖盘
580,14:30:56,16.26,0.01,248,403248,买盘
581,14:30:53,16.25,--,105,170625,买盘
582,14:30:50,16.25,--,18,29250,买盘
583,14:30:47,16.25,--,186,302250,买盘
584,14:30:44,16.25,0.02,175,284375,买盘
585,14:30:41,16.23,-0.02,49,79527,卖盘
586,14:30:38,16.25,--,42,68250,卖盘
587,14:30:35,16.25,0.01,64,104000,买盘
588,14:30:32,16.24,0.01,484,786015,中性盘
589,14:30:29,16.23,-0.01,105,170415,卖盘
590,14:30:26,16.24,-0.01,43,69832,卖盘
591,14:30:23,16.25,--,44,71500,买盘
592,14:30:20,16.25,0.01,173,281125,买盘
593,14:30:17,16.24,-0.01,26,42223,卖盘
594,14:30:14,16.25,0.01,191,310375,买盘
595,14:30:11,16.24,--,140,227359,卖盘
596,14:30:08,16.24,-0.01,62,100687,卖盘
597,14:30:05,16.25,0.02,126,204750,买盘
598,14:30:02,16.23,0.01,138,223974,卖盘
599,14:29:59,16.22,--,97,157334,卖盘
600,14:29:56,16.22,-0.02,80,129759,卖盘
601,14:29:53,16.24,0.01,242,393007,买盘
602,14:29:50,16.23,0.01,3,4869,买盘
603,14:29:47,16.22,-0.01,22,35684,中性盘
604,14:29:44,16.23,--,118,191514,买盘
605,14:29:41,16.23,0.03,407,660561,买盘
606,14:29:38,16.2,--,33,53460,买盘
607,14:29:35,16.2,--,3,4860,买盘
608,14:29:32,16.2,0.01,14,22680,买盘
609,14:29:29,16.19,0.04,35,56665,买盘
610,14:29:23,16.15,--,0,0,卖盘
611,14:29:20,16.15,-0.01,39,62984,中性盘
612,14:29:17,16.16,0.02,82,132512,买盘
613,14:29:14,16.14,-0.01,68,109752,卖盘
614,14:29:11,16.15,--,22,35530,卖盘
615,14:29:08,16.15,0.02,49,79135,买盘
616,14:29:05,16.13,--,41,66133,卖盘
617,14:29:02,16.13,--,26,41938,卖盘
618,14:28:59,16.13,0.01,25,40325,买盘
619,14:28:56,16.12,-0.01,52,83824,卖盘
620,14:28:53,16.13,0.01,1001,1614613,买盘
621,14:28:50,16.12,--,10,16120,卖盘
622,14:28:47,16.12,--,17,27404,卖盘
623,14:28:44,16.12,--,105,169260,卖盘
624,14:28:41,16.12,--,37,59644,卖盘
625,14:28:38,16.12,--,5,8060,卖盘
626,14:28:35,16.12,--,88,141856,买盘
627,14:28:32,16.12,--,63,101556,买盘
628,14:28:29,16.12,0.02,33,53196,买盘
629,14:28:22,16.1,--,60,96600,卖盘
630,14:28:19,16.1,--,47,75670,卖盘
631,14:28:16,16.1,-0.02,34,54740,中性盘
632,14:28:13,16.12,0.02,175,282100,买盘
633,14:28:10,16.1,--,19,30590,买盘
634,14:28:07,16.1,--,9,14490,买盘
635,14:28:04,16.1,0.01,51,82110,中性盘
636,14:28:01,16.09,-0.01,60,96540,卖盘
637,14:27:58,16.1,--,100,161000,卖盘
638,14:27:55,16.1,--,30,48300,卖盘
639,14:27:52,16.1,--,18,28980,卖盘
640,14:27:49,16.1,--,4,6440,卖盘
641,14:27:46,16.1,--,54,86940,卖盘
642,14:27:43,16.1,--,133,214130,买盘
643,14:27:40,16.1,0.02,19,30590,买盘
644,14:27:37,16.08,--,71,114167,卖盘
645,14:27:34,16.08,0.03,54,86831,卖盘
646,14:27:28,16.05,--,0,0,卖盘
647,14:27:25,16.05,-0.05,415,666075,卖盘
648,14:27:22,16.1,0.01,49,78890,买盘
649,14:27:19,16.09,-0.01,96,154464,卖盘
650,14:27:16,16.1,0.01,9,14490,买盘
651,14:27:13,16.09,-0.03,65,104585,卖盘
652,14:27:10,16.12,0.04,47,75764,买盘
653,14:27:07,16.08,-0.04,55,88439,卖盘
654,14:27:04,16.12,--,21,33852,买盘
655,14:27:01,16.12,--,96,154752,买盘
656,14:26:58,16.12,-0.01,198,319176,卖盘
657,14:26:55,16.13,0.01,99,159687,买盘
658,14:26:52,16.12,--,67,108004,卖盘
659,14:26:49,16.12,--,75,120900,卖盘
660,14:26:46,16.12,--,67,108004,卖盘
661,14:26:43,16.12,-0.01,117,188604,卖盘
662,14:26:40,16.13,--,118,190334,买盘
663,14:26:37,16.13,--,66,106458,卖盘
664,14:26:34,16.13,--,33,53229,卖盘
665,14:26:31,16.13,0.01,20,32259,中性盘
666,14:26:28,16.12,-0.01,88,141856,卖盘
667,14:26:25,16.13,-0.01,4,6452,卖盘
668,14:26:22,16.14,-0.01,35,56490,中性盘
669,14:26:19,16.15,0.01,49,79135,买盘
670,14:26:16,16.14,-0.01,48,77472,卖盘
671,14:26:13,16.15,-0.01,23,37145,卖盘
672,14:26:10,16.16,-0.01,34,54944,中性盘
673,14:26:07,16.17,--,30,48510,买盘
674,14:26:04,16.17,--,218,352506,买盘
675,14:26:01,16.17,-0.01,159,257103,卖盘
676,14:25:58,16.18,0.01,45,72810,买盘
677,14:25:55,16.17,--,21,33957,卖盘
678,14:25:52,16.17,--,131,211827,卖盘
679,14:25:49,16.17,-0.01,69,111573,卖盘
680,14:25:43,16.18,--,42,67956,卖盘
681,14:25:40,16.18,--,48,77664,买盘
682,14:25:37,16.18,-0.02,8,12944,卖盘
683,14:25:34,16.2,--,17,27540,买盘
684,14:25:31,16.2,--,3,4860,买盘
685,14:25:28,16.2,0.02,86,139320,买盘
686,14:25:25,16.18,-0.02,75,121350,卖盘
687,14:25:22,16.2,--,20,32400,买盘
688,14:25:16,16.2,--,32,51840,卖盘
689,14:25:13,16.2,-0.03,61,98820,卖盘
690,14:25:10,16.23,0.01,234,379782,买盘
691,14:25:07,16.22,-0.01,82,133004,卖盘
692,14:25:04,16.23,0.01,23,37329,中性盘
693,14:25:01,16.22,--,87,141114,卖盘
694,14:24:58,16.22,--,3,4866,卖盘
695,14:24:55,16.22,-0.03,197,319534,卖盘
696,14:24:52,16.25,0.02,208,338000,卖盘
697,14:24:48,16.23,-0.02,278,451194,卖盘
698,14:24:46,16.25,--,80,130000,买盘
699,14:24:43,16.25,--,127,206375,买盘
700,14:24:40,16.25,--,11,17875,买盘
701,14:24:37,16.25,--,75,121875,卖盘
702,14:24:34,16.25,0.01,47,76375,卖盘
703,14:24:31,16.24,--,57,92567,卖盘
704,14:24:28,16.24,-0.01,37,60087,卖盘
705,14:24:25,16.25,--,91,147875,买盘
706,14:24:22,16.25,0.02,3,4875,买盘
707,14:24:19,16.23,-0.04,50,81150,卖盘
708,14:24:16,16.27,0.02,31,50437,中性盘
709,14:24:13,16.25,0.02,106,172250,买盘
710,14:24:10,16.23,0.01,2,3246,中性盘
711,14:24:07,16.22,-0.02,1103,1789065,卖盘
712,14:24:04,16.24,0.02,282,457967,买盘
713,14:24:01,16.22,--,37,60013,卖盘
714,14:23:58,16.22,--,12,19464,卖盘
715,14:23:55,16.22,0.02,11,17842,卖盘
716,14:23:52,16.2,--,16,25920,卖盘
717,14:23:49,16.2,-0.01,25,40500,卖盘
718,14:23:45,16.21,0.02,93,150753,卖盘
719,14:23:43,16.19,--,634,1026446,卖盘
720,14:23:40,16.19,--,76,123044,卖盘
721,14:23:37,16.19,--,68,110092,买盘
722,14:23:34,16.19,--,22,35618,买盘
723,14:23:31,16.19,0.01,10,16190,买盘
724,14:23:28,16.18,-0.01,125,202250,卖盘
725,14:23:25,16.19,--,26,42094,买盘
726,14:23:22,16.19,--,112,181328,买盘
727,14:23:19,16.19,0.01,20,32380,买盘
728,14:23:13,16.18,-0.01,30,48540,卖盘
729,14:23:10,16.19,--,21,33999,卖盘
730,14:23:07,16.19,--,57,92283,卖盘
731,14:23:04,16.19,--,42,67998,买盘
732,14:23:01,16.19,0.01,627,1015113,买盘
733,14:22:58,16.18,--,4,6472,卖盘
734,14:22:55,16.18,--,46,74428,卖盘
735,14:22:52,16.18,--,83,134294,卖盘
736,14:22:49,16.18,0.01,11,17798,中性盘
737,14:22:46,16.17,-0.01,145,234465,卖盘
738,14:22:43,16.18,--,111,179598,买盘
739,14:22:39,16.18,--,18,29124,买盘
740,14:22:37,16.18,-0.01,2,3236,中性盘
741,14:22:34,16.19,0.01,214,346466,买盘
742,14:22:31,16.18,-0.01,39,63102,卖盘
743,14:22:28,16.19,--,6,9714,买盘
744,14:22:22,16.19,-0.01,51,82569,卖盘
745,14:22:19,16.2,--,27,43740,买盘
746,14:22:16,16.2,--,92,149040,买盘
747,14:22:13,16.2,-0.01,16,25920,卖盘
748,14:22:10,16.21,0.01,19,30799,买盘
749,14:22:07,16.2,-0.03,33,53460,卖盘
750,14:22:04,16.23,0.02,78,126594,买盘
751,14:22:01,16.21,-0.02,53,85913,卖盘
752,14:21:58,16.23,--,68,110364,买盘
753,14:21:55,16.23,--,36,58428,买盘
754,14:21:52,16.23,--,43,69789,卖盘
755,14:21:49,16.23,--,272,441456,卖盘
756,14:21:46,16.23,0.01,122,198006,买盘
757,14:21:43,16.22,-0.01,118,191396,卖盘
758,14:21:40,16.23,-0.01,39,63297,卖盘
759,14:21:37,16.24,0.01,87,141288,买盘
760,14:21:34,16.23,--,27,43821,卖盘
761,14:21:31,16.23,--,57,92511,卖盘
762,14:21:28,16.23,--,11,17853,买盘
763,14:21:25,16.23,0.01,57,92511,中性盘
764,14:21:22,16.22,-0.03,105,170310,卖盘
765,14:21:19,16.25,--,155,251875,买盘
766,14:21:16,16.25,--,41,66625,买盘
767,14:21:13,16.25,--,155,251875,卖盘
768,14:21:10,16.25,-0.02,264,429000,卖盘
769,14:21:07,16.27,--,40,65080,买盘
770,14:21:04,16.27,0.06,340,553180,买盘
771,14:21:01,16.21,-0.06,70,113470,卖盘
772,14:20:58,16.27,--,190,309130,买盘
773,14:20:55,16.27,--,73,118771,买盘
774,14:20:52,16.27,-0.02,264,429528,中性盘
775,14:20:49,16.29,0.05,1757,2862153,买盘
776,14:20:46,16.24,-0.01,238,386511,卖盘
777,14:20:43,16.25,-0.02,261,424125,卖盘
778,14:20:40,16.27,-0.02,144,234288,卖盘
779,14:20:37,16.29,0.05,58,94482,中性盘
780,14:20:34,16.24,0.03,267,433607,中性盘
781,14:20:31,16.21,-0.09,153,248013,卖盘
782,14:20:28,16.3,0.1,2438,3973940,买盘
783,14:20:25,16.2,-0.04,24,38880,卖盘
784,14:20:22,16.24,0.04,121,196503,买盘
785,14:20:18,16.2,--,30,48600,卖盘
786,14:20:16,16.2,--,1866,3022920,买盘
787,14:20:13,16.2,0.02,453,733860,买盘
788,14:20:10,16.18,0.03,856,1385008,买盘
789,14:20:07,16.15,-0.01,233,376294,卖盘
790,14:20:04,16.16,0.02,19,30704,买盘
791,14:20:01,16.14,-0.01,260,419640,卖盘
792,14:19:58,16.15,0.01,19,30684,买盘
793,14:19:55,16.14,--,47,75858,卖盘
794,14:19:52,16.14,0.01,27,43578,中性盘
795,14:19:49,16.13,-0.02,62,100635,卖盘
796,14:19:46,16.15,0.03,26,41989,买盘
797,14:19:43,16.12,-0.03,453,730236,卖盘
798,14:19:40,16.15,--,154,248709,买盘
799,14:19:37,16.15,0.01,46,74290,买盘
800,14:19:34,16.14,--,0,0,卖盘
801,14:19:31,16.14,-0.01,43,69402,卖盘
802,14:19:28,16.15,--,8,12919,买盘
803,14:19:25,16.15,--,37,59754,卖盘
804,14:19:22,16.15,0.03,20,32299,买盘
805,14:19:19,16.12,-0.04,110,177320,卖盘
806,14:19:15,16.16,--,0,0,中性盘
807,14:19:13,16.16,0.04,4,6464,中性盘
808,14:19:09,16.12,-0.06,325,523900,卖盘
809,14:19:06,16.18,0.01,23,37214,买盘
810,14:19:04,16.17,-0.01,232,375144,卖盘
811,14:19:01,16.18,--,35,56630,买盘
812,14:18:57,16.18,--,144,232992,卖盘
813,14:18:55,16.18,--,68,110024,卖盘
814,14:18:51,16.18,-0.01,288,465984,卖盘
815,14:18:49,16.19,--,6,9714,买盘
816,14:18:45,16.19,-0.01,171,276849,卖盘
817,14:18:43,16.2,--,5,8100,买盘
818,14:18:40,16.2,--,333,540448,卖盘
819,14:18:36,16.2,--,127,205740,卖盘
820,14:18:34,16.2,--,200,324631,卖盘
821,14:18:27,16.2,-0.01,24,38880,卖盘
822,14:18:25,16.21,--,23,37283,买盘
823,14:18:22,16.21,0.01,106,171826,买盘
824,14:18:19,16.2,0.01,10,16200,买盘
825,14:18:15,16.19,-0.02,156,252564,卖盘
826,14:18:13,16.21,-0.04,760,1231960,卖盘
827,14:18:10,16.25,0.04,366,594750,买盘
828,14:18:06,16.21,--,378,612738,卖盘
829,14:18:04,16.21,--,97,157237,卖盘
830,14:18:00,16.21,0.02,119,192899,买盘
831,14:17:57,16.19,-0.02,96,155424,卖盘
832,14:17:54,16.21,--,29,47009,买盘
833,14:17:51,16.21,0.01,58,94018,买盘
834,14:17:48,16.2,--,43,69660,卖盘
835,14:17:45,16.2,--,82,132840,买盘
836,14:17:42,16.2,--,37,59940,买盘
837,14:17:39,16.2,--,51,82620,买盘
838,14:17:36,16.2,0.02,199,322380,买盘
839,14:17:33,16.18,0.01,257,415826,买盘
840,14:17:30,16.17,-0.02,68,109956,卖盘
841,14:17:27,16.19,0.01,41,66379,买盘
842,14:17:24,16.18,--,125,202250,买盘
843,14:17:21,16.18,0.02,57,92226,买盘
844,14:17:18,16.16,-0.01,137,221392,卖盘
845,14:17:15,16.17,0.01,53,85701,买盘
846,14:17:12,16.16,-0.01,15,24240,卖盘
847,14:17:09,16.17,--,32,51744,买盘
848,14:17:06,16.17,0.04,34,54978,中性盘
849,14:17:03,16.13,-0.05,1240,2000119,卖盘
850,14:17:00,16.18,0.05,155,250790,买盘
851,14:16:57,16.13,-0.02,118,190334,卖盘
852,14:16:54,16.15,0.02,35,56524,买盘
853,14:16:51,16.13,-0.03,196,316148,卖盘
854,14:16:48,16.16,0.01,50,80800,买盘
855,14:16:45,16.15,0.03,205,331074,买盘
856,14:16:42,16.12,0.03,235,378820,买盘
857,14:16:39,16.09,-0.01,26,41834,卖盘
858,14:16:36,16.1,0.01,36,57960,买盘
859,14:16:33,16.09,0.03,9,14481,买盘
860,14:16:30,16.06,-0.02,46,73876,卖盘
861,14:16:27,16.08,0.03,404,649631,买盘
862,14:16:24,16.05,0.01,47,75435,买盘
863,14:16:21,16.04,0.02,36,57744,买盘
864,14:16:18,16.02,-0.02,50,80100,卖盘
865,14:16:15,16.04,0.02,120,192480,买盘
866,14:16:12,16.02,0.02,443,709686,买盘
867,14:16:09,16.0,--,536,857600,买盘
868,14:16:06,16.0,0.02,317,507200,买盘
869,14:16:03,15.98,0.02,103,164594,买盘
870,14:16:00,15.96,-0.02,61,97356,卖盘
871,14:15:57,15.98,0.02,37,59126,买盘
872,14:15:51,15.96,0.02,63,100548,中性盘
873,14:15:48,15.94,--,113,180122,卖盘
874,14:15:45,15.94,--,157,250258,卖盘
875,14:15:42,15.94,-0.01,1,1594,中性盘
876,14:15:39,15.95,--,133,212135,买盘
877,14:15:36,15.95,0.02,222,354090,买盘
878,14:15:30,15.93,--,3,4779,买盘
879,14:15:24,15.93,0.02,8,12744,买盘
880,14:15:21,15.91,--,11,17501,买盘
881,14:15:17,15.91,--,20,31820,买盘
882,14:15:15,15.91,--,58,92278,卖盘
883,14:15:09,15.91,-0.02,47,74777,卖盘
884,14:15:06,15.93,0.01,88,140184,买盘
885,14:15:03,15.92,0.02,66,105072,买盘
886,14:15:00,15.9,-0.01,92,146280,卖盘
887,14:14:56,15.91,--,3,4773,卖盘
888,14:14:50,15.91,--,7,11137,卖盘
889,14:14:47,15.91,-0.02,2,3182,买盘
890,14:14:44,15.93,0.02,68,108324,买盘
891,14:14:41,15.91,--,30,47730,卖盘
892,14:14:35,15.91,-0.02,13,20683,中性盘
893,14:14:32,15.93,0.03,71,113103,买盘
894,14:14:29,15.9,-0.01,25,39750,卖盘
895,14:14:26,15.91,-0.01,12,19092,卖盘
896,14:14:23,15.92,0.01,21,33432,买盘
897,14:14:20,15.91,-0.02,44,70004,卖盘
898,14:14:17,15.93,0.02,2,3186,买盘
899,14:14:14,15.91,-0.01,64,101824,卖盘
900,14:14:11,15.92,-0.01,15,23880,卖盘
901,14:14:05,15.93,0.03,63,100359,买盘
902,14:14:02,15.9,-0.01,59,93810,卖盘
903,14:13:59,15.91,--,12,19092,卖盘
904,14:13:56,15.91,--,10,15910,卖盘
905,14:13:53,15.91,0.01,24,38184,买盘
906,14:13:50,15.9,-0.01,24,38160,卖盘
907,14:13:44,15.91,--,54,85914,卖盘
908,14:13:41,15.91,-0.01,44,70004,卖盘
909,14:13:38,15.92,--,1,1592,卖盘
910,14:13:35,15.92,--,4,6368,卖盘
911,14:13:32,15.92,--,5,7960,卖盘
912,14:13:29,15.92,--,8,12736,买盘
913,14:13:26,15.92,--,15,23880,买盘
914,14:13:23,15.92,0.01,17,27064,买盘
915,14:13:20,15.91,-0.01,3,4773,买盘
916,14:13:17,15.92,--,0,0,买盘
917,14:13:14,15.92,0.02,105,167160,买盘
918,14:13:11,15.9,-0.02,30,47700,卖盘
919,14:13:05,15.92,0.02,20,31840,买盘
920,14:13:02,15.9,-0.02,86,136740,卖盘
921,14:12:59,15.92,0.02,6,9552,买盘
922,14:12:56,15.9,-0.02,8,12720,卖盘
923,14:12:53,15.92,--,20,31840,买盘
924,14:12:50,15.92,0.02,52,82784,买盘
925,14:12:47,15.9,--,0,0,卖盘
926,14:12:44,15.9,-0.02,102,162180,卖盘
927,14:12:41,15.92,--,15,23880,买盘
928,14:12:38,15.92,0.01,1,1592,买盘
929,14:12:35,15.91,--,17,27047,买盘
930,14:12:32,15.91,0.03,8,12728,买盘
931,14:12:29,15.88,-0.02,27,42876,卖盘
932,14:12:26,15.9,--,17,27030,买盘
933,14:12:23,15.9,0.02,64,101760,买盘
934,14:12:20,15.88,-0.02,20,31760,卖盘
935,14:12:14,15.9,-0.02,7,11130,中性盘
936,14:12:11,15.92,--,0,0,买盘
937,14:12:05,15.92,--,4,6368,买盘
938,14:12:02,15.92,0.06,132,210144,买盘
939,14:11:56,15.86,--,26,41236,买盘
940,14:11:53,15.86,0.01,10,15860,买盘
941,14:11:50,15.85,--,14,22190,卖盘
942,14:11:47,15.85,-0.01,25,39625,卖盘
943,14:11:44,15.86,-0.02,77,122122,卖盘
944,14:11:41,15.88,0.02,4,6352,买盘
945,14:11:38,15.86,--,1,1586,卖盘
946,14:11:35,15.86,-0.02,3,4758,卖盘
947,14:11:32,15.88,--,3,4764,买盘
948,14:11:26,15.88,0.02,6,9528,买盘
949,14:11:20,15.86,-0.03,2,3172,卖盘
950,14:11:17,15.89,0.03,280,444920,买盘
951,14:11:14,15.86,-0.02,69,109434,卖盘
952,14:11:11,15.88,0.01,43,68284,买盘
953,14:11:08,15.87,-0.01,7,11109,中性盘
954,14:11:05,15.88,--,78,123864,买盘
955,14:11:02,15.88,0.01,47,74636,买盘
956,14:10:56,15.87,--,6,9522,卖盘
957,14:10:50,15.87,-0.01,15,23805,卖盘
958,14:10:47,15.88,--,14,22232,买盘
959,14:10:44,15.88,0.01,10,15880,中性盘
960,14:10:41,15.87,--,9,14283,卖盘
961,14:10:38,15.87,--,0,0,卖盘
962,14:10:35,15.87,--,4,6348,卖盘
963,14:10:29,15.87,-0.02,110,174570,卖盘
964,14:10:26,15.89,0.02,25,39725,买盘
965,14:10:23,15.87,-0.03,56,88872,卖盘
966,14:10:17,15.9,-0.02,14,22260,卖盘
967,14:10:14,15.92,--,108,171936,买盘
968,14:10:08,15.92,--,10,15920,买盘
969,14:10:05,15.92,0.02,104,165568,买盘
970,14:10:02,15.9,-0.02,55,87450,卖盘
971,14:09:59,15.92,--,0,0,买盘
972,14:09:56,15.92,0.02,20,31840,买盘
973,14:09:53,15.9,-0.02,115,182850,卖盘
974,14:09:50,15.92,--,19,30248,买盘
975,14:09:47,15.92,--,9,14328,买盘
976,14:09:43,15.92,0.01,7,11144,卖盘
977,14:09:41,15.91,-0.01,54,85914,卖盘
978,14:09:38,15.92,-0.01,51,81192,卖盘
979,14:09:35,15.93,--,4,6372,中性盘
980,14:09:32,15.93,--,2,3186,买盘
981,14:09:29,15.93,--,32,50976,买盘
982,14:09:26,15.93,0.03,5,7965,买盘
983,14:09:23,15.9,-0.04,37,58830,卖盘
984,14:09:16,15.94,0.02,10,15940,买盘
985,14:09:12,15.92,-0.01,91,144872,卖盘
986,14:09:10,15.93,--,32,50976,卖盘
987,14:09:04,15.93,--,4,6372,卖盘
988,14:09:01,15.93,-0.01,85,135405,卖盘
989,14:08:58,15.94,0.01,12,19128,买盘
990,14:08:55,15.93,--,20,31860,卖盘
991,14:08:52,15.93,0.01,26,41418,买盘
992,14:08:49,15.92,--,5,7960,卖盘
993,14:08:46,15.92,--,42,66864,卖盘
994,14:08:43,15.92,-0.01,70,111440,卖盘
995,14:08:40,15.93,--,5,7965,买盘
996,14:08:37,15.93,--,36,57348,买盘
997,14:08:34,15.93,0.01,5,7965,买盘
998,14:08:31,15.92,--,5,7960,卖盘
999,14:08:27,15.92,-0.01,2,3184,卖盘
1000,14:08:25,15.93,0.03,130,207090,买盘
1001,14:08:22,15.9,--,55,87450,卖盘
1002,14:08:16,15.9,--,65,103350,买盘
1003,14:08:12,15.9,-0.03,23,36570,卖盘
1004,14:08:10,15.93,0.01,28,44604,买盘
1005,14:08:07,15.92,--,5,7960,买盘
1006,14:08:04,15.92,0.02,6,9552,中性盘
1007,14:08:01,15.9,-0.02,43,68370,卖盘
1008,14:07:57,15.92,-0.01,12,19104,卖盘
1009,14:07:52,15.93,--,20,31860,买盘
1010,14:07:46,15.93,--,20,31860,买盘
1011,14:07:42,15.93,0.02,131,208683,中性盘
1012,14:07:39,15.91,-0.03,37,58867,卖盘
1013,14:07:37,15.94,0.02,18,28692,买盘
1014,14:07:34,15.92,-0.01,40,63680,卖盘
1015,14:07:31,15.93,0.02,2,3186,买盘
1016,14:07:28,15.91,--,0,0,卖盘
1017,14:07:24,15.91,--,116,184556,卖盘
1018,14:07:18,15.91,--,15,23865,卖盘
1019,14:07:16,15.91,0.02,91,144781,买盘
1020,14:07:13,15.89,--,84,133476,卖盘
1021,14:07:09,15.89,--,1,1589,卖盘
1022,14:07:06,15.89,--,10,15890,卖盘
1023,14:07:04,15.89,--,128,203392,买盘
1024,14:07:01,15.89,0.01,5,7945,卖盘
1025,14:06:58,15.88,-0.01,357,566916,卖盘
1026,14:06:55,15.89,--,5,7945,买盘
1027,14:06:46,15.89,--,16,25424,买盘
1028,14:06:42,15.89,--,131,208159,买盘
1029,14:06:40,15.89,--,20,31780,买盘
1030,14:06:34,15.89,--,9,14301,买盘
1031,14:06:31,15.89,--,8,12712,买盘
1032,14:06:28,15.89,--,2,3178,买盘
1033,14:06:24,15.89,0.01,36,57204,买盘
1034,14:06:22,15.88,-0.02,29,46052,卖盘
1035,14:06:19,15.9,--,0,0,买盘
1036,14:06:16,15.9,--,77,122430,买盘
1037,14:06:13,15.9,--,74,117660,买盘
1038,14:06:10,15.9,0.01,96,152640,买盘
1039,14:06:07,15.89,--,8,12712,买盘
1040,14:06:04,15.89,--,98,155722,卖盘
1041,14:06:01,15.89,--,59,93751,卖盘
1042,14:05:58,15.89,--,2,3178,卖盘
1043,14:05:55,15.89,--,10,15890,卖盘
1044,14:05:52,15.89,--,56,88984,买盘
1045,14:05:49,15.89,--,2,3178,买盘
1046,14:05:46,15.89,0.02,30,47670,买盘
1047,14:05:42,15.87,-0.02,105,166635,卖盘
1048,14:05:40,15.89,--,2,3178,买盘
1049,14:05:36,15.89,0.01,71,112819,买盘
1050,14:05:34,15.88,--,3,4764,买盘
1051,14:05:28,15.88,-0.01,4,6352,买盘
1052,14:05:22,15.89,--,0,0,买盘
1053,14:05:19,15.89,0.03,100,158900,买盘
1054,14:05:16,15.86,--,3,4758,买盘
1055,14:05:13,15.86,0.01,4,6344,中性盘
1056,14:05:07,15.85,-0.03,24,38040,卖盘
1057,14:05:04,15.88,0.02,40,63520,买盘
1058,14:05:01,15.86,-0.03,39,61854,卖盘
1059,14:04:58,15.89,0.02,73,115997,买盘
1060,14:04:55,15.87,-0.01,1,1587,卖盘
1061,14:04:46,15.88,0.03,51,80988,买盘
1062,14:04:43,15.85,-0.01,117,185445,卖盘
1063,14:04:40,15.86,0.01,58,91988,买盘
1064,14:04:37,15.85,-0.01,51,80835,卖盘
1065,14:04:34,15.86,--,3,4758,买盘
1066,14:04:28,15.86,0.01,27,42822,买盘
1067,14:04:25,15.85,0.01,11,17435,买盘
1068,14:04:22,15.84,0.01,31,49104,卖盘
1069,14:04:19,15.83,--,62,98146,买盘
1070,14:04:16,15.83,0.02,17,26911,买盘
1071,14:04:13,15.81,--,37,58497,卖盘
1072,14:04:10,15.81,-0.03,13,20553,卖盘
1073,14:04:04,15.84,--,24,38016,卖盘
1074,14:04:01,15.84,0.01,17,26928,卖盘
1075,14:03:55,15.83,--,56,88648,买盘
1076,14:03:49,15.83,0.02,36,56988,买盘
1077,14:03:46,15.81,-0.01,43,67983,卖盘
1078,14:03:43,15.82,0.01,30,47460,中性盘
1079,14:03:40,15.81,-0.02,42,66402,卖盘
1080,14:03:34,15.83,-0.01,3,4749,中性盘
1081,14:03:31,15.84,0.01,83,131472,买盘
1082,14:03:27,15.83,--,6,9498,卖盘
1083,14:03:22,15.83,--,22,34826,卖盘
1084,14:03:19,15.83,-0.01,8,12664,卖盘
1085,14:03:15,15.84,0.01,9,14256,买盘
1086,14:03:13,15.83,--,167,264361,买盘
1087,14:03:09,15.83,0.03,80,126640,买盘
1088,14:03:06,15.8,-0.01,111,175380,卖盘
1089,14:03:04,15.81,--,101,159681,买盘
1090,14:03:01,15.81,-0.01,133,210273,卖盘
1091,14:02:58,15.82,--,1,1582,买盘
1092,14:02:55,15.82,--,2,3164,买盘
1093,14:02:49,15.82,--,0,0,买盘
1094,14:02:46,15.82,--,5,7910,买盘
1095,14:02:43,15.82,0.01,92,145544,买盘
1096,14:02:40,15.81,-0.01,34,53754,卖盘
1097,14:02:34,15.82,0.01,3,4746,买盘
1098,14:02:30,15.81,--,16,25296,卖盘
1099,14:02:28,15.81,--,2,3162,卖盘
1100,14:02:25,15.81,-0.01,13,20553,卖盘
1101,14:02:22,15.82,0.01,75,118650,买盘
1102,14:02:19,15.81,--,26,41106,卖盘
1103,14:02:16,15.81,--,58,91698,卖盘
1104,14:02:13,15.81,-0.02,70,110670,卖盘
1105,14:02:10,15.83,--,27,42741,买盘
1106,14:02:04,15.83,0.01,44,69652,买盘
1107,14:02:01,15.82,--,28,44296,卖盘
1108,14:01:58,15.82,-0.01,2,3164,卖盘
1109,14:01:45,15.83,--,0,0,中性盘
1110,14:01:42,15.83,--,77,121891,卖盘
1111,14:01:40,15.83,--,51,80733,买盘
1112,14:01:36,15.83,0.02,71,112393,买盘
1113,14:01:34,15.81,-0.02,106,167586,卖盘
1114,14:01:31,15.83,--,2,3166,买盘
1115,14:01:28,15.83,--,35,55405,买盘
1116,14:01:22,15.83,0.02,1,1583,买盘
1117,14:01:19,15.81,-0.01,516,815796,卖盘
1118,14:01:16,15.82,--,14,22148,卖盘
1119,14:01:13,15.82,--,111,175602,卖盘
1120,14:01:10,15.82,0.01,34,53788,卖盘
1121,14:01:04,15.81,--,33,52173,卖盘
1122,14:01:01,15.81,--,18,28458,卖盘
1123,14:00:58,15.81,--,48,75888,卖盘
1124,14:00:54,15.81,-0.01,64,101184,卖盘
1125,14:00:49,15.82,0.01,5,7910,中性盘
1126,14:00:43,15.81,--,74,116994,卖盘
1127,14:00:40,15.81,--,39,61659,卖盘
1128,14:00:37,15.81,-0.01,71,112251,卖盘
1129,14:00:34,15.82,--,5,7910,买盘
1130,14:00:31,15.82,0.01,45,71190,买盘
1131,14:00:28,15.81,-0.02,83,131223,卖盘
1132,14:00:24,15.83,0.01,20,31660,买盘
1133,14:00:19,15.82,-0.01,37,58534,卖盘
1134,14:00:16,15.83,0.01,20,31660,买盘
1135,14:00:13,15.82,--,120,189840,卖盘
1136,14:00:10,15.82,-0.02,10,15820,卖盘
1137,14:00:07,15.84,--,10,15840,买盘
1138,14:00:04,15.84,0.01,29,45936,买盘
1139,14:00:01,15.83,-0.01,274,433742,卖盘
1140,13:59:58,15.84,0.01,3,4752,买盘
1141,13:59:49,15.83,-0.01,55,87065,卖盘
1142,13:59:46,15.84,0.01,11,17424,卖盘
1143,13:59:42,15.83,--,0,0,卖盘
1144,13:59:36,15.83,-0.01,87,137721,卖盘
1145,13:59:34,15.84,--,22,34848,卖盘
1146,13:59:30,15.84,-0.02,26,41184,卖盘
1147,13:59:27,15.86,0.01,105,166530,买盘
1148,13:59:21,15.85,0.01,108,171180,买盘
1149,13:59:16,15.84,--,70,110880,卖盘
1150,13:59:06,15.84,-0.02,81,128304,卖盘
1151,13:59:03,15.86,--,7,11102,买盘
1152,13:59:00,15.86,0.01,5,7930,买盘
1153,13:58:57,15.85,-0.01,102,161670,卖盘
1154,13:58:51,15.86,--,7,11102,买盘
1155,13:58:48,15.86,--,30,47580,卖盘
1156,13:58:46,15.86,--,87,137982,卖盘
1157,13:58:42,15.86,--,109,172874,卖盘
1158,13:58:39,15.86,--,5,7930,卖盘
1159,13:58:36,15.86,-0.01,2,3172,卖盘
1160,13:58:33,15.87,--,65,103155,买盘
1161,13:58:30,15.87,--,2,3174,买盘
1162,13:58:24,15.87,--,27,42849,买盘
1163,13:58:21,15.87,0.01,7,11109,买盘
1164,13:58:18,15.86,-0.01,63,99918,卖盘
1165,13:58:15,15.87,-0.02,62,98394,卖盘
1166,13:58:12,15.89,0.02,11,17479,买盘
1167,13:58:09,15.87,-0.02,10,15870,卖盘
1168,13:58:06,15.89,0.02,35,55615,买盘
1169,13:58:03,15.87,-0.02,1,1587,卖盘
1170,13:58:00,15.89,0.01,14,22246,买盘
1171,13:57:54,15.88,0.01,19,30172,买盘
1172,13:57:48,15.87,--,25,39675,买盘
1173,13:57:45,15.87,0.01,67,106329,中性盘
1174,13:57:42,15.86,--,5,7930,卖盘
1175,13:57:39,15.86,--,98,155428,卖盘
1176,13:57:36,15.86,-0.01,7,11102,卖盘
1177,13:57:33,15.87,--,9,14283,买盘
1178,13:57:30,15.87,0.01,2,3174,买盘
1179,13:57:21,15.86,--,22,34892,卖盘
1180,13:57:18,15.86,0.01,301,477386,买盘
1181,13:57:15,15.85,--,113,179105,卖盘
1182,13:57:09,15.85,--,34,53890,卖盘
1183,13:57:06,15.85,0.01,22,34870,买盘
1184,13:57:03,15.84,-0.02,31,49104,卖盘
1185,13:57:00,15.86,0.02,22,34892,买盘
1186,13:56:57,15.84,-0.02,54,85536,卖盘
1187,13:56:54,15.86,0.01,30,47580,买盘
1188,13:56:48,15.85,--,77,122045,买盘
1189,13:56:45,15.85,-0.02,36,57060,卖盘
1190,13:56:39,15.87,0.03,30,47610,买盘
1191,13:56:36,15.84,-0.01,15,23760,卖盘
1192,13:56:32,15.85,--,9,14265,买盘
1193,13:56:30,15.85,-0.02,10,15850,买盘
1194,13:56:27,15.87,--,0,0,买盘
1195,13:56:18,15.87,0.02,73,115851,买盘
1196,13:56:15,15.85,--,21,33285,卖盘
1197,13:56:12,15.85,-0.04,1,1585,卖盘
1198,13:56:09,15.89,--,5,7945,买盘
1199,13:56:06,15.89,0.04,6,9534,买盘
1200,13:56:03,15.85,-0.04,31,49135,卖盘
1201,13:56:00,15.89,-0.01,2,3178,买盘
1202,13:55:57,15.9,--,8,12720,买盘
1203,13:55:51,15.9,0.05,20,31800,买盘
1204,13:55:48,15.85,-0.05,45,71325,卖盘
1205,13:55:42,15.9,0.05,66,104940,买盘
1206,13:55:39,15.85,-0.04,9,14265,卖盘
1207,13:55:36,15.89,0.04,2,3178,卖盘
1208,13:55:33,15.85,-0.06,71,112535,卖盘
1209,13:55:30,15.91,0.01,2,3182,买盘
1210,13:55:23,15.9,--,1,1590,买盘
1211,13:55:21,15.9,0.01,13,20670,买盘
1212,13:55:15,15.89,-0.01,61,96929,卖盘
1213,13:55:05,15.9,--,41,65190,卖盘
1214,13:54:59,15.9,0.01,17,27030,买盘
1215,13:54:56,15.89,-0.02,58,92162,卖盘
1216,13:54:53,15.91,--,15,23865,买盘
1217,13:54:50,15.91,0.01,23,36593,买盘
1218,13:54:47,15.9,0.01,31,49290,买盘
1219,13:54:44,15.89,-0.01,91,144599,卖盘
1220,13:54:41,15.9,0.01,18,28620,买盘
1221,13:54:35,15.89,-0.01,8,12712,卖盘
1222,13:54:32,15.9,0.01,1,1590,买盘
1223,13:54:29,15.89,--,15,23835,卖盘
1224,13:54:26,15.89,0.07,406,645134,买盘
1225,13:54:23,15.82,--,2,3164,卖盘
1226,13:54:20,15.82,--,10,15820,买盘
1227,13:54:17,15.82,--,259,409738,卖盘
1228,13:54:14,15.82,--,108,170856,卖盘
1229,13:54:11,15.82,--,8,12656,卖盘
1230,13:54:08,15.82,-0.01,230,363860,卖盘
1231,13:54:05,15.83,--,61,96563,买盘
1232,13:54:02,15.83,--,3,4749,买盘
1233,13:53:59,15.83,--,67,106061,买盘
1234,13:53:56,15.83,0.01,21,33243,买盘
1235,13:53:53,15.82,0.01,35,55370,买盘
1236,13:53:50,15.81,--,101,159681,卖盘
1237,13:53:47,15.81,--,53,83793,卖盘
1238,13:53:44,15.81,-0.02,88,139128,卖盘
1239,13:53:41,15.83,0.01,2,3166,买盘
1240,13:53:38,15.82,-0.01,29,45878,卖盘
1241,13:53:35,15.83,--,65,102895,买盘
1242,13:53:32,15.83,0.01,7,11081,中性盘
1243,13:53:29,15.82,-0.01,156,246792,卖盘
1244,13:53:26,15.83,--,32,50656,卖盘
1245,13:53:17,15.83,--,94,148802,买盘
1246,13:53:14,15.83,-0.02,1,1583,中性盘
1247,13:53:11,15.85,0.02,24,38040,买盘
1248,13:53:08,15.83,--,65,102895,卖盘
1249,13:53:05,15.83,-0.02,32,50656,卖盘
1250,13:53:02,15.85,0.02,1,1585,买盘
1251,13:52:59,15.83,-0.02,27,42741,卖盘
1252,13:52:56,15.85,-0.04,44,69740,卖盘
1253,13:52:53,15.89,--,27,42903,买盘
1254,13:52:50,15.89,--,30,47670,买盘
1255,13:52:47,15.89,0.01,20,31780,中性盘
1256,13:52:44,15.88,-0.02,64,101632,卖盘
1257,13:52:35,15.9,-0.01,2,3180,中性盘
1258,13:52:32,15.91,--,1,1591,买盘
1259,13:52:29,15.91,-0.02,14,22274,卖盘
1260,13:52:23,15.93,0.02,7,11151,买盘
1261,13:52:20,15.91,0.02,3,4773,卖盘
1262,13:52:17,15.89,-0.04,61,96929,卖盘
1263,13:52:14,15.93,0.02,97,154521,买盘
1264,13:52:11,15.91,-0.02,36,57276,卖盘
1265,13:52:08,15.93,--,10,15930,买盘
1266,13:52:05,15.93,0.01,44,70092,买盘
1267,13:52:02,15.92,-0.01,62,98704,卖盘
1268,13:51:59,15.93,-0.01,7,11151,卖盘
1269,13:51:56,15.94,0.01,14,22316,买盘
1270,13:51:53,15.93,--,53,84429,卖盘
1271,13:51:50,15.93,-0.01,13,20709,卖盘
1272,13:51:47,15.94,0.01,7,11158,买盘
1273,13:51:44,15.93,--,69,109917,卖盘
1274,13:51:41,15.93,-0.02,12,19116,卖盘
1275,13:51:38,15.95,0.01,55,87725,买盘
1276,13:51:35,15.94,-0.02,1,1594,卖盘
1277,13:51:32,15.96,0.01,26,41496,买盘
1278,13:51:29,15.95,--,12,19140,卖盘
1279,13:51:26,15.95,-0.01,10,15950,卖盘
1280,13:51:23,15.96,0.02,48,76608,买盘
1281,13:51:20,15.94,--,12,19128,买盘
1282,13:51:17,15.94,--,33,52602,买盘
1283,13:51:14,15.94,-0.02,54,86076,卖盘
1284,13:51:11,15.96,0.01,18,28728,买盘
1285,13:51:08,15.95,--,30,47850,卖盘
1286,13:51:05,15.95,-0.01,30,47850,卖盘
1287,13:51:02,15.96,0.02,14,22344,卖盘
1288,13:50:59,15.94,-0.03,74,117956,卖盘
1289,13:50:56,15.97,0.02,43,68671,买盘
1290,13:50:53,15.95,--,10,15950,卖盘
1291,13:50:50,15.95,-0.01,17,27115,卖盘
1292,13:50:47,15.96,0.01,31,49476,买盘
1293,13:50:44,15.95,--,62,98890,卖盘
1294,13:50:41,15.95,-0.01,4,6380,卖盘
1295,13:50:35,15.96,0.01,52,82992,买盘
1296,13:50:32,15.95,-0.01,16,25520,卖盘
1297,13:50:26,15.96,0.01,27,43092,买盘
1298,13:50:23,15.95,-0.01,44,70180,卖盘
1299,13:50:20,15.96,0.02,22,35112,买盘
1300,13:50:17,15.94,--,1,1594,买盘
1301,13:50:14,15.94,--,57,90858,卖盘
1302,13:50:11,15.94,-0.01,57,90858,中性盘
1303,13:50:08,15.95,--,48,76560,卖盘
1304,13:50:05,15.95,0.01,224,357280,买盘
1305,13:50:02,15.94,-0.01,15,23910,卖盘
1306,13:49:59,15.95,--,3,4785,买盘
1307,13:49:56,15.95,0.01,20,31900,买盘
1308,13:49:53,15.94,--,39,62166,卖盘
1309,13:49:50,15.94,--,45,71730,卖盘
1310,13:49:47,15.94,--,72,114768,卖盘
1311,13:49:44,15.94,-0.01,72,114768,卖盘
1312,13:49:41,15.95,--,10,15950,买盘
1313,13:49:35,15.95,0.01,126,200970,买盘
1314,13:49:32,15.94,--,1,1594,买盘
1315,13:49:28,15.94,--,72,114768,买盘
1316,13:49:25,15.94,0.01,15,23910,买盘
1317,13:49:19,15.93,0.02,41,65313,买盘
1318,13:49:16,15.91,0.01,21,33411,卖盘
1319,13:49:12,15.9,-0.01,112,178080,卖盘
1320,13:49:10,15.91,--,7,11137,买盘
1321,13:49:06,15.91,0.01,3,4773,买盘
1322,13:49:03,15.9,--,17,27030,卖盘
1323,13:49:01,15.9,--,16,25440,卖盘
1324,13:48:58,15.9,--,56,89040,买盘
1325,13:48:55,15.9,0.01,5,7950,买盘
1326,13:48:52,15.89,--,32,50848,卖盘
1327,13:48:46,15.89,--,334,530726,买盘
1328,13:48:43,15.89,0.01,271,430619,买盘
1329,13:48:39,15.88,--,36,57168,卖盘
1330,13:48:36,15.88,0.02,45,72936,买盘
1331,13:48:34,15.86,-0.02,1,1586,卖盘
1332,13:48:31,15.88,--,4,6352,买盘
1333,13:48:24,15.88,0.02,2,3176,买盘
1334,13:48:22,15.86,--,6,9516,买盘
1335,13:48:19,15.86,0.02,36,57096,买盘
1336,13:48:16,15.84,--,49,77616,买盘
1337,13:48:13,15.84,-0.02,99,156816,卖盘
1338,13:48:10,15.86,--,20,31720,买盘
1339,13:48:04,15.86,0.02,3,4758,买盘
1340,13:48:01,15.84,-0.01,32,50688,卖盘
1341,13:47:54,15.85,0.01,2,3170,中性盘
1342,13:47:48,15.84,--,47,74448,卖盘
1343,13:47:46,15.84,--,16,25344,卖盘
1344,13:47:43,15.84,--,12,19008,卖盘
1345,13:47:36,15.84,--,13,20592,买盘
1346,13:47:34,15.84,-0.03,25,39600,卖盘
1347,13:47:31,15.87,-0.01,14,22218,卖盘
1348,13:47:28,15.88,--,17,26996,买盘
1349,13:47:25,15.88,0.01,2,3176,买盘
1350,13:47:15,15.87,--,10,15870,卖盘
1351,13:47:13,15.87,--,104,165048,买盘
1352,13:47:07,15.87,0.01,10,15870,买盘
1353,13:47:04,15.86,--,51,80886,卖盘
1354,13:46:55,15.86,--,36,57096,卖盘
1355,13:46:51,15.86,0.03,183,290238,买盘
1356,13:46:49,15.83,--,32,50656,买盘
1357,13:46:46,15.83,--,34,53822,买盘
1358,13:46:43,15.83,-0.01,25,39575,卖盘
1359,13:46:36,15.84,--,12,19008,卖盘
1360,13:46:33,15.84,0.01,22,34848,买盘
1361,13:46:31,15.83,--,6,9498,买盘
1362,13:46:28,15.83,--,2,3166,买盘
1363,13:46:25,15.83,--,11,17413,买盘
1364,13:46:19,15.83,--,9,14247,买盘
1365,13:46:16,15.83,--,20,31660,买盘
1366,13:46:13,15.83,-0.02,42,66486,中性盘
1367,13:46:07,15.85,--,20,31700,买盘
1368,13:46:04,15.85,0.01,19,30115,买盘
1369,13:46:01,15.84,-0.01,23,36432,卖盘
1370,13:45:55,15.85,0.03,2,3170,买盘
1371,13:45:52,15.82,-0.02,18,28476,卖盘
1372,13:45:49,15.84,--,45,71280,买盘
1373,13:45:46,15.84,0.02,6,9504,买盘
1374,13:45:43,15.82,--,72,113904,卖盘
1375,13:45:37,15.82,--,25,39550,买盘
1376,13:45:34,15.82,0.01,67,105994,买盘
1377,13:45:31,15.81,-0.01,53,83793,卖盘
1378,13:45:28,15.82,--,2,3164,买盘
1379,13:45:24,15.82,0.01,2,3164,买盘
1380,13:45:18,15.81,-0.01,2,3162,卖盘
1381,13:45:16,15.82,0.01,39,61698,买盘
1382,13:45:12,15.81,0.01,300,474300,买盘
1383,13:45:09,15.8,--,97,153260,卖盘
1384,13:45:06,15.8,--,168,265440,卖盘
1385,13:45:04,15.8,--,221,349180,卖盘
1386,13:44:58,15.8,-0.01,17,26860,卖盘
1387,13:44:55,15.81,--,6,9486,买盘
1388,13:44:52,15.81,0.01,48,75888,买盘
1389,13:44:49,15.8,-0.01,11,17380,卖盘
1390,13:44:45,15.81,--,3,4743,买盘
1391,13:44:43,15.81,0.01,86,135966,买盘
1392,13:44:40,15.8,-0.01,9,14220,卖盘
1393,13:44:37,15.81,0.01,7,11067,买盘
1394,13:44:33,15.8,-0.01,1,1580,卖盘
1395,13:44:30,15.81,0.01,117,184977,买盘
1396,13:44:28,15.8,-0.01,11,17380,卖盘
1397,13:44:24,15.81,--,12,18972,买盘
1398,13:44:22,15.81,--,20,31620,买盘
1399,13:44:19,15.81,--,12,18972,买盘
1400,13:44:16,15.81,0.01,4,6324,卖盘
1401,13:44:13,15.8,-0.01,129,203820,卖盘
1402,13:44:07,15.81,-0.01,30,47430,卖盘
1403,13:44:04,15.82,0.01,34,53788,买盘
1404,13:44:01,15.81,-0.01,20,31620,卖盘
1405,13:43:58,15.82,--,3,4746,买盘
1406,13:43:54,15.82,--,10,15820,买盘
1407,13:43:52,15.82,0.01,2,3164,买盘
1408,13:43:43,15.81,--,88,139128,卖盘
1409,13:43:34,15.81,--,2,3162,卖盘
1410,13:43:31,15.81,--,51,80631,卖盘
1411,13:43:28,15.81,--,30,47430,卖盘
1412,13:43:24,15.81,--,19,30039,买盘
1413,13:43:18,15.81,0.01,4,6324,买盘
1414,13:43:15,15.8,--,0,0,卖盘
1415,13:43:12,15.8,-0.01,64,101120,卖盘
1416,13:43:09,15.81,--,16,25296,卖盘
1417,13:43:06,15.81,-0.01,2,3162,中性盘
1418,13:43:03,15.82,0.01,37,58534,买盘
1419,13:43:00,15.81,-0.01,16,25296,卖盘
1420,13:42:55,15.82,--,5,7910,买盘
1421,13:42:51,15.82,0.01,4,6328,买盘
1422,13:42:46,15.81,--,32,50592,卖盘
1423,13:42:43,15.81,--,68,107508,卖盘
1424,13:42:39,15.81,--,1,1581,卖盘
1425,13:42:34,15.81,0.01,21,33201,买盘
1426,13:42:31,15.8,--,4,6320,卖盘
1427,13:42:28,15.8,--,51,80580,卖盘
1428,13:42:25,15.8,0.01,25,39500,中性盘
1429,13:42:22,15.79,--,14,22106,卖盘
1430,13:42:19,15.79,-0.01,9,14211,卖盘
1431,13:42:15,15.8,0.02,126,199080,买盘
1432,13:42:12,15.78,-0.01,70,110460,卖盘
1433,13:42:06,15.79,--,36,56844,卖盘
1434,13:42:04,15.79,--,85,134215,买盘
1435,13:42:00,15.79,--,3,4737,中性盘
1436,13:41:58,15.79,--,3,4737,买盘
1437,13:41:54,15.79,--,73,115267,卖盘
1438,13:41:52,15.79,--,86,135794,卖盘
1439,13:41:49,15.79,0.01,9,14211,卖盘
1440,13:41:45,15.78,-0.01,36,56808,卖盘
1441,13:41:42,15.79,-0.01,79,124741,卖盘
1442,13:41:39,15.8,0.01,16,25280,买盘
1443,13:41:37,15.79,--,69,108951,卖盘
1444,13:41:34,15.79,--,3,4737,卖盘
1445,13:41:31,15.79,-0.01,6,9474,卖盘
1446,13:41:27,15.8,0.01,4,6320,买盘
1447,13:41:25,15.79,--,72,113688,卖盘
1448,13:41:22,15.79,-0.01,33,52107,卖盘
1449,13:41:19,15.8,--,36,56880,买盘
1450,13:41:15,15.8,--,17,26860,买盘
1451,13:41:13,15.8,--,91,143780,买盘
1452,13:41:10,15.8,-0.01,130,205400,卖盘
1453,13:41:06,15.81,0.01,28,44268,买盘
1454,13:41:03,15.8,-0.01,31,48980,卖盘
1455,13:40:58,15.81,-0.03,11,17391,卖盘
1456,13:40:55,15.84,0.02,25,39600,买盘
1457,13:40:51,15.82,--,76,120232,卖盘
1458,13:40:49,15.82,0.01,48,75936,买盘
1459,13:40:46,15.81,0.01,15,23715,中性盘
1460,13:40:42,15.8,-0.02,126,199080,卖盘
1461,13:40:39,15.82,--,21,33222,买盘
1462,13:40:37,15.82,0.01,1,1582,买盘
1463,13:40:33,15.81,-0.01,99,156519,卖盘
1464,13:40:30,15.82,0.01,24,37968,买盘
1465,13:40:27,15.81,--,20,31620,买盘
1466,13:40:25,15.81,0.01,3,4743,买盘
1467,13:40:21,15.8,-0.01,8,12640,卖盘
1468,13:40:19,15.81,0.01,2,3162,买盘
1469,13:40:15,15.8,0.01,59,93220,卖盘
1470,13:40:13,15.79,--,69,108951,卖盘
1471,13:40:09,15.79,-0.02,36,56844,卖盘
1472,13:40:06,15.81,0.01,165,260865,买盘
1473,13:40:04,15.8,--,92,145360,卖盘
1474,13:40:00,15.8,-0.01,5,7900,卖盘
1475,13:39:58,15.81,--,25,39525,买盘
1476,13:39:55,15.81,0.01,31,49011,买盘
1477,13:39:48,15.8,--,21,33180,卖盘
1478,13:39:45,15.8,--,99,156420,卖盘
1479,13:39:42,15.8,--,41,64780,卖盘
1480,13:39:39,15.8,-0.01,1,1580,卖盘
1481,13:39:33,15.81,0.01,1,1581,买盘
1482,13:39:30,15.8,0.01,30,47400,卖盘
1483,13:39:27,15.79,-0.02,5,7895,卖盘
1484,13:39:24,15.81,0.01,35,55335,买盘
1485,13:39:21,15.8,--,1,1580,卖盘
1486,13:39:18,15.8,-0.01,10,15800,卖盘
1487,13:39:15,15.81,--,75,118575,买盘
1488,13:39:09,15.81,0.01,37,58497,卖盘
1489,13:39:06,15.8,-0.01,32,50560,卖盘
1490,13:39:03,15.81,--,5,7905,卖盘
1491,13:39:00,15.81,--,21,33201,卖盘
1492,13:38:54,15.81,0.01,2,3162,卖盘
1493,13:38:45,15.8,--,243,383940,买盘
1494,13:38:42,15.8,0.02,23,36340,中性盘
1495,13:38:39,15.78,-0.02,31,48918,卖盘
1496,13:38:36,15.8,-0.01,13,20540,卖盘
1497,13:38:33,15.81,--,16,25296,买盘
1498,13:38:30,15.81,0.01,5,7905,买盘
1499,13:38:24,15.8,-0.01,41,64780,卖盘
1500,13:38:21,15.81,0.01,37,58497,买盘
1501,13:38:14,15.8,-0.01,69,109020,卖盘
1502,13:38:09,15.81,--,2,3162,买盘
1503,13:38:06,15.81,--,51,80631,买盘
1504,13:38:03,15.81,0.01,17,26877,买盘
1505,13:38:00,15.8,--,17,26860,卖盘
1506,13:37:57,15.8,--,35,55300,卖盘
1507,13:37:54,15.8,--,54,85320,买盘
1508,13:37:51,15.8,--,10,15800,买盘
1509,13:37:45,15.8,--,198,312840,买盘
1510,13:37:42,15.8,--,8,12640,买盘
1511,13:37:39,15.8,--,47,74260,买盘
1512,13:37:36,15.8,--,11,17380,买盘
1513,13:37:33,15.8,0.01,21,33180,买盘
1514,13:37:30,15.79,-0.01,18,28422,卖盘
1515,13:37:27,15.8,-0.01,9,14220,买盘
1516,13:37:21,15.81,0.01,33,52173,买盘
1517,13:37:18,15.8,--,24,37920,卖盘
1518,13:37:15,15.8,-0.03,15,23700,卖盘
1519,13:37:12,15.83,--,43,68069,买盘
1520,13:37:09,15.83,0.03,5,7915,买盘
1521,13:37:06,15.8,--,46,72680,卖盘
1522,13:37:02,15.8,--,15,23700,卖盘
1523,13:37:00,15.8,-0.02,18,28440,卖盘
1524,13:36:57,15.82,-0.01,30,47460,中性盘
1525,13:36:51,15.83,-0.01,35,55405,卖盘
1526,13:36:48,15.84,--,11,17424,买盘
1527,13:36:45,15.84,0.01,582,921888,买盘
1528,13:36:42,15.83,--,38,60154,卖盘
1529,13:36:39,15.83,--,73,115559,卖盘
1530,13:36:33,15.83,--,0,0,卖盘
1531,13:36:27,15.83,-0.02,59,93397,卖盘
1532,13:36:24,15.85,0.01,40,63400,买盘
1533,13:36:21,15.84,--,7,11088,买盘
1534,13:36:18,15.84,--,20,31680,买盘
1535,13:36:15,15.84,-0.01,29,45936,卖盘
1536,13:36:12,15.85,0.01,17,26945,卖盘
1537,13:36:08,15.84,-0.02,109,172656,卖盘
1538,13:36:06,15.86,0.01,137,217282,买盘
1539,13:36:03,15.85,0.01,24,38040,买盘
1540,13:36:00,15.84,-0.01,20,31680,卖盘
1541,13:35:57,15.85,0.01,10,15850,买盘
1542,13:35:53,15.84,--,44,69696,卖盘
1543,13:35:51,15.84,-0.01,10,15840,卖盘
1544,13:35:48,15.85,0.01,19,30115,买盘
1545,13:35:45,15.84,--,65,102960,卖盘
1546,13:35:42,15.84,-0.01,21,33264,卖盘
1547,13:35:39,15.85,-0.01,45,71325,卖盘
1548,13:35:36,15.86,--,0,0,买盘
1549,13:35:33,15.86,--,7,11102,买盘
1550,13:35:30,15.86,0.02,10,15860,买盘
1551,13:35:20,15.84,--,41,64944,卖盘
1552,13:35:17,15.84,-0.01,5,7920,中性盘
1553,13:35:15,15.85,--,87,137895,买盘
1554,13:35:11,15.85,-0.01,1,1585,买盘
1555,13:35:05,15.86,--,58,91988,买盘
1556,13:35:02,15.86,0.01,87,137982,买盘
1557,13:34:59,15.85,-0.01,5,7925,卖盘
1558,13:34:56,15.86,--,55,87230,买盘
1559,13:34:53,15.86,0.01,42,66612,买盘
1560,13:34:50,15.85,--,3,4755,卖盘
1561,13:34:47,15.85,--,3,4755,卖盘
1562,13:34:44,15.85,-0.01,85,134725,卖盘
1563,13:34:41,15.86,0.01,21,33306,买盘
1564,13:34:38,15.85,--,7,11095,买盘
1565,13:34:35,15.85,0.01,23,36455,中性盘
1566,13:34:32,15.84,-0.02,44,69696,卖盘
1567,13:34:29,15.86,0.01,5,7930,买盘
1568,13:34:23,15.85,--,16,25360,卖盘
1569,13:34:20,15.85,--,3,4755,卖盘
1570,13:34:17,15.85,0.01,110,174350,买盘
1571,13:34:14,15.84,0.01,108,171072,买盘
1572,13:34:11,15.83,--,0,0,卖盘
1573,13:34:08,15.83,-0.02,26,41158,卖盘
1574,13:34:05,15.85,--,33,52305,买盘
1575,13:34:02,15.85,0.02,5,7925,买盘
1576,13:33:59,15.83,-0.02,4,6332,卖盘
1577,13:33:56,15.85,--,7,11095,买盘
1578,13:33:53,15.85,0.01,9,14265,买盘
1579,13:33:50,15.84,-0.01,11,17424,卖盘
1580,13:33:47,15.85,0.02,10,15850,买盘
1581,13:33:44,15.83,-0.02,82,129806,卖盘
1582,13:33:41,15.85,0.01,26,41210,买盘
1583,13:33:38,15.84,-0.01,8,12672,卖盘
1584,13:33:35,15.85,--,36,57060,买盘
1585,13:33:32,15.85,--,1,1585,买盘
1586,13:33:29,15.85,0.01,18,28530,买盘
1587,13:33:26,15.84,--,14,22176,卖盘
1588,13:33:23,15.84,-0.01,22,34848,卖盘
1589,13:33:20,15.85,--,32,50720,买盘
1590,13:33:17,15.85,-0.02,167,264695,卖盘
1591,13:33:14,15.87,--,167,265029,买盘
1592,13:33:08,15.87,-0.01,107,169809,买盘
1593,13:33:05,15.88,--,38,60344,买盘
1594,13:33:02,15.88,--,123,195324,买盘
1595,13:32:59,15.88,0.01,38,60344,买盘
1596,13:32:56,15.87,--,5,7935,卖盘
1597,13:32:53,15.87,--,427,677649,买盘
1598,13:32:50,15.87,--,65,103155,买盘
1599,13:32:47,15.87,--,43,68241,买盘
1600,13:32:44,15.87,0.01,73,115851,买盘
1601,13:32:41,15.86,-0.01,6,9516,卖盘
1602,13:32:38,15.87,--,15,23805,买盘
1603,13:32:32,15.87,0.02,13,20631,买盘
1604,13:32:29,15.85,-0.01,4,6340,卖盘
1605,13:32:26,15.86,--,11,17446,卖盘
1606,13:32:23,15.86,--,9,14274,买盘
1607,13:32:20,15.86,0.01,35,55510,买盘
1608,13:32:17,15.85,0.01,70,110950,买盘
1609,13:32:14,15.84,-0.01,53,83952,卖盘
1610,13:32:11,15.85,--,31,49135,卖盘
1611,13:32:08,15.85,-0.02,206,326510,中性盘
1612,13:32:05,15.87,0.02,76,120612,买盘
1613,13:32:02,15.85,0.01,116,183860,买盘
1614,13:31:59,15.84,--,16,25344,买盘
1615,13:31:56,15.84,0.01,132,209088,买盘
1616,13:31:53,15.83,-0.01,1,1583,卖盘
1617,13:31:50,15.84,0.01,306,484704,买盘
1618,13:31:44,15.83,--,108,170964,买盘
1619,13:31:41,15.83,--,14,22162,买盘
1620,13:31:38,15.83,--,1,1583,买盘
1621,13:31:35,15.83,0.01,30,47490,买盘
1622,13:31:32,15.82,--,2,3164,卖盘
1623,13:31:29,15.82,--,582,920724,买盘
1624,13:31:26,15.82,0.01,51,80682,买盘
1625,13:31:23,15.81,0.01,45,71145,买盘
1626,13:31:20,15.8,--,96,151680,买盘
1627,13:31:17,15.8,--,0,0,买盘
1628,13:31:14,15.8,0.02,84,132720,买盘
1629,13:31:11,15.78,-0.01,103,162534,卖盘
1630,13:31:08,15.79,0.04,192,303483,买盘
1631,13:31:05,15.75,-0.03,63,99225,卖盘
1632,13:31:02,15.78,0.01,168,265104,买盘
1633,13:30:59,15.77,--,54,85158,买盘
1634,13:30:56,15.77,-0.01,103,162431,中性盘
1635,13:30:53,15.78,0.01,8,12624,买盘
1636,13:30:50,15.77,--,3,4731,卖盘
1637,13:30:47,15.77,--,24,37848,卖盘
1638,13:30:44,15.77,0.04,366,577182,买盘
1639,13:30:41,15.73,0.03,196,308308,买盘
1640,13:30:38,15.7,--,1346,2114413,买盘
1641,13:30:35,15.7,--,316,496120,买盘
1642,13:30:32,15.7,0.02,881,1383170,买盘
1643,13:30:29,15.68,--,7,10976,卖盘
1644,13:30:26,15.68,-0.02,33,51744,卖盘
1645,13:30:23,15.7,--,89,139730,买盘
1646,13:30:20,15.7,--,65,102050,买盘
1647,13:30:17,15.7,--,146,229220,买盘
1648,13:30:14,15.7,--,25,39250,买盘
1649,13:30:11,15.7,--,184,288880,买盘
1650,13:30:08,15.7,-0.05,1302,2044516,卖盘
1651,13:30:05,15.75,0.05,74,116550,买盘
1652,13:30:02,15.7,-0.02,306,480420,卖盘
1653,13:29:59,15.72,0.01,19,29868,中性盘
1654,13:29:56,15.71,--,854,1341634,买盘
1655,13:29:53,15.71,--,14,21994,买盘
1656,13:29:50,15.71,-0.01,98,153958,卖盘
1657,13:29:47,15.72,0.01,146,229512,买盘
1658,13:29:44,15.71,0.01,28,43988,中性盘
1659,13:29:41,15.7,-0.01,179,281030,卖盘
1660,13:29:38,15.71,--,522,821255,买盘
1661,13:29:35,15.71,--,22,34562,买盘
1662,13:29:32,15.71,-0.01,55,86782,卖盘
1663,13:29:28,15.72,--,38,59736,买盘
1664,13:29:25,15.72,-0.01,15,23580,卖盘
1665,13:29:21,15.73,0.02,89,141192,买盘
1666,13:29:19,15.71,-0.02,1107,1740228,卖盘
1667,13:29:16,15.73,0.01,40,62920,买盘
1668,13:29:13,15.72,-0.01,83,130476,卖盘
1669,13:29:10,15.73,--,45,70785,卖盘
1670,13:29:06,15.73,--,5,7865,卖盘
1671,13:29:03,15.73,--,102,160446,买盘
1672,13:29:00,15.73,-0.01,1,1573,买盘
1673,13:28:58,15.74,0.01,77,121198,买盘
1674,13:28:55,15.73,-0.01,11,17303,卖盘
1675,13:28:52,15.74,--,8,12592,买盘
1676,13:28:45,15.74,--,1,1574,买盘
1677,13:28:42,15.74,-0.02,824,1296976,卖盘
1678,13:28:40,15.76,0.01,35,55160,买盘
1679,13:28:37,15.75,--,7,11025,卖盘
1680,13:28:34,15.75,--,10,15750,卖盘
1681,13:28:30,15.75,--,47,74025,卖盘
1682,13:28:27,15.75,-0.01,18,28350,卖盘
1683,13:28:25,15.76,--,83,130808,卖盘
1684,13:28:21,15.76,-0.01,18,28368,卖盘
1685,13:28:18,15.77,0.01,2,3154,买盘
1686,13:28:16,15.76,-0.01,16,25216,卖盘
1687,13:28:12,15.77,-0.01,34,53618,卖盘
1688,13:28:06,15.78,-0.01,80,127502,卖盘
1689,13:28:03,15.79,--,103,162637,买盘
1690,13:28:01,15.79,0.01,42,66318,买盘
1691,13:27:58,15.78,-0.01,827,1305006,卖盘
1692,13:27:54,15.79,--,96,151584,卖盘
1693,13:27:51,15.79,--,15,23685,卖盘
1694,13:27:49,15.79,-0.01,38,60002,卖盘
1695,13:27:46,15.8,0.01,25,39500,买盘
1696,13:27:42,15.79,-0.01,70,110530,卖盘
1697,13:27:39,15.8,--,10,15800,买盘
1698,13:27:37,15.8,--,1,1580,买盘
1699,13:27:33,15.8,-0.01,55,86900,卖盘
1700,13:27:30,15.81,0.01,7,11067,买盘
1701,13:27:27,15.8,--,7,11060,卖盘
1702,13:27:24,15.8,--,25,39500,卖盘
1703,13:27:22,15.8,--,76,120080,卖盘
1704,13:27:18,15.8,--,23,36340,卖盘
1705,13:27:12,15.8,--,73,115340,卖盘
1706,13:27:06,15.8,--,15,23700,卖盘
1707,13:27:04,15.8,-0.01,36,56880,卖盘
1708,13:27:01,15.81,--,22,34782,买盘
1709,13:26:54,15.81,--,2,3162,买盘
1710,13:26:51,15.81,-0.01,11,17391,卖盘
1711,13:26:48,15.82,0.01,21,33222,买盘
1712,13:26:45,15.81,-0.01,5,7905,中性盘
1713,13:26:42,15.82,0.01,131,207242,买盘
1714,13:26:40,15.81,--,5,7905,卖盘
1715,13:26:30,15.81,-0.01,4,6324,卖盘
1716,13:26:27,15.82,0.01,4,6328,买盘
1717,13:26:24,15.81,--,1,1581,卖盘
1718,13:26:21,15.81,--,6,9486,卖盘
1719,13:26:18,15.81,-0.01,14,22134,卖盘
1720,13:26:15,15.82,0.01,5,7910,中性盘
1721,13:26:13,15.81,-0.02,113,178653,卖盘
1722,13:26:09,15.83,0.01,4,6332,买盘
1723,13:26:06,15.82,-0.01,40,63280,卖盘
1724,13:26:04,15.83,--,36,56988,买盘
1725,13:26:00,15.83,0.01,12,18996,买盘
1726,13:25:57,15.82,-0.01,18,28476,卖盘
1727,13:25:55,15.83,--,2,3166,买盘
1728,13:25:51,15.83,0.01,10,15830,买盘
1729,13:25:48,15.82,--,12,18984,卖盘
1730,13:25:45,15.82,--,10,15820,卖盘
1731,13:25:43,15.82,-0.01,64,101248,卖盘
1732,13:25:36,15.83,0.01,4,6332,买盘
1733,13:25:34,15.82,--,20,31640,卖盘
1734,13:25:31,15.82,--,9,14238,卖盘
1735,13:25:27,15.82,-0.01,5,7910,卖盘
1736,13:25:24,15.83,--,18,28494,买盘
1737,13:25:21,15.83,--,7,11081,买盘
1738,13:25:15,15.83,0.01,20,31660,买盘
1739,13:25:12,15.82,-0.01,119,188258,卖盘
1740,13:25:09,15.83,0.01,11,17413,买盘
1741,13:25:03,15.82,--,33,52206,卖盘
1742,13:25:00,15.82,--,6,9492,卖盘
1743,13:24:54,15.82,--,16,25312,卖盘
1744,13:24:51,15.82,--,17,26894,卖盘
1745,13:24:49,15.82,--,47,74354,卖盘
1746,13:24:45,15.82,--,3,4746,卖盘
1747,13:24:42,15.82,--,70,110740,卖盘
1748,13:24:39,15.82,--,4,6328,卖盘
1749,13:24:37,15.82,--,101,159782,卖盘
1750,13:24:33,15.82,-0.01,94,148708,卖盘
1751,13:24:30,15.83,--,75,118725,买盘
1752,13:24:27,15.83,0.01,103,163049,买盘
1753,13:24:24,15.82,--,3,4746,卖盘
1754,13:24:22,15.82,--,36,56952,卖盘
1755,13:24:19,15.82,--,42,66444,卖盘
1756,13:24:15,15.82,--,36,56952,卖盘
1757,13:24:12,15.82,--,3,4746,卖盘
1758,13:24:09,15.82,0.01,139,219898,买盘
1759,13:24:07,15.81,-0.01,29,45849,卖盘
1760,13:24:04,15.82,0.01,193,305326,买盘
1761,13:24:01,15.81,-0.01,46,72726,卖盘
1762,13:23:57,15.82,0.01,8,12656,买盘
1763,13:23:54,15.81,--,51,80631,卖盘
1764,13:23:51,15.81,--,37,58497,买盘
1765,13:23:48,15.81,-0.01,2,3162,卖盘
1766,13:23:45,15.82,0.01,102,161364,买盘
1767,13:23:42,15.81,0.01,5,7905,中性盘
1768,13:23:39,15.8,--,75,118500,卖盘
1769,13:23:36,15.8,-0.01,30,47400,卖盘
1770,13:23:33,15.81,--,10,15810,卖盘
1771,13:23:30,15.81,--,16,25296,卖盘
1772,13:23:27,15.81,--,1,1581,卖盘
1773,13:23:24,15.81,0.03,38,60078,买盘
1774,13:23:22,15.78,-0.03,136,214608,卖盘
1775,13:23:18,15.81,--,5,7905,买盘
1776,13:23:15,15.81,0.01,85,134385,买盘
1777,13:23:12,15.8,--,14,22120,卖盘
1778,13:23:10,15.8,--,87,137460,卖盘
1779,13:23:06,15.8,-0.01,9,14220,卖盘
1780,13:23:03,15.81,0.01,59,93279,买盘
1781,13:23:01,15.8,--,17,26860,卖盘
1782,13:22:54,15.8,--,1,1580,卖盘
1783,13:22:52,15.8,--,18,28440,卖盘
1784,13:22:48,15.8,-0.01,37,58460,卖盘
1785,13:22:45,15.81,--,5,7905,卖盘
1786,13:22:43,15.81,0.01,14,22134,中性盘
1787,13:22:39,15.8,-0.01,163,257540,卖盘
1788,13:22:37,15.81,0.01,10,15810,中性盘
1789,13:22:34,15.8,-0.01,116,183280,卖盘
1790,13:22:30,15.81,-0.01,5,7905,卖盘
1791,13:22:28,15.82,--,88,139216,卖盘
1792,13:22:24,15.82,--,1,1582,卖盘
1793,13:22:21,15.82,--,44,69608,卖盘
1794,13:22:19,15.82,--,26,41132,卖盘
1795,13:22:12,15.82,--,66,104412,卖盘
1796,13:22:09,15.82,-0.02,14,22148,买盘
1797,13:22:06,15.84,--,0,0,买盘
1798,13:22:03,15.84,0.02,131,207504,买盘
1799,13:22:01,15.82,0.02,20,31640,买盘
1800,13:21:57,15.8,--,24,37920,卖盘
1801,13:21:54,15.8,-0.02,100,158000,卖盘
1802,13:21:48,15.82,0.02,1,1582,买盘
1803,13:21:46,15.8,-0.02,112,176960,卖盘
1804,13:21:42,15.82,--,72,113904,卖盘
1805,13:21:39,15.82,--,28,44296,卖盘
1806,13:21:37,15.82,--,8,12656,卖盘
1807,13:21:33,15.82,--,13,20566,卖盘
1808,13:21:30,15.82,--,1,1582,卖盘
1809,13:21:27,15.82,--,3,4746,卖盘
1810,13:21:24,15.82,--,31,49042,买盘
1811,13:21:22,15.82,-0.01,2,3164,中性盘
1812,13:21:18,15.83,0.01,34,53822,买盘
1813,13:21:15,15.82,0.01,50,79100,买盘
1814,13:21:12,15.81,--,103,162843,卖盘
1815,13:21:10,15.81,-0.02,38,60078,卖盘
1816,13:21:07,15.83,0.02,44,69652,买盘
1817,13:21:04,15.81,--,37,58497,卖盘
1818,13:21:01,15.81,--,17,26877,卖盘
1819,13:20:57,15.81,--,114,180234,卖盘
1820,13:20:54,15.81,--,2,3162,卖盘
1821,13:20:51,15.81,0.04,225,356041,买盘
1822,13:20:49,15.77,-0.04,803,1267277,卖盘
1823,13:20:46,15.81,--,162,256754,买盘
1824,13:20:42,15.81,--,131,207111,买盘
1825,13:20:40,15.81,0.01,12,18972,买盘
1826,13:20:37,15.8,--,6,9480,卖盘
1827,13:20:34,15.8,--,53,83740,买盘
1828,13:20:30,15.8,0.01,16,25280,买盘
1829,13:20:27,15.79,-0.01,17,26843,中性盘
1830,13:20:25,15.8,0.01,38,60040,买盘
1831,13:20:21,15.79,--,13,20527,卖盘
1832,13:20:18,15.79,--,3,4737,卖盘
1833,13:20:15,15.79,0.02,205,323695,买盘
1834,13:20:09,15.77,-0.02,8,12616,卖盘
1835,13:20:06,15.79,0.02,54,85266,买盘
1836,13:20:03,15.77,--,87,137199,买盘
1837,13:20:00,15.77,--,4,6308,买盘
1838,13:19:57,15.77,--,41,64657,买盘
1839,13:19:54,15.77,0.01,21,33117,买盘
1840,13:19:48,15.76,--,6,9456,卖盘
1841,13:19:45,15.76,-0.01,108,170208,卖盘
1842,13:19:42,15.77,--,12,18924,买盘
1843,13:19:39,15.77,0.01,421,663917,买盘
1844,13:19:36,15.76,-0.01,22,34672,卖盘
1845,13:19:33,15.77,--,26,41002,买盘
1846,13:19:30,15.77,--,62,97774,卖盘
1847,13:19:27,15.77,--,99,156123,买盘
1848,13:19:24,15.77,-0.01,227,357979,买盘
1849,13:19:21,15.78,0.02,38,59964,买盘
1850,13:19:18,15.76,-0.01,10,15760,卖盘
1851,13:19:15,15.77,--,84,132468,卖盘
1852,13:19:12,15.77,-0.01,68,107236,卖盘
1853,13:19:09,15.78,--,28,44184,买盘
1854,13:19:06,15.78,--,58,91524,卖盘
1855,13:19:03,15.78,--,36,56808,卖盘
1856,13:19:00,15.78,--,3,4734,卖盘
1857,13:18:57,15.78,--,16,25248,买盘
1858,13:18:54,15.78,0.02,14,22092,买盘
1859,13:18:51,15.76,0.01,5,7880,卖盘
1860,13:18:48,15.75,--,181,285075,卖盘
1861,13:18:45,15.75,-0.01,72,113400,卖盘
1862,13:18:42,15.76,0.01,169,266344,买盘
1863,13:18:39,15.75,--,11,17325,卖盘
1864,13:18:36,15.75,--,130,204750,卖盘
1865,13:18:33,15.75,0.01,437,688275,买盘
1866,13:18:30,15.74,--,5,7870,卖盘
1867,13:18:27,15.74,--,21,33054,卖盘
1868,13:18:24,15.74,--,49,77126,卖盘
1869,13:18:21,15.74,0.03,171,269815,买盘
1870,13:18:18,15.71,-0.02,6,9426,卖盘
1871,13:18:15,15.73,0.02,6,9438,买盘
1872,13:18:12,15.71,-0.02,109,171239,卖盘
1873,13:18:09,15.73,--,5,7865,买盘
1874,13:18:06,15.73,0.02,66,103818,买盘
1875,13:18:02,15.71,--,73,114683,卖盘
1876,13:18:00,15.71,--,17,26707,卖盘
1877,13:17:57,15.71,-0.02,155,243944,卖盘
1878,13:17:53,15.73,--,131,206063,买盘
1879,13:17:51,15.73,0.02,11,17303,买盘
1880,13:17:48,15.71,-0.01,99,155529,卖盘
1881,13:17:45,15.72,0.01,6,9432,中性盘
1882,13:17:41,15.71,--,79,124109,卖盘
1883,13:17:39,15.71,-0.01,85,133535,卖盘
1884,13:17:36,15.72,-0.01,31,48732,卖盘
1885,13:17:32,15.73,0.01,37,58201,买盘
1886,13:17:30,15.72,--,128,201216,卖盘
1887,13:17:26,15.72,-0.03,50,78600,卖盘
1888,13:17:24,15.75,--,67,105525,买盘
1889,13:17:21,15.75,0.02,172,270900,买盘
1890,13:17:18,15.73,--,16,25168,卖盘
1891,13:17:14,15.73,--,13,20449,卖盘
1892,13:17:12,15.73,0.01,127,199771,中性盘
1893,13:17:09,15.72,-0.04,121,190212,卖盘
1894,13:17:06,15.76,0.01,107,168632,买盘
1895,13:17:03,15.75,0.02,9,14175,买盘
1896,13:17:00,15.73,-0.02,232,364936,卖盘
1897,13:16:56,15.75,--,73,114975,卖盘
1898,13:16:54,15.75,--,16,25200,卖盘
1899,13:16:51,15.75,--,44,69300,卖盘
1900,13:16:47,15.75,-0.02,10,15750,卖盘
1901,13:16:45,15.77,--,0,0,买盘
1902,13:16:42,15.77,0.01,227,357979,买盘
1903,13:16:39,15.76,--,65,102440,卖盘
1904,13:16:36,15.76,--,64,100864,卖盘
1905,13:16:32,15.76,-0.01,16,25216,卖盘
1906,13:16:30,15.77,0.01,73,115121,买盘
1907,13:16:27,15.76,-0.01,65,102440,卖盘
1908,13:16:24,15.77,-0.01,52,82004,卖盘
1909,13:16:21,15.78,0.01,60,94680,买盘
1910,13:16:18,15.77,-0.01,4,6308,卖盘
1911,13:16:15,15.78,0.01,47,74166,买盘
1912,13:16:12,15.77,--,65,102505,卖盘
1913,13:16:09,15.77,-0.02,9,14193,卖盘
1914,13:16:06,15.79,--,73,115267,买盘
1915,13:16:03,15.79,-0.01,50,78950,卖盘
1916,13:16:00,15.8,--,8,12640,买盘
1917,13:15:53,15.8,--,19,30430,卖盘
1918,13:15:50,15.8,-0.01,93,146940,卖盘
1919,13:15:48,15.81,0.01,1,1581,买盘
1920,13:15:45,15.8,--,169,267020,卖盘
1921,13:15:42,15.8,-0.01,110,173800,卖盘
1922,13:15:39,15.81,0.01,9,14229,买盘
1923,13:15:36,15.8,-0.01,120,189600,卖盘
1924,13:15:33,15.81,0.01,6,9486,买盘
1925,13:15:29,15.8,-0.01,59,93220,卖盘
1926,13:15:26,15.81,--,31,49011,买盘
1927,13:15:23,15.81,--,262,414759,卖盘
1928,13:15:18,15.81,--,1,1581,卖盘
1929,13:15:15,15.81,-0.02,142,225735,卖盘
1930,13:15:12,15.83,--,35,55405,买盘
1931,13:15:09,15.83,0.01,15,23745,买盘
1932,13:15:05,15.82,0.01,58,91756,买盘
1933,13:15:02,15.81,--,10,15810,卖盘
1934,13:14:59,15.81,-0.01,221,349401,卖盘
1935,13:14:56,15.82,--,11,17402,卖盘
1936,13:14:53,15.82,--,19,31450,卖盘
1937,13:14:50,15.82,0.01,6,9492,买盘
1938,13:14:44,15.81,--,101,159681,卖盘
1939,13:14:41,15.81,-0.01,121,191301,卖盘
1940,13:14:38,15.82,0.01,15,23730,买盘
1941,13:14:35,15.81,--,4,6324,卖盘
1942,13:14:32,15.81,-0.01,72,113832,卖盘
1943,13:14:29,15.82,0.01,69,109158,买盘
1944,13:14:26,15.81,-0.02,51,80631,卖盘
1945,13:14:23,15.83,--,0,0,买盘
1946,13:14:20,15.83,0.02,54,85482,买盘
1947,13:14:17,15.81,-0.02,19,30039,卖盘
1948,13:14:14,15.83,--,93,147219,买盘
1949,13:14:11,15.83,--,10,15830,买盘
1950,13:14:08,15.83,--,589,932387,买盘
1951,13:14:05,15.83,--,55,87065,买盘
1952,13:14:02,15.83,--,10,15830,买盘
1953,13:13:59,15.83,--,50,79150,买盘
1954,13:13:56,15.83,-0.01,284,449572,卖盘
1955,13:13:53,15.84,--,59,93456,买盘
1956,13:13:50,15.84,0.01,37,58608,买盘
1957,13:13:47,15.83,--,31,49073,卖盘
1958,13:13:44,15.83,--,24,37992,卖盘
1959,13:13:41,15.83,--,0,0,卖盘
1960,13:13:38,15.83,--,20,31660,卖盘
1961,13:13:35,15.83,-0.02,21,33243,卖盘
1962,13:13:32,15.85,0.02,51,80835,买盘
1963,13:13:29,15.83,--,21,33243,卖盘
1964,13:13:26,15.83,--,8,12664,卖盘
1965,13:13:23,15.83,-0.03,1,1583,卖盘
1966,13:13:20,15.86,0.01,36,57096,买盘
1967,13:13:17,15.85,0.02,3,4755,卖盘
1968,13:13:14,15.83,-0.03,72,113976,卖盘
1969,13:13:11,15.86,0.01,11,17446,买盘
1970,13:13:08,15.85,0.02,45,71325,买盘
1971,13:13:05,15.83,-0.02,37,58571,卖盘
1972,13:13:02,15.85,-0.01,252,399420,卖盘
1973,13:12:59,15.86,-0.01,307,486902,卖盘
1974,13:12:56,15.87,-0.01,15,23805,买盘
1975,13:12:53,15.88,0.01,29,46052,买盘
1976,13:12:50,15.87,-0.01,66,104853,卖盘
1977,13:12:47,15.88,--,9,14292,买盘
1978,13:12:44,15.88,--,98,155624,买盘
1979,13:12:41,15.88,0.01,5,7940,买盘
1980,13:12:38,15.87,-0.01,13,20631,卖盘
1981,13:12:35,15.88,--,85,134980,买盘
1982,13:12:32,15.88,--,17,26996,买盘
1983,13:12:26,15.88,0.01,23,36524,买盘
1984,13:12:23,15.87,-0.02,1,1587,卖盘
1985,13:12:20,15.89,0.01,55,87395,买盘
1986,13:12:17,15.88,0.01,10,15880,买盘
1987,13:12:14,15.87,-0.01,65,103155,卖盘
1988,13:12:11,15.88,-0.01,4,6352,卖盘
1989,13:12:05,15.89,0.01,61,96929,买盘
1990,13:11:59,15.88,-0.01,3,4764,卖盘
1991,13:11:56,15.89,0.01,1,1589,买盘
1992,13:11:53,15.88,--,132,209616,卖盘
1993,13:11:50,15.88,-0.01,3,4764,卖盘
1994,13:11:47,15.89,0.01,63,100107,买盘
1995,13:11:44,15.88,-0.01,68,107984,卖盘
1996,13:11:41,15.89,--,67,106463,买盘
1997,13:11:38,15.89,--,5,7945,买盘
1998,13:11:32,15.89,--,54,86600,卖盘
1999,13:11:29,15.89,--,12,19068,卖盘
2000,13:11:26,15.89,--,69,109641,卖盘
2001,13:11:23,15.89,--,14,22246,卖盘
2002,13:11:20,15.89,--,116,184324,卖盘
2003,13:11:17,15.89,--,1,1589,卖盘
2004,13:11:14,15.89,-0.01,108,171612,卖盘
2005,13:11:08,15.9,0.01,15,23850,买盘
2006,13:11:05,15.89,-0.01,34,54026,卖盘
2007,13:11:02,15.9,--,40,63886,买盘
2008,13:10:59,15.9,0.01,14,22260,买盘
2009,13:10:53,15.89,-0.01,36,57204,卖盘
2010,13:10:50,15.9,--,12,19080,卖盘
2011,13:10:47,15.9,--,144,228960,卖盘
2012,13:10:44,15.9,--,1,1590,卖盘
2013,13:10:41,15.9,-0.01,68,108120,卖盘
2014,13:10:38,15.91,0.01,1,1591,买盘
2015,13:10:35,15.9,--,4,6360,卖盘
2016,13:10:32,15.9,-0.01,4,6360,卖盘
2017,13:10:26,15.91,0.01,15,23865,买盘
2018,13:10:23,15.9,--,17,27030,卖盘
2019,13:10:20,15.9,-0.01,155,246450,卖盘
2020,13:10:17,15.91,0.01,2,3182,买盘
2021,13:10:14,15.9,-0.01,26,41340,卖盘
2022,13:10:11,15.91,--,18,28638,买盘
2023,13:10:08,15.91,--,5,7955,买盘
2024,13:10:05,15.91,--,101,160691,卖盘
2025,13:10:02,15.91,--,6,9546,卖盘
2026,13:09:59,15.91,-0.02,23,36593,卖盘
2027,13:09:53,15.93,0.03,11,17523,买盘
2028,13:09:50,15.9,-0.01,79,125610,卖盘
2029,13:09:47,15.91,0.01,6,9546,中性盘
2030,13:09:44,15.9,--,11,17998,卖盘
2031,13:09:41,15.9,-0.01,77,122430,卖盘
2032,13:09:38,15.91,-0.01,6,9546,卖盘
2033,13:09:34,15.92,--,9,14328,买盘
2034,13:09:30,15.92,0.02,5,7960,买盘
2035,13:09:27,15.9,-0.03,15,23850,卖盘
2036,13:09:24,15.93,0.01,13,20709,买盘
2037,13:09:21,15.92,0.02,44,70048,中性盘
2038,13:09:19,15.9,-0.02,11,17490,卖盘
2039,13:09:15,15.92,0.02,29,46168,买盘
2040,13:09:12,15.9,0.02,2,3180,中性盘
2041,13:09:09,15.88,-0.03,102,161976,卖盘
2042,13:09:06,15.91,0.03,22,36242,买盘
2043,13:09:04,15.88,-0.02,41,65108,卖盘
2044,13:09:01,15.9,0.01,104,165360,买盘
2045,13:08:54,15.89,--,0,0,卖盘
2046,13:08:51,15.89,-0.01,30,47670,卖盘
2047,13:08:49,15.9,0.02,38,61596,买盘
2048,13:08:46,15.88,--,5,7940,买盘
2049,13:08:42,15.88,--,8,12704,买盘
2050,13:08:39,15.88,-0.03,56,88928,卖盘
2051,13:08:36,15.91,0.02,300,477300,买盘
2052,13:08:31,15.89,0.01,115,182735,买盘
2053,13:08:27,15.88,--,20,31760,卖盘
2054,13:08:21,15.88,-0.01,59,93692,卖盘
2055,13:08:18,15.89,--,5,7945,卖盘
2056,13:08:15,15.89,--,1,1589,卖盘
2057,13:08:12,15.89,0.01,2,3178,买盘
2058,13:08:10,15.88,--,118,187384,卖盘
2059,13:08:06,15.88,-0.01,23,36524,卖盘
2060,13:08:03,15.89,0.01,55,87395,买盘
2061,13:08:01,15.88,--,148,235706,卖盘
2062,13:07:57,15.88,-0.01,20,31760,卖盘
2063,13:07:54,15.89,0.01,6,9534,买盘
2064,13:07:51,15.88,--,158,252396,买盘
2065,13:07:48,15.88,--,61,96868,买盘
2066,13:07:45,15.88,--,43,68284,买盘
2067,13:07:42,15.88,0.01,34,53992,买盘
2068,13:07:39,15.87,-0.01,100,158700,卖盘
2069,13:07:36,15.88,0.01,13,20644,买盘
2070,13:07:33,15.87,-0.01,72,114264,卖盘
2071,13:07:31,15.88,--,73,115924,买盘
2072,13:07:27,15.88,0.01,39,61932,买盘
2073,13:07:25,15.87,--,20,31740,卖盘
2074,13:07:21,15.87,--,61,97045,卖盘
2075,13:07:19,15.87,--,5,7935,卖盘
2076,13:07:15,15.87,0.02,13,20631,买盘
2077,13:07:12,15.85,--,65,103025,卖盘
2078,13:07:09,15.85,--,78,123630,卖盘
2079,13:07:06,15.85,--,51,80835,卖盘
2080,13:07:03,15.85,--,32,50720,卖盘
2081,13:07:00,15.85,--,57,90788,卖盘
2082,13:06:57,15.85,0.01,37,58645,卖盘
2083,13:06:54,15.84,--,0,0,卖盘
2084,13:06:51,15.84,--,108,171072,买盘
2085,13:06:48,15.84,0.01,3,4752,买盘
2086,13:06:45,15.83,-0.01,15,23745,卖盘
2087,13:06:42,15.84,0.01,96,152064,买盘
2088,13:06:39,15.83,-0.01,6,9498,卖盘
2089,13:06:36,15.84,0.01,4,6336,买盘
2090,13:06:33,15.83,--,24,37992,卖盘
2091,13:06:30,15.83,-0.01,39,61737,卖盘
2092,13:06:28,15.84,0.01,21,33264,买盘
2093,13:06:24,15.83,--,68,107644,卖盘
2094,13:06:21,15.83,--,24,37992,卖盘
2095,13:06:18,15.83,--,35,55405,卖盘
2096,13:06:15,15.83,--,44,69652,买盘
2097,13:06:12,15.83,--,11,17413,买盘
2098,13:06:10,15.83,-0.02,89,140887,卖盘
2099,13:06:07,15.85,--,444,703740,买盘
2100,13:06:04,15.85,0.02,96,152160,买盘
2101,13:06:00,15.83,-0.02,2,3166,卖盘
2102,13:05:55,15.85,--,0,0,买盘
2103,13:05:51,15.85,0.02,83,131555,买盘
2104,13:05:48,15.83,--,60,94980,买盘
2105,13:05:46,15.83,0.01,12,18996,买盘
2106,13:05:42,15.82,-0.01,74,117068,卖盘
2107,13:05:40,15.83,-0.01,44,69652,卖盘
2108,13:05:36,15.84,-0.01,138,218592,卖盘
2109,13:05:27,15.85,--,12,19020,卖盘
2110,13:05:24,15.85,--,19,30115,卖盘
2111,13:05:21,15.85,--,7,11095,卖盘
2112,13:05:18,15.85,0.02,3,4755,卖盘
2113,13:05:12,15.83,-0.02,66,104478,卖盘
2114,13:05:09,15.85,--,1,1585,买盘
2115,13:05:06,15.85,--,17,26945,买盘
2116,13:05:03,15.85,-0.04,493,781405,卖盘
2117,13:05:01,15.89,0.01,36,57204,买盘
2118,13:04:57,15.88,--,10,15880,买盘
2119,13:04:54,15.88,--,12,19056,卖盘
2120,13:04:51,15.88,--,44,69872,卖盘
2121,13:04:48,15.88,--,5,7940,卖盘
2122,13:04:45,15.88,-0.01,11,17468,卖盘
2123,13:04:42,15.89,0.01,17,27013,买盘
2124,13:04:40,15.88,--,89,141332,卖盘
2125,13:04:36,15.88,--,5,7940,卖盘
2126,13:04:33,15.88,--,4,6352,卖盘
2127,13:04:30,15.88,-0.01,73,115924,卖盘
2128,13:04:27,15.89,0.01,49,77861,买盘
2129,13:04:24,15.88,--,3,4764,卖盘
2130,13:04:21,15.88,--,19,30172,卖盘
2131,13:04:15,15.88,--,10,15880,卖盘
2132,13:04:12,15.88,-0.02,33,52404,卖盘
2133,13:04:09,15.9,0.02,2,3180,卖盘
2134,13:04:06,15.88,-0.03,212,336656,卖盘
2135,13:04:03,15.91,0.01,40,63640,买盘
2136,13:04:00,15.9,--,36,57240,买盘
2137,13:03:57,15.9,0.02,50,79500,买盘
2138,13:03:54,15.88,--,36,57168,卖盘
2139,13:03:51,15.88,-0.02,2700,4287600,卖盘
2140,13:03:48,15.9,0.01,7,11130,买盘
2141,13:03:45,15.89,-0.01,4,6356,卖盘
2142,13:03:42,15.9,--,4,6360,买盘
2143,13:03:39,15.9,--,58,92220,买盘
2144,13:03:36,15.9,--,18,28620,买盘
2145,13:03:33,15.9,0.01,20,31800,买盘
2146,13:03:27,15.89,-0.01,14,22246,卖盘
2147,13:03:24,15.9,0.01,103,163770,买盘
2148,13:03:21,15.89,--,32,50848,卖盘
2149,13:03:18,15.89,-0.01,10,15890,卖盘
2150,13:03:15,15.9,0.01,72,114480,买盘
2151,13:03:12,15.89,-0.01,15,23835,卖盘
2152,13:03:09,15.9,0.01,37,58830,买盘
2153,13:03:06,15.89,--,24,38136,卖盘
2154,13:03:03,15.89,-0.01,56,88984,卖盘
2155,13:02:57,15.9,0.01,5,7950,买盘
2156,13:02:51,15.89,-0.01,4,6356,卖盘
2157,13:02:48,15.9,0.01,3,4770,买盘
2158,13:02:42,15.89,-0.01,76,120764,卖盘
2159,13:02:39,15.9,--,30,47700,买盘
2160,13:02:36,15.9,0.01,19,30210,买盘
2161,13:02:33,15.89,-0.01,27,42903,卖盘
2162,13:02:30,15.9,--,80,127200,买盘
2163,13:02:27,15.9,--,5,7950,买盘
2164,13:02:21,15.9,0.02,19,30210,买盘
2165,13:02:18,15.88,-0.01,121,192148,卖盘
2166,13:02:15,15.89,0.01,1,1589,中性盘
2167,13:02:12,15.88,--,44,69872,卖盘
2168,13:02:09,15.88,--,4,6352,卖盘
2169,13:02:06,15.88,--,12,19056,卖盘
2170,13:02:03,15.88,--,65,103220,卖盘
2171,13:02:00,15.88,-0.01,257,408116,卖盘
2172,13:01:57,15.89,--,52,82628,买盘
2173,13:01:51,15.89,0.01,38,60382,买盘
2174,13:01:45,15.88,--,27,42876,卖盘
2175,13:01:42,15.88,--,27,42876,卖盘
2176,13:01:39,15.88,--,62,98456,卖盘
2177,13:01:36,15.88,--,50,79400,卖盘
2178,13:01:33,15.88,--,11,17468,卖盘
2179,13:01:30,15.88,--,27,42876,卖盘
2180,13:01:24,15.88,-0.01,10,15880,卖盘
2181,13:01:18,15.89,--,147,233583,卖盘
2182,13:01:12,15.89,--,204,324156,卖盘
2183,13:01:10,15.89,-0.01,22,34958,卖盘
2184,13:01:06,15.9,0.01,2,3180,买盘
2185,13:01:03,15.89,-0.01,32,50848,卖盘
2186,13:01:01,15.9,--,110,174900,买盘
2187,13:00:54,15.9,--,26,41340,卖盘
2188,13:00:52,15.9,--,31,49290,卖盘
2189,13:00:48,15.9,--,31,49290,卖盘
2190,13:00:42,15.9,--,1,1590,卖盘
2191,13:00:40,15.9,--,10,15900,卖盘
2192,13:00:34,15.9,--,246,391140,卖盘
2193,13:00:27,15.9,--,203,322770,卖盘
2194,13:00:15,15.9,--,58,92220,卖盘
2195,13:00:09,15.9,--,17,27030,卖盘
2196,13:00:06,15.9,-0.01,641,1019190,卖盘
2197,13:00:03,15.91,-0.04,1054,1678218,卖盘
2198,11:30:00,15.95,--,0,0,买盘
2199,11:29:59,15.95,--,0,0,买盘
2200,11:29:57,15.95,--,5,7975,买盘
2201,11:29:54,15.95,0.02,53,84535,买盘
2202,11:29:51,15.93,--,49,78057,买盘
2203,11:29:48,15.93,0.01,15,23895,买盘
2204,11:29:45,15.92,-0.03,200,318400,卖盘
2205,11:29:42,15.95,--,1,1595,买盘
2206,11:29:39,15.95,0.02,2,3190,买盘
2207,11:29:33,15.93,--,2,3186,卖盘
2208,11:29:30,15.93,--,10,15930,卖盘
2209,11:29:27,15.93,--,0,286,买盘
2210,11:29:24,15.93,--,12,19116,买盘
2211,11:29:21,15.93,-0.02,15,25201,卖盘
2212,11:29:18,15.95,--,18,28710,买盘
2213,11:29:12,15.95,--,15,23925,买盘
2214,11:29:09,15.95,-0.05,183,291885,卖盘
2215,11:29:06,16.0,--,50,80000,买盘
2216,11:29:03,16.0,--,50,80000,买盘
2217,11:29:00,16.0,--,11,17600,买盘
2218,11:28:57,16.0,--,61,97600,买盘
2219,11:28:54,16.0,0.03,194,310400,买盘
2220,11:28:51,15.97,--,0,0,中性盘
2221,11:28:48,15.97,-0.03,2,3194,中性盘
2222,11:28:45,16.0,0.04,200,320000,买盘
2223,11:28:42,15.96,-0.01,38,60648,卖盘
2224,11:28:39,15.97,0.02,412,657964,买盘
2225,11:28:36,15.95,--,0,0,卖盘
2226,11:28:33,15.95,-0.03,3,4785,卖盘
2227,11:28:27,15.98,0.03,102,162996,买盘
2228,11:28:21,15.95,--,53,84535,买盘
2229,11:28:18,15.95,--,14,22330,买盘
2230,11:28:14,15.95,--,4,6380,买盘
2231,11:28:12,15.95,--,5,7975,买盘
2232,11:28:09,15.95,--,2,3190,买盘
2233,11:28:06,15.95,--,47,74965,买盘
2234,11:28:03,15.95,0.01,4,6380,买盘
2235,11:28:00,15.94,--,1,1594,卖盘
2236,11:27:57,15.94,--,2,3188,卖盘
2237,11:27:54,15.94,--,15,23910,卖盘
2238,11:27:50,15.94,0.01,32,51294,买盘
2239,11:27:48,15.93,--,10,15930,卖盘
2240,11:27:45,15.93,0.01,418,665874,买盘
2241,11:27:39,15.92,--,1,1592,卖盘
2242,11:27:36,15.92,--,30,47760,卖盘
2243,11:27:33,15.92,--,10,15920,卖盘
2244,11:27:27,15.92,--,10,15920,卖盘
2245,11:27:24,15.92,0.01,22,35024,卖盘
2246,11:27:21,15.91,-0.02,77,122507,卖盘
2247,11:27:18,15.93,0.02,17,27081,买盘
2248,11:27:14,15.91,-0.01,11,17501,卖盘
2249,11:27:11,15.92,-0.01,28,44576,买盘
2250,11:27:08,15.93,--,0,0,买盘
2251,11:27:05,15.93,--,36,57348,买盘
2252,11:27:02,15.93,0.01,203,323379,买盘
2253,11:26:59,15.92,--,60,95520,卖盘
2254,11:26:56,15.92,-0.01,55,87560,卖盘
2255,11:26:53,15.93,--,41,65313,买盘
2256,11:26:50,15.93,--,46,73278,买盘
2257,11:26:47,15.93,--,4,6372,买盘
2258,11:26:44,15.93,--,1,1593,买盘
2259,11:26:38,15.93,--,5,7965,买盘
2260,11:26:35,15.93,0.02,2,3186,买盘
2261,11:26:32,15.91,--,90,143190,卖盘
2262,11:26:29,15.91,-0.04,203,322973,卖盘
2263,11:26:26,15.95,--,0,0,买盘
2264,11:26:23,15.95,0.04,2,3190,买盘
2265,11:26:20,15.91,-0.02,42,66822,卖盘
2266,11:26:17,15.93,0.01,74,117882,买盘
2267,11:26:14,15.92,--,29,46168,卖盘
2268,11:26:11,15.92,-0.01,41,65272,卖盘
2269,11:26:08,15.93,--,41,65313,买盘
2270,11:26:05,15.93,--,13,20709,买盘
2271,11:26:02,15.93,--,40,63720,卖盘
2272,11:25:59,15.93,--,10,15930,卖盘
2273,11:25:56,15.93,--,73,116289,卖盘
2274,11:25:53,15.93,--,52,82836,卖盘
2275,11:25:50,15.93,--,0,0,卖盘
2276,11:25:47,15.93,--,7,11151,卖盘
2277,11:25:44,15.93,--,31,49383,卖盘
2278,11:25:38,15.93,--,0,0,卖盘
2279,11:25:35,15.93,-0.02,13,20709,卖盘
2280,11:25:32,15.95,--,14,22330,买盘
2281,11:25:29,15.95,0.02,24,38280,买盘
2282,11:25:26,15.93,-0.02,26,41418,卖盘
2283,11:25:20,15.95,0.01,45,71775,买盘
2284,11:25:17,15.94,0.01,24,38256,中性盘
2285,11:25:14,15.93,-0.01,325,517725,卖盘
2286,11:25:11,15.94,-0.01,41,65354,中性盘
2287,11:25:05,15.95,0.02,4,6380,买盘
2288,11:25:02,15.93,-0.02,106,168858,卖盘
2289,11:24:59,15.95,--,72,114840,卖盘
2290,11:24:56,15.95,--,27,43065,卖盘
2291,11:24:53,15.95,-0.01,21,33495,卖盘
2292,11:24:50,15.96,--,8,12768,买盘
2293,11:24:47,15.96,--,76,121296,卖盘
2294,11:24:41,15.96,--,14,22344,卖盘
2295,11:24:38,15.96,-0.01,6,9576,卖盘
2296,11:24:35,15.97,--,4,6388,买盘
2297,11:24:26,15.97,-0.02,24,38328,卖盘
2298,11:24:23,15.99,--,0,0,买盘
2299,11:24:20,15.99,0.01,23,36777,买盘
2300,11:24:17,15.98,-0.02,28,44744,卖盘
2301,11:24:08,16.0,0.02,41,65600,买盘
2302,11:24:05,15.98,-0.01,36,57528,卖盘
2303,11:24:01,15.99,0.01,37,59163,买盘
2304,11:23:59,15.98,--,12,19176,卖盘
2305,11:23:56,15.98,-0.01,317,506566,卖盘
2306,11:23:53,15.99,-0.01,16,25584,卖盘
2307,11:23:50,16.0,--,12,19200,买盘
2308,11:23:44,16.0,-0.01,34,54400,卖盘
2309,11:23:41,16.01,--,3,4803,买盘
2310,11:23:38,16.01,-0.04,0,1312,卖盘
2311,11:23:35,16.05,--,3,4815,买盘
2312,11:23:31,16.05,--,40,64488,买盘
2313,11:23:28,16.05,0.05,3,4815,买盘
2314,11:23:22,16.0,--,69,110400,卖盘
2315,11:23:20,16.0,--,89,142400,卖盘
2316,11:23:17,16.0,--,2,3200,卖盘
2317,11:23:14,16.0,--,31,49600,买盘
2318,11:23:11,16.0,--,11,17600,买盘
2319,11:23:07,16.0,--,2,3200,买盘
2320,11:23:05,16.0,--,417,667200,买盘
2321,11:23:02,16.0,--,107,171200,买盘
2322,11:22:59,16.0,-0.02,362,579200,卖盘
2323,11:22:56,16.02,-0.03,5,8010,卖盘
2324,11:22:53,16.05,-0.01,22,35310,中性盘
2325,11:22:49,16.06,0.05,1,1605,买盘
2326,11:22:46,16.01,--,2,3202,卖盘
2327,11:22:44,16.01,-0.05,21,33621,卖盘
2328,11:22:41,16.06,--,0,0,买盘
2329,11:22:38,16.06,0.07,41,65846,买盘
2330,11:22:34,15.99,-0.01,27,43173,卖盘
2331,11:22:32,16.0,--,97,155200,卖盘
2332,11:22:29,16.0,--,1,1600,卖盘
2333,11:22:26,16.0,--,69,110400,卖盘
2334,11:22:23,16.0,--,7,11200,卖盘
2335,11:22:20,16.0,--,15,24000,卖盘
2336,11:22:17,16.0,-0.01,2,3200,中性盘
2337,11:22:14,16.01,0.02,7,11207,买盘
2338,11:22:11,15.99,-0.01,50,79950,卖盘
2339,11:22:07,16.0,--,478,764800,买盘
2340,11:22:05,16.0,--,37,59200,买盘
2341,11:22:02,16.0,--,136,217600,买盘
2342,11:21:58,16.0,0.01,77,123200,买盘
2343,11:21:53,15.99,-0.01,25,39975,卖盘
2344,11:21:49,16.0,0.01,15,24000,中性盘
2345,11:21:47,15.99,-0.08,193,308607,卖盘
2346,11:21:44,16.07,0.04,14,22996,卖盘
2347,11:21:41,16.03,-0.03,30,49196,中性盘
2348,11:21:38,16.06,-0.01,908,1458745,卖盘
2349,11:21:34,16.07,--,16,25712,买盘
2350,11:21:31,16.07,0.01,60,96420,买盘
2351,11:21:25,16.06,-0.01,12,19272,卖盘
2352,11:21:22,16.07,0.01,2,3214,买盘
2353,11:21:19,16.06,--,46,73876,买盘
2354,11:21:16,16.06,--,0,0,买盘
2355,11:21:13,16.06,0.05,6,9636,买盘
2356,11:21:10,16.01,--,0,0,卖盘
2357,11:21:07,16.01,--,20,32020,卖盘
2358,11:21:04,16.01,-0.05,15,24015,中性盘
2359,11:21:01,16.06,0.06,42,67452,买盘
2360,11:20:58,16.0,--,171,274704,买盘
2361,11:20:55,16.0,0.01,491,785600,买盘
2362,11:20:52,15.99,-0.01,284,454116,卖盘
2363,11:20:49,16.0,0.02,34,54400,买盘
2364,11:20:46,15.98,--,908,1450984,卖盘
2365,11:20:43,15.98,--,21,33558,卖盘
2366,11:20:40,15.98,-0.01,14,22372,卖盘
2367,11:20:37,15.99,0.01,63,100737,买盘
2368,11:20:34,15.98,0.01,88,140624,买盘
2369,11:20:31,15.97,-0.01,25,39925,卖盘
2370,11:20:28,15.98,-0.01,29,46342,卖盘
2371,11:20:22,15.99,0.01,47,75153,卖盘
2372,11:20:19,15.98,--,92,147016,卖盘
2373,11:20:16,15.98,--,9,14382,卖盘
2374,11:20:13,15.98,--,10,15980,卖盘
2375,11:20:10,15.98,-0.01,19,30362,卖盘
2376,11:20:07,15.99,0.04,1,1599,买盘
2377,11:20:04,15.95,--,61,97295,卖盘
2378,11:20:01,15.95,-0.05,48,76560,卖盘
2379,11:19:58,16.0,0.05,3,4800,买盘
2380,11:19:55,15.95,0.01,33,52635,中性盘
2381,11:19:52,15.94,-0.06,12,19128,卖盘
2382,11:19:46,16.0,0.07,201,321600,买盘
2383,11:19:43,15.93,--,192,305856,买盘
2384,11:19:40,15.93,--,21,33453,买盘
2385,11:19:37,15.93,-0.03,161,256473,卖盘
2386,11:19:34,15.96,-0.02,55,87780,卖盘
2387,11:19:31,15.98,0.02,3,4794,中性盘
2388,11:19:28,15.96,-0.01,24,38304,卖盘
2389,11:19:25,15.97,-0.01,31,49507,卖盘
2390,11:19:22,15.98,0.01,43,68714,买盘
2391,11:19:19,15.97,-0.01,43,68671,卖盘
2392,11:19:16,15.98,0.01,5,7990,买盘
2393,11:19:13,15.97,-0.01,21,33537,卖盘
2394,11:19:10,15.98,-0.02,292,466616,卖盘
2395,11:19:07,16.0,--,638,1020800,买盘
2396,11:19:04,16.0,--,54,86400,买盘
2397,11:19:01,16.0,--,1,1600,买盘
2398,11:18:58,16.0,--,16,25600,买盘
2399,11:18:55,16.0,--,36,57600,买盘
2400,11:18:52,16.0,-0.01,952,1523696,卖盘
2401,11:18:49,16.01,--,17,27217,卖盘
2402,11:18:46,16.01,-0.02,46,73646,卖盘
2403,11:18:43,16.03,0.03,52,83356,买盘
2404,11:18:40,16.0,-0.03,249,399504,卖盘
2405,11:18:37,16.03,0.02,3,4809,买盘
2406,11:18:34,16.01,-0.02,7,11207,卖盘
2407,11:18:31,16.03,--,0,0,中性盘
2408,11:18:28,16.03,--,0,0,买盘
2409,11:18:25,16.03,--,8,12824,买盘
2410,11:18:22,16.03,0.02,577,924931,买盘
2411,11:18:19,16.01,-0.05,493,789789,卖盘
2412,11:18:16,16.06,--,37,59421,卖盘
2413,11:18:13,16.06,--,16,25695,卖盘
2414,11:18:10,16.06,-0.01,5,8029,卖盘
2415,11:18:07,16.07,0.04,44,71816,买盘
2416,11:18:04,16.03,-0.03,902,1446402,卖盘
2417,11:17:55,16.06,--,6,9636,卖盘
2418,11:17:52,16.06,-0.01,44,70664,卖盘
2419,11:17:49,16.07,0.01,3,4821,买盘
2420,11:17:46,16.06,--,8,12847,卖盘
2421,11:17:43,16.06,0.01,71,114025,买盘
2422,11:17:40,16.05,--,30,48150,买盘
2423,11:17:37,16.05,-0.01,235,377175,卖盘
2424,11:17:31,16.06,--,36,57815,卖盘
2425,11:17:27,16.06,-0.01,26,41756,卖盘
2426,11:17:24,16.07,--,7,11249,买盘
2427,11:17:18,16.07,--,45,72315,买盘
2428,11:17:15,16.07,--,50,80350,买盘
2429,11:17:12,16.07,0.01,14,22498,买盘
2430,11:17:09,16.06,-0.02,10,16059,中性盘
2431,11:17:03,16.08,--,24,38591,买盘
2432,11:17:00,16.08,--,230,369839,买盘
2433,11:16:57,16.08,0.03,12,19295,买盘
2434,11:16:51,16.05,--,16,25680,卖盘
2435,11:16:48,16.05,-0.03,3,4815,卖盘
2436,11:16:45,16.08,0.02,144,231551,买盘
2437,11:16:42,16.06,-0.02,10,16059,卖盘
2438,11:16:39,16.08,0.03,22,35375,买盘
2439,11:16:36,16.05,--,24,38520,卖盘
2440,11:16:33,16.05,--,56,89880,卖盘
2441,11:16:27,16.05,-0.03,11,17655,卖盘
2442,11:16:24,16.08,0.03,50,80399,买盘
2443,11:16:21,16.05,--,28,44940,卖盘
2444,11:16:18,16.05,--,32,51360,卖盘
2445,11:16:12,16.05,--,10,16050,卖盘
2446,11:16:09,16.05,--,2,3210,卖盘
2447,11:16:06,16.05,-0.01,97,155685,卖盘
2448,11:16:03,16.06,0.01,1,1605,买盘
2449,11:16:00,16.05,-0.03,110,176550,卖盘
2450,11:15:54,16.08,0.02,500,803999,买盘
2451,11:15:51,16.06,--,36,57815,买盘
2452,11:15:48,16.06,--,99,158994,卖盘
2453,11:15:42,16.06,-0.02,13,20878,卖盘
2454,11:15:39,16.08,--,67,107735,买盘
2455,11:15:27,16.08,--,6,9647,买盘
2456,11:15:24,16.08,--,28,45023,买盘
2457,11:15:21,16.08,-0.02,441,709771,卖盘
2458,11:15:18,16.1,-0.03,117,188370,卖盘
2459,11:15:15,16.13,0.03,2,3226,买盘
2460,11:15:12,16.1,-0.03,6,9660,卖盘
2461,11:15:03,16.13,0.02,3,4839,买盘
2462,11:15:00,16.11,0.02,3,4833,卖盘
2463,11:14:57,16.09,--,0,0,卖盘
2464,11:14:51,16.09,--,55,88495,卖盘
2465,11:14:48,16.09,-0.05,5,8045,卖盘
2466,11:14:45,16.14,--,53,85542,买盘
2467,11:14:42,16.14,--,0,0,买盘
2468,11:14:39,16.14,--,0,0,买盘
2469,11:14:30,16.14,--,1,1614,卖盘
2470,11:14:27,16.14,0.06,1,1614,买盘
2471,11:14:18,16.08,--,29,46631,卖盘
2472,11:14:15,16.08,--,189,304876,买盘
2473,11:14:12,16.08,--,574,922991,买盘
2474,11:14:09,16.08,--,1,1607,买盘
2475,11:14:06,16.08,--,9,14471,买盘
2476,11:14:00,16.08,--,10,16079,买盘
2477,11:13:57,16.08,--,9,14471,买盘
2478,11:13:54,16.08,--,4,6431,买盘
2479,11:13:51,16.08,-0.06,741,1192171,卖盘
2480,11:13:48,16.14,-0.03,6,9684,卖盘
2481,11:13:45,16.17,0.03,2,3234,买盘
2482,11:13:42,16.14,--,23,37122,卖盘
2483,11:13:39,16.14,--,2,3228,卖盘
2484,11:13:36,16.14,-0.01,12,19368,卖盘
2485,11:13:33,16.15,0.02,72,116279,买盘
2486,11:13:30,16.13,--,29,46777,卖盘
2487,11:13:27,16.13,--,84,135492,卖盘
2488,11:13:21,16.13,0.01,0,967,卖盘
2489,11:13:17,16.12,--,15,24180,卖盘
2490,11:13:12,16.12,--,0,0,卖盘
2491,11:13:06,16.12,-0.05,177,285324,卖盘
2492,11:13:03,16.17,--,64,103488,卖盘
2493,11:13:00,16.17,-0.01,1,1617,卖盘
2494,11:12:57,16.18,0.01,2,3236,买盘
2495,11:12:51,16.17,-0.02,15,24255,卖盘
2496,11:12:48,16.19,--,66,106854,卖盘
2497,11:12:45,16.19,--,10,16190,卖盘
2498,11:12:42,16.19,--,16,25904,卖盘
2499,11:12:39,16.19,--,42,67998,卖盘
2500,11:12:36,16.19,-0.01,200,323800,卖盘
2501,11:12:33,16.2,--,73,118260,买盘
2502,11:12:30,16.2,0.01,13,21060,买盘
2503,11:12:24,16.19,--,10,16190,卖盘
2504,11:12:21,16.19,--,19,30761,卖盘
2505,11:12:18,16.19,--,36,58284,卖盘
2506,11:12:15,16.19,-0.01,244,395036,卖盘
2507,11:12:12,16.2,--,1,1620,卖盘
2508,11:12:09,16.2,0.02,499,808380,买盘
2509,11:12:06,16.18,-0.01,20,32360,卖盘
2510,11:12:03,16.19,--,312,505128,买盘
2511,11:12:00,16.19,0.01,26,42094,买盘
2512,11:11:51,16.18,--,15,24270,卖盘
2513,11:11:48,16.18,0.02,37,59866,买盘
2514,11:11:45,16.16,--,17,27472,买盘
2515,11:11:42,16.16,0.01,3,4848,买盘
2516,11:11:36,16.15,-0.01,2,3229,买盘
2517,11:11:33,16.16,0.04,10,16160,买盘
2518,11:11:29,16.12,0.01,2,3224,卖盘
2519,11:11:27,16.11,-0.04,32,51552,卖盘
2520,11:11:24,16.15,0.06,25,40375,买盘
2521,11:11:21,16.09,--,77,123893,卖盘
2522,11:11:18,16.09,--,20,32180,卖盘
2523,11:11:15,16.09,--,34,54706,卖盘
2524,11:11:12,16.09,0.02,154,247786,买盘
2525,11:11:09,16.07,--,997,1602179,卖盘
2526,11:11:06,16.07,--,5,8035,卖盘
2527,11:11:00,16.07,--,99,159093,买盘
2528,11:10:57,16.07,0.02,2,3214,买盘
2529,11:10:51,16.05,--,18,28890,卖盘
2530,11:10:48,16.05,-0.02,4,6420,中性盘
2531,11:10:45,16.07,0.04,134,215338,买盘
2532,11:10:42,16.03,--,4,6412,卖盘
2533,11:10:39,16.03,--,54,86562,卖盘
2534,11:10:36,16.03,-0.01,10,16030,卖盘
2535,11:10:33,16.04,--,18,28872,买盘
2536,11:10:30,16.04,-0.01,97,155588,买盘
2537,11:10:24,16.05,--,14,22470,买盘
2538,11:10:21,16.05,0.02,22,35310,买盘
2539,11:10:18,16.03,-0.02,18,28854,卖盘
2540,11:10:15,16.05,-0.01,48,77040,卖盘
2541,11:10:09,16.06,0.01,9,14453,买盘
2542,11:10:06,16.05,--,67,107535,买盘
2543,11:10:03,16.05,--,2,3210,买盘
2544,11:10:00,16.05,--,28,44940,买盘
2545,11:09:57,16.05,--,501,804105,卖盘
2546,11:09:54,16.05,--,21,33705,卖盘
2547,11:09:51,16.05,--,25,40125,卖盘
2548,11:09:48,16.05,--,33,52965,卖盘
2549,11:09:45,16.05,-0.01,13,20865,卖盘
2550,11:09:42,16.06,0.01,5,8029,买盘
2551,11:09:39,16.05,--,49,78645,卖盘
2552,11:09:36,16.05,--,47,75435,卖盘
2553,11:09:33,16.05,--,2,3210,卖盘
2554,11:09:30,16.05,-0.02,77,123585,卖盘
2555,11:09:27,16.07,--,40,64280,卖盘
2556,11:09:24,16.07,0.03,120,193948,买盘
2557,11:09:21,16.04,0.02,64,102656,中性盘
2558,11:09:18,16.02,-0.03,54,86508,卖盘
2559,11:09:15,16.05,0.01,512,821760,中性盘
2560,11:09:12,16.04,-0.02,152,243808,卖盘
2561,11:09:09,16.06,--,212,340472,买盘
2562,11:09:06,16.06,0.01,11,17666,买盘
2563,11:09:03,16.05,0.01,5,8025,卖盘
2564,11:09:00,16.04,-0.02,10,16040,卖盘
2565,11:08:57,16.06,0.02,22,35332,买盘
2566,11:08:54,16.04,--,19,30476,卖盘
2567,11:08:51,16.04,-0.01,7,11228,卖盘
2568,11:08:48,16.05,-0.01,1,1605,中性盘
2569,11:08:42,16.06,0.02,355,570130,买盘
2570,11:08:39,16.04,--,509,816436,卖盘
2571,11:08:36,16.04,--,20,32080,卖盘
2572,11:08:33,16.04,-0.01,8,12832,卖盘
2573,11:08:30,16.05,--,20,32100,买盘
2574,11:08:27,16.05,--,123,197415,买盘
2575,11:08:24,16.05,0.01,23,36915,买盘
2576,11:08:21,16.04,-0.02,1023,1640892,卖盘
2577,11:08:18,16.06,--,35,56209,买盘
2578,11:08:15,16.06,--,4,6423,买盘
2579,11:08:12,16.06,--,109,175054,卖盘
2580,11:08:06,16.06,--,15,24089,卖盘
2581,11:08:00,16.06,-0.02,42,67452,卖盘
2582,11:07:56,16.08,0.03,86,138287,买盘
2583,11:07:54,16.05,--,29,46545,卖盘
2584,11:07:51,16.05,-0.01,12,19260,卖盘
2585,11:07:48,16.06,0.01,37,59421,买盘
2586,11:07:45,16.05,-0.01,61,97905,卖盘
2587,11:07:42,16.06,0.01,22,35332,买盘
2588,11:07:38,16.05,--,17,27285,卖盘
2589,11:07:35,16.05,-0.01,7,11235,卖盘
2590,11:07:32,16.06,0.01,5,8029,买盘
2591,11:07:26,16.05,--,47,75435,买盘
2592,11:07:23,16.05,--,53,85065,买盘
2593,11:07:20,16.05,--,31,49755,买盘
2594,11:07:17,16.05,--,3,4815,买盘
2595,11:07:11,16.05,-0.01,150,240750,卖盘
2596,11:07:08,16.06,--,8,12847,买盘
2597,11:07:05,16.06,-0.01,118,189507,卖盘
2598,11:07:02,16.07,0.02,15,24105,买盘
2599,11:06:56,16.05,-0.01,6,9630,卖盘
2600,11:06:53,16.06,-0.01,40,64239,卖盘
2601,11:06:47,16.07,--,6,9642,买盘
2602,11:06:44,16.07,--,48,77136,买盘
2603,11:06:41,16.07,--,17,27319,买盘
2604,11:06:31,16.07,-0.01,69,110883,卖盘
2605,11:06:29,16.08,--,4,6431,卖盘
2606,11:06:25,16.08,--,1155,1857239,买盘
2607,11:06:23,16.08,0.01,5,8039,买盘
2608,11:06:19,16.07,--,16,25712,卖盘
2609,11:06:17,16.07,--,37,59459,卖盘
2610,11:06:14,16.07,--,10,16070,卖盘
2611,11:06:11,16.07,-0.01,144,231408,卖盘
2612,11:06:08,16.08,0.01,10,16079,买盘
2613,11:06:05,16.07,--,147,236229,卖盘
2614,11:06:02,16.07,--,76,122132,卖盘
2615,11:05:59,16.07,--,3,4821,卖盘
2616,11:05:56,16.07,-0.01,61,98027,卖盘
2617,11:05:52,16.08,--,29,46631,买盘
2618,11:05:49,16.08,--,2,3215,买盘
2619,11:05:46,16.08,--,207,332855,卖盘
2620,11:05:44,16.08,--,11,17687,卖盘
2621,11:05:41,16.08,--,0,0,卖盘
2622,11:05:38,16.08,-0.01,77,123815,卖盘
2623,11:05:35,16.09,0.01,2,3218,中性盘
2624,11:05:31,16.08,0.01,22,35375,卖盘
2625,11:05:29,16.07,--,0,0,卖盘
2626,11:05:25,16.07,--,5,8035,卖盘
2627,11:05:23,16.07,--,16,25712,卖盘
2628,11:05:20,16.07,-0.03,16,25712,卖盘
2629,11:05:17,16.1,0.02,1006,1619660,买盘
2630,11:05:14,16.08,--,4,6431,买盘
2631,11:05:11,16.08,-0.01,523,840983,卖盘
2632,11:05:08,16.09,-0.01,5,8045,卖盘
2633,11:05:05,16.1,0.01,33,53130,买盘
2634,11:05:02,16.09,-0.01,23,37007,卖盘
2635,11:04:58,16.1,0.01,16,25760,买盘
2636,11:04:56,16.09,-0.01,20,32180,卖盘
2637,11:04:52,16.1,--,56,90160,买盘
2638,11:04:50,16.1,-0.01,235,378350,卖盘
2639,11:04:47,16.11,--,198,318978,卖盘
2640,11:04:44,16.11,-0.01,13,20943,卖盘
2641,11:04:41,16.12,0.02,1,1612,买盘
2642,11:04:38,16.1,--,1,1610,卖盘
2643,11:04:35,16.1,-0.02,36,57960,卖盘
2644,11:04:32,16.12,0.01,6,9672,中性盘
2645,11:04:29,16.11,-0.02,32,51552,卖盘
2646,11:04:26,16.13,0.02,4,6452,卖盘
2647,11:04:22,16.11,--,33,53163,卖盘
2648,11:04:19,16.11,--,15,24165,卖盘
2649,11:04:17,16.11,--,63,101493,卖盘
2650,11:04:14,16.11,--,0,0,卖盘
2651,11:04:11,16.11,-0.07,43,69273,卖盘
2652,11:04:07,16.18,0.03,199,321982,买盘
2653,11:04:04,16.15,0.05,369,595935,买盘
2654,11:04:01,16.1,--,555,893550,买盘
2655,11:03:58,16.1,-0.01,158,254380,卖盘
2656,11:03:56,16.11,0.01,15,24165,卖盘
2657,11:03:53,16.1,-0.05,39,62790,卖盘
2658,11:03:50,16.15,0.05,453,731594,买盘
2659,11:03:44,16.1,-0.04,600,966000,卖盘
2660,11:03:34,16.14,-0.01,23,37122,卖盘
2661,11:03:32,16.15,--,261,421514,买盘
2662,11:03:29,16.15,0.01,5,8074,买盘
2663,11:03:25,16.14,-0.01,27,43578,卖盘
2664,11:03:23,16.15,--,228,368219,卖盘
2665,11:03:20,16.15,-0.02,44,71060,卖盘
2666,11:03:14,16.17,--,30,48510,买盘
2667,11:03:10,16.17,--,36,58212,卖盘
2668,11:03:08,16.17,-0.01,10,16170,卖盘
2669,11:03:05,16.18,0.01,120,194160,买盘
2670,11:03:02,16.17,--,16,25872,卖盘
2671,11:02:59,16.17,-0.01,17,27489,卖盘
2672,11:02:56,16.18,0.01,3,4854,买盘
2673,11:02:53,16.17,--,361,583737,卖盘
2674,11:02:50,16.17,-0.01,447,722799,卖盘
2675,11:02:44,16.18,-0.01,225,364050,卖盘
2676,11:02:38,16.19,-0.01,2,3238,卖盘
2677,11:02:35,16.2,--,500,810000,买盘
2678,11:02:26,16.2,--,469,759780,卖盘
2679,11:02:20,16.2,-0.01,46,74520,卖盘
2680,11:02:17,16.21,--,102,165342,买盘
2681,11:02:14,16.21,--,11,17831,买盘
2682,11:02:10,16.21,0.01,18,29178,买盘
2683,11:02:08,16.2,--,12,19440,卖盘
2684,11:02:05,16.2,--,35,56700,卖盘
2685,11:02:01,16.2,--,5,8100,卖盘
2686,11:01:59,16.2,-0.01,16,25920,卖盘
2687,11:01:56,16.21,0.01,28,45388,买盘
2688,11:01:52,16.2,-0.01,139,225180,卖盘
2689,11:01:50,16.21,0.01,1,1621,买盘
2690,11:01:47,16.2,--,60,97200,卖盘
2691,11:01:41,16.2,-0.01,65,105300,卖盘
2692,11:01:37,16.21,0.01,1,1621,买盘
2693,11:01:31,16.2,--,2,3240,卖盘
2694,11:01:28,16.2,-0.01,41,66420,卖盘
2695,11:01:25,16.21,--,55,89155,买盘
2696,11:01:22,16.21,0.01,101,163721,买盘
2697,11:01:19,16.2,-0.01,46,74520,卖盘
2698,11:01:16,16.21,--,1,1621,卖盘
2699,11:01:13,16.21,--,5,8105,卖盘
2700,11:01:10,16.21,--,5,8105,卖盘
2701,11:01:07,16.21,-0.01,51,82671,卖盘
2702,11:01:04,16.22,0.01,89,144358,买盘
2703,11:01:01,16.21,--,21,34041,卖盘
2704,11:00:58,16.21,0.01,79,128059,买盘
2705,11:00:55,16.2,--,373,604260,卖盘
2706,11:00:52,16.2,--,16,25920,卖盘
2707,11:00:49,16.2,-0.01,63,102060,卖盘
2708,11:00:46,16.21,--,67,108607,买盘
2709,11:00:43,16.21,0.01,100,162100,买盘
2710,11:00:40,16.2,--,0,0,卖盘
2711,11:00:37,16.2,-0.02,900,1458000,卖盘
2712,11:00:34,16.22,0.01,32,51904,卖盘
2713,11:00:31,16.21,--,71,115091,卖盘
2714,11:00:25,16.21,--,6,9726,买盘
2715,11:00:22,16.21,--,109,176689,卖盘
2716,11:00:19,16.21,--,20,32420,卖盘
2717,11:00:16,16.21,--,15,24315,卖盘
2718,11:00:13,16.21,-0.01,13,21073,卖盘
2719,11:00:10,16.22,0.01,19,30817,买盘
2720,11:00:07,16.21,0.01,5,8105,卖盘
2721,11:00:04,16.2,0.01,24,38880,卖盘
2722,11:00:01,16.19,-0.01,159,257421,卖盘
2723,10:59:58,16.2,--,467,756540,买盘
2724,10:59:55,16.2,--,26,42120,买盘
2725,10:59:52,16.2,--,17,27540,买盘
2726,10:59:49,16.2,--,117,189540,买盘
2727,10:59:46,16.2,-0.01,307,497340,卖盘
2728,10:59:43,16.21,--,5,8105,卖盘
2729,10:59:40,16.21,--,3,4863,卖盘
2730,10:59:37,16.21,-0.04,20,32420,卖盘
2731,10:59:34,16.25,0.03,1507,2448875,买盘
2732,10:59:31,16.22,--,47,76234,卖盘
2733,10:59:25,16.22,--,21,34062,卖盘
2734,10:59:22,16.22,-0.02,38,61635,卖盘
2735,10:59:19,16.24,--,177,288406,买盘
2736,10:59:16,16.24,--,10,16239,买盘
2737,10:59:13,16.24,-0.01,20,32479,中性盘
2738,10:59:07,16.25,0.01,100,162500,买盘
2739,10:59:04,16.24,-0.01,126,204623,卖盘
2740,10:59:01,16.25,-0.01,12,19500,卖盘
2741,10:58:55,16.26,0.03,11,17886,买盘
2742,10:58:52,16.23,-0.03,15,24345,卖盘
2743,10:58:49,16.26,-0.01,10,16260,买盘
2744,10:58:46,16.27,0.02,145,235915,买盘
2745,10:58:43,16.25,-0.01,43,69875,卖盘
2746,10:58:40,16.26,0.01,38,61788,买盘
2747,10:58:37,16.25,--,30,48750,卖盘
2748,10:58:34,16.25,-0.01,11,17875,卖盘
2749,10:58:31,16.26,0.02,102,165852,卖盘
2750,10:58:28,16.24,-0.01,51,82823,卖盘
2751,10:58:25,16.25,--,40,65000,卖盘
2752,10:58:22,16.25,--,120,195000,卖盘
2753,10:58:19,16.25,--,610,991250,买盘
2754,10:58:16,16.25,--,9,14625,买盘
2755,10:58:13,16.25,--,36,58500,买盘
2756,10:58:10,16.25,-0.01,270,438750,卖盘
2757,10:58:07,16.26,--,42,68292,买盘
2758,10:58:04,16.26,0.02,35,56910,买盘
2759,10:58:01,16.24,-0.01,29,47095,卖盘
2760,10:57:58,16.25,--,67,108875,卖盘
2761,10:57:55,16.25,0.01,16,26000,买盘
2762,10:57:52,16.24,--,23,37352,卖盘
2763,10:57:49,16.24,0.01,153,249137,买盘
2764,10:57:46,16.23,--,17,27591,买盘
