,time,price,change,volume,amount,type
0,15:00:00,25.21,--,0,0,卖盘
1,15:00:00,25.21,-0.01,0,0,卖盘
2,14:59:59,25.22,--,14,35308,卖盘
3,14:59:59,25.22,0.02,103,259766,买盘
4,14:59:56,25.2,-0.01,39,98280,卖盘
5,14:59:53,25.21,--,84,211764,卖盘
6,14:59:50,25.21,--,86,216806,卖盘
7,14:59:47,25.21,0.01,143,360503,买盘
8,14:59:44,25.2,-0.01,245,617400,卖盘
9,14:59:41,25.21,0.01,13,32773,买盘
10,14:59:38,25.2,-0.01,44,110880,卖盘
11,14:59:35,25.21,--,25,63025,买盘
12,14:59:29,25.21,0.01,28,70588,买盘
13,14:59:26,25.2,-0.01,21,52920,卖盘
14,14:59:23,25.21,--,326,821846,卖盘
15,14:59:20,25.21,--,42,105882,卖盘
16,14:59:17,25.21,--,49,123529,卖盘
17,14:59:14,25.21,--,46,115966,卖盘
18,14:59:11,25.21,--,39,98319,卖盘
19,14:59:05,25.21,-0.01,126,317646,卖盘
20,14:59:02,25.22,--,35,88270,买盘
21,14:58:59,25.22,0.01,32,80704,买盘
22,14:58:56,25.21,--,4,10084,卖盘
23,14:58:53,25.21,--,22,55462,卖盘
24,14:58:47,25.21,--,83,209243,买盘
25,14:58:44,25.21,--,122,307562,买盘
26,14:58:41,25.21,--,25,63025,买盘
27,14:58:38,25.21,--,16,40336,买盘
28,14:58:35,25.21,--,42,105882,买盘
29,14:58:31,25.21,--,190,478990,卖盘
30,14:58:28,25.21,-0.01,13,32773,卖盘
31,14:58:26,25.22,0.01,412,1039064,买盘
32,14:58:22,25.21,-0.01,168,423528,卖盘
33,14:58:20,25.22,0.01,12,30264,买盘
34,14:58:17,25.21,-0.01,76,191596,卖盘
35,14:58:13,25.22,--,38,95836,买盘
36,14:58:10,25.22,-0.01,32,80704,买盘
37,14:58:07,25.23,0.02,7,17661,买盘
38,14:58:05,25.21,-0.01,32,80672,卖盘
39,14:58:02,25.22,-0.01,18,45396,卖盘
40,14:57:58,25.23,0.02,113,285099,买盘
41,14:57:55,25.21,-0.01,100,252100,卖盘
42,14:57:52,25.22,0.01,9,22698,买盘
43,14:57:49,25.21,-0.01,15,37815,卖盘
44,14:57:46,25.22,-0.01,16,41058,买盘
45,14:57:43,25.23,0.01,71,179133,买盘
46,14:57:40,25.22,0.01,45,113490,买盘
47,14:57:37,25.21,--,23,57983,卖盘
48,14:57:34,25.21,-0.02,105,264705,卖盘
49,14:57:31,25.23,0.01,106,267438,买盘
50,14:57:28,25.22,--,54,136188,买盘
51,14:57:25,25.22,--,83,209326,卖盘
52,14:57:22,25.22,-0.01,173,436306,卖盘
53,14:57:19,25.23,--,5,12615,买盘
54,14:57:16,25.23,0.01,72,181656,买盘
55,14:57:13,25.22,-0.01,7,17654,买盘
56,14:57:10,25.23,0.01,26,65598,买盘
57,14:57:07,25.22,-0.01,86,216892,卖盘
58,14:57:04,25.23,--,26,65598,买盘
59,14:57:01,25.23,--,65,163995,买盘
60,14:56:58,25.23,-0.01,70,176610,卖盘
61,14:56:55,25.24,0.01,205,517419,买盘
62,14:56:52,25.23,--,44,111012,卖盘
63,14:56:49,25.23,-0.01,37,93351,卖盘
64,14:56:46,25.24,0.01,128,323072,买盘
65,14:56:43,25.23,-0.01,18,45414,卖盘
66,14:56:40,25.24,0.01,110,277640,买盘
67,14:56:37,25.23,--,71,179133,卖盘
68,14:56:34,25.23,0.03,15,37845,卖盘
69,14:56:31,25.2,--,0,0,卖盘
70,14:56:28,25.2,-0.02,491,1237320,卖盘
71,14:56:25,25.22,--,83,209326,卖盘
72,14:56:22,25.22,0.01,44,110968,买盘
73,14:56:19,25.21,-0.03,32,80672,卖盘
74,14:56:16,25.24,0.04,256,646144,买盘
75,14:56:13,25.2,--,103,259560,卖盘
76,14:56:10,25.2,-0.01,201,506520,卖盘
77,14:56:07,25.21,--,48,121008,买盘
78,14:56:04,25.21,--,57,143697,买盘
79,14:56:01,25.21,--,124,312604,买盘
80,14:55:58,25.21,--,116,292436,买盘
81,14:55:55,25.21,--,810,2042010,买盘
82,14:55:52,25.21,--,39,98319,买盘
83,14:55:49,25.21,-0.01,126,317646,卖盘
84,14:55:46,25.22,--,28,70616,买盘
85,14:55:43,25.22,0.01,12,30264,买盘
86,14:55:40,25.21,-0.01,119,299999,卖盘
87,14:55:37,25.22,--,121,305162,卖盘
88,14:55:34,25.22,--,15,37830,卖盘
89,14:55:31,25.22,--,103,259766,买盘
90,14:55:28,25.22,--,17,42874,买盘
91,14:55:25,25.22,--,24,60528,卖盘
92,14:55:22,25.22,-0.01,9,22698,卖盘
93,14:55:16,25.23,0.02,10,25230,买盘
94,14:55:13,25.21,--,26,65546,卖盘
95,14:55:10,25.21,--,42,105882,卖盘
96,14:55:07,25.21,-0.03,64,161344,卖盘
97,14:55:04,25.24,--,6,15143,买盘
98,14:55:01,25.24,--,12,30287,买盘
99,14:54:58,25.24,--,55,138820,卖盘
100,14:54:55,25.24,-0.01,15,37860,卖盘
101,14:54:52,25.25,0.01,9,22725,买盘
102,14:54:49,25.24,--,9,22716,买盘
103,14:54:46,25.24,-0.01,20,50480,卖盘
104,14:54:43,25.25,0.05,11,27775,买盘
105,14:54:40,25.2,-0.04,915,2305800,卖盘
106,14:54:37,25.24,-0.01,35,88340,卖盘
107,14:54:34,25.25,0.01,110,277750,买盘
108,14:54:31,25.24,-0.01,5,12620,卖盘
109,14:54:28,25.25,--,166,419150,卖盘
110,14:54:25,25.25,--,4,10100,卖盘
111,14:54:22,25.25,-0.01,73,184325,卖盘
112,14:54:19,25.26,--,0,0,买盘
113,14:54:16,25.26,0.01,21,53046,买盘
114,14:54:13,25.25,-0.01,27,68175,中性盘
115,14:54:10,25.26,0.01,22,55572,买盘
116,14:54:07,25.25,--,380,960030,卖盘
117,14:54:04,25.25,-0.01,61,154025,卖盘
118,14:54:01,25.26,--,50,126300,卖盘
119,14:53:58,25.26,--,44,111144,卖盘
120,14:53:55,25.26,--,1,2526,买盘
121,14:53:52,25.26,--,7,17682,卖盘
122,14:53:49,25.26,-0.01,122,308172,卖盘
123,14:53:46,25.27,-0.01,58,146566,买盘
124,14:53:43,25.28,--,69,174432,买盘
125,14:53:40,25.28,--,22,55616,买盘
126,14:53:34,25.28,--,26,65728,卖盘
127,14:53:31,25.28,--,32,83145,卖盘
128,14:53:25,25.28,--,8,20224,卖盘
129,14:53:22,25.28,-0.02,5,12640,卖盘
130,14:53:19,25.3,0.01,30,75900,买盘
131,14:53:16,25.29,-0.01,29,73341,卖盘
132,14:53:13,25.3,--,10,25300,买盘
133,14:53:10,25.3,--,3,7590,买盘
134,14:53:07,25.3,-0.01,204,516120,卖盘
135,14:53:04,25.31,--,10,25310,买盘
136,14:53:01,25.31,--,38,96178,卖盘
137,14:52:58,25.31,--,94,237914,卖盘
138,14:52:55,25.31,-0.01,225,569475,卖盘
139,14:52:52,25.32,--,51,129132,买盘
140,14:52:49,25.32,0.01,389,984948,买盘
141,14:52:46,25.31,--,197,498607,卖盘
142,14:52:43,25.31,-0.01,52,131612,卖盘
143,14:52:40,25.32,0.01,4,10128,买盘
144,14:52:37,25.31,-0.01,77,194887,卖盘
145,14:52:34,25.32,--,7,17724,买盘
146,14:52:31,25.32,--,1002,2537064,买盘
147,14:52:25,25.32,--,51,129132,买盘
148,14:52:22,25.32,-0.01,8,20256,卖盘
149,14:52:13,25.33,--,84,212772,买盘
150,14:52:10,25.33,0.01,1,2533,买盘
151,14:52:07,25.32,--,14,35448,卖盘
152,14:52:04,25.32,--,73,184836,卖盘
153,14:52:01,25.32,--,74,187368,卖盘
154,14:51:58,25.32,-0.01,5,12660,卖盘
155,14:51:55,25.33,0.01,4,10132,买盘
156,14:51:52,25.32,--,20,50640,卖盘
157,14:51:49,25.32,--,593,1501476,卖盘
158,14:51:43,25.32,-0.01,4,10128,卖盘
159,14:51:40,25.33,--,5,12665,买盘
160,14:51:37,25.33,--,8,20264,买盘
161,14:51:34,25.33,--,1,2533,买盘
162,14:51:28,25.33,-0.01,10,25608,卖盘
163,14:51:25,25.34,0.01,55,139370,买盘
164,14:51:22,25.33,--,30,75990,卖盘
165,14:51:19,25.33,--,30,75990,卖盘
166,14:51:13,25.33,--,29,73457,卖盘
167,14:51:10,25.33,--,20,50660,卖盘
168,14:51:07,25.33,-0.01,18,45594,卖盘
169,14:51:03,25.34,0.01,21,53214,买盘
170,14:51:01,25.33,--,6,15197,卖盘
171,14:50:57,25.33,--,5,12665,卖盘
172,14:50:55,25.33,-0.01,10,25330,卖盘
173,14:50:51,25.34,0.01,9,22806,买盘
174,14:50:48,25.33,--,183,463538,卖盘
175,14:50:45,25.33,-0.01,19,48127,卖盘
176,14:50:42,25.34,0.01,4,10136,买盘
177,14:50:40,25.33,--,5,12665,卖盘
178,14:50:33,25.33,-0.01,10,25330,卖盘
179,14:50:30,25.34,0.01,1,2534,买盘
180,14:50:27,25.33,-0.01,1,2533,卖盘
181,14:50:24,25.34,--,12,30408,卖盘
182,14:50:21,25.34,0.01,40,101360,买盘
183,14:50:18,25.33,--,9,22797,卖盘
184,14:50:15,25.33,--,60,151980,卖盘
185,14:50:12,25.33,-0.01,39,98787,卖盘
186,14:50:09,25.34,--,3,7602,买盘
187,14:50:06,25.34,0.01,12,30408,买盘
188,14:49:57,25.33,--,18,45594,卖盘
189,14:49:54,25.33,--,28,70924,卖盘
190,14:49:51,25.33,0.01,37,95975,买盘
191,14:49:48,25.32,-0.01,5,12660,卖盘
192,14:49:45,25.33,--,15,37995,买盘
193,14:49:42,25.33,--,1,2533,买盘
194,14:49:33,25.33,--,6,15197,买盘
195,14:49:27,25.33,-0.01,40,101598,卖盘
196,14:49:18,25.34,0.01,17,43078,买盘
197,14:49:15,25.33,--,2,5066,卖盘
198,14:49:12,25.33,--,3,7598,卖盘
199,14:49:09,25.33,--,10,25330,卖盘
200,14:49:06,25.33,--,50,128904,买盘
201,14:49:03,25.33,--,8,20264,买盘
202,14:48:54,25.33,0.02,78,197574,买盘
203,14:48:51,25.31,--,0,0,卖盘
204,14:48:45,25.31,-0.01,3,7593,卖盘
205,14:48:42,25.32,--,4,10128,买盘
206,14:48:36,25.32,0.01,6,15192,卖盘
207,14:48:33,25.31,--,0,0,卖盘
208,14:48:30,25.31,-0.02,3,7593,卖盘
209,14:48:27,25.33,--,21,53471,买盘
210,14:48:24,25.33,0.01,2,5066,买盘
211,14:48:21,25.32,-0.01,60,151920,卖盘
212,14:48:18,25.33,--,161,407813,买盘
213,14:48:15,25.33,--,34,86122,买盘
214,14:48:06,25.33,0.01,5,12665,买盘
215,14:48:03,25.32,--,89,225348,卖盘
216,14:48:00,25.32,-0.01,80,202560,卖盘
217,14:47:57,25.33,0.01,141,357153,买盘
218,14:47:54,25.32,--,183,463356,卖盘
219,14:47:51,25.32,-0.01,2,5064,卖盘
220,14:47:48,25.33,--,11,27862,买盘
221,14:47:42,25.33,--,10,25330,买盘
222,14:47:36,25.33,--,109,276097,卖盘
223,14:47:33,25.33,-0.01,4,10132,卖盘
224,14:47:27,25.34,0.01,2,5068,买盘
225,14:47:24,25.33,--,7,17731,卖盘
226,14:47:21,25.33,0.01,126,319158,买盘
227,14:47:18,25.32,--,1,2532,卖盘
228,14:47:15,25.32,--,144,364608,卖盘
229,14:47:12,25.32,--,25,63300,卖盘
230,14:47:09,25.32,--,16,40512,卖盘
231,14:47:00,25.32,-0.01,242,614997,卖盘
232,14:46:57,25.33,--,4,10132,买盘
233,14:46:54,25.33,0.01,34,86122,买盘
234,14:46:48,25.32,-0.01,94,238008,卖盘
235,14:46:45,25.33,0.01,3,7598,买盘
236,14:46:42,25.32,--,111,281052,卖盘
237,14:46:39,25.32,-0.01,3,7596,卖盘
238,14:46:29,25.33,--,1,2533,中性盘
239,14:46:26,25.33,--,53,134249,买盘
240,14:46:23,25.33,-0.01,43,108918,卖盘
241,14:46:20,25.34,--,6,15204,买盘
242,14:46:11,25.34,0.01,30,76020,买盘
243,14:46:08,25.33,-0.01,28,70924,卖盘
244,14:46:02,25.34,--,5,12670,买盘
245,14:45:59,25.34,--,12,30408,买盘
246,14:45:56,25.34,0.01,100,253400,买盘
247,14:45:53,25.33,0.01,3,7598,卖盘
248,14:45:50,25.32,--,0,0,卖盘
249,14:45:47,25.32,-0.02,52,131664,卖盘
250,14:45:44,25.34,--,38,96292,买盘
251,14:45:38,25.34,--,32,81088,买盘
252,14:45:35,25.34,--,15,38010,买盘
253,14:45:32,25.34,--,26,65884,买盘
254,14:45:29,25.34,--,11,27874,买盘
255,14:45:23,25.34,-0.01,10,25340,中性盘
256,14:45:20,25.35,0.01,104,263640,买盘
257,14:45:17,25.34,-0.01,30,76020,卖盘
258,14:45:14,25.35,0.01,16,40560,买盘
259,14:45:11,25.34,-0.01,2,5068,卖盘
260,14:45:02,25.35,0.01,11,27885,买盘
261,14:44:59,25.34,0.01,7,17738,买盘
262,14:44:56,25.33,--,33,83589,卖盘
263,14:44:50,25.33,--,103,260898,卖盘
264,14:44:44,25.33,--,15,37995,卖盘
265,14:44:38,25.33,--,91,230502,买盘
266,14:44:32,25.33,--,7,17731,买盘
267,14:44:26,25.33,0.01,7,17731,买盘
268,14:44:23,25.32,--,45,113940,买盘
269,14:44:17,25.32,0.01,32,81024,买盘
270,14:44:14,25.31,-0.01,52,131612,卖盘
271,14:44:11,25.32,--,15,37980,买盘
272,14:44:08,25.32,--,25,63300,买盘
273,14:44:05,25.32,--,8,20256,买盘
274,14:43:59,25.32,--,27,68364,买盘
275,14:43:56,25.32,0.01,59,149388,买盘
276,14:43:53,25.31,--,3,7593,卖盘
277,14:43:50,25.31,-0.01,13,32903,卖盘
278,14:43:47,25.32,--,90,227880,买盘
279,14:43:44,25.32,--,33,83556,买盘
280,14:43:41,25.32,0.01,16,40512,买盘
281,14:43:38,25.31,--,3,7593,卖盘
282,14:43:35,25.31,-0.01,52,131612,卖盘
283,14:43:32,25.32,--,1,2532,买盘
284,14:43:29,25.32,0.01,5,12660,买盘
285,14:43:26,25.31,--,5,12655,卖盘
286,14:43:23,25.31,--,0,0,卖盘
287,14:43:20,25.31,-0.02,86,217666,卖盘
288,14:43:17,25.33,0.01,12,30395,买盘
289,14:43:14,25.32,--,23,58236,卖盘
290,14:43:05,25.32,-0.01,3,7596,买盘
291,14:43:02,25.33,--,129,326757,中性盘
292,14:42:59,25.33,-0.01,3,7598,卖盘
293,14:42:56,25.34,0.01,8,20272,买盘
294,14:42:53,25.33,0.01,18,45594,卖盘
295,14:42:47,25.32,--,0,0,卖盘
296,14:42:44,25.32,-0.01,40,101280,卖盘
297,14:42:38,25.33,--,3,7598,卖盘
298,14:42:35,25.33,0.01,55,139315,买盘
299,14:42:32,25.32,-0.01,12,30384,卖盘
300,14:42:29,25.33,0.01,10,25330,买盘
301,14:42:26,25.32,-0.01,2,5064,卖盘
302,14:42:23,25.33,--,39,98787,买盘
303,14:42:17,25.33,0.01,2,5066,买盘
304,14:42:11,25.32,-0.01,10,25320,卖盘
305,14:42:08,25.33,--,20,50660,买盘
306,14:42:05,25.33,--,2,5066,买盘
307,14:42:02,25.33,-0.01,7,17731,卖盘
308,14:41:59,25.34,--,12,30408,买盘
309,14:41:53,25.34,0.02,5,12670,买盘
310,14:41:44,25.32,--,0,0,卖盘
311,14:41:41,25.32,-0.03,232,587424,卖盘
312,14:41:38,25.35,--,2,5070,买盘
313,14:41:35,25.35,--,16,40560,买盘
314,14:41:32,25.35,--,7,17745,买盘
315,14:41:26,25.35,--,6,15210,买盘
316,14:41:20,25.35,--,20,50700,买盘
317,14:41:17,25.35,--,11,27885,买盘
318,14:41:14,25.35,--,39,98865,买盘
319,14:41:11,25.35,--,6,15210,买盘
320,14:41:08,25.35,--,117,296595,买盘
321,14:41:05,25.35,--,42,106470,卖盘
322,14:41:02,25.35,--,29,73515,买盘
323,14:40:59,25.35,--,124,314340,买盘
324,14:40:56,25.35,--,100,253500,买盘
325,14:40:53,25.35,0.01,3,7605,买盘
326,14:40:50,25.34,--,17,43078,卖盘
327,14:40:44,25.34,-0.01,9,22806,卖盘
328,14:40:41,25.35,--,10,25350,买盘
329,14:40:38,25.35,--,3,7605,买盘
330,14:40:35,25.35,--,22,55770,买盘
331,14:40:28,25.35,--,42,106470,卖盘
332,14:40:25,25.35,--,20,50700,卖盘
333,14:40:22,25.35,--,19,48165,卖盘
334,14:40:19,25.35,0.01,131,332085,买盘
335,14:40:13,25.34,0.01,35,88690,买盘
336,14:40:07,25.33,--,358,906813,卖盘
337,14:40:04,25.33,0.01,26,65858,买盘
338,14:40:01,25.32,-0.01,34,86088,卖盘
339,14:39:58,25.33,--,10,25330,买盘
340,14:39:55,25.33,0.01,30,75990,买盘
341,14:39:52,25.32,--,40,101280,买盘
342,14:39:49,25.32,-0.01,140,354480,卖盘
343,14:39:46,25.33,--,30,75990,卖盘
344,14:39:40,25.33,0.01,63,159579,买盘
345,14:39:37,25.32,--,24,60768,卖盘
346,14:39:34,25.32,--,6,15192,卖盘
347,14:39:31,25.32,0.01,7,17724,卖盘
348,14:39:25,25.31,--,112,283472,卖盘
349,14:39:22,25.31,--,16,40496,卖盘
350,14:39:19,25.31,--,4,10124,卖盘
351,14:39:16,25.31,--,3,7593,卖盘
352,14:39:13,25.31,-0.02,8,20248,卖盘
353,14:39:07,25.33,0.03,54,136782,买盘
354,14:39:04,25.3,--,5,12650,卖盘
355,14:38:58,25.3,--,35,88550,卖盘
356,14:38:55,25.3,--,101,255530,买盘
357,14:38:52,25.3,0.01,5,12650,买盘
358,14:38:49,25.29,-0.01,14,35406,卖盘
359,14:38:46,25.3,0.01,2,5060,买盘
360,14:38:43,25.29,-0.01,4,10116,卖盘
361,14:38:40,25.3,--,3,7590,买盘
362,14:38:37,25.3,-0.03,13,32890,卖盘
363,14:38:34,25.33,0.03,17,43061,买盘
364,14:38:31,25.3,--,2,5060,买盘
365,14:38:28,25.3,-0.03,207,523710,卖盘
366,14:38:25,25.33,-0.01,65,164645,卖盘
367,14:38:22,25.34,0.01,26,65884,卖盘
368,14:38:19,25.33,--,0,0,卖盘
369,14:38:16,25.33,--,21,53193,卖盘
370,14:38:13,25.33,-0.02,4,10132,卖盘
371,14:38:10,25.35,--,0,0,买盘
372,14:38:04,25.35,0.01,50,126750,买盘
373,14:38:01,25.34,-0.01,6,15204,中性盘
374,14:37:58,25.35,0.01,54,136890,买盘
375,14:37:55,25.34,--,53,134302,中性盘
376,14:37:52,25.34,0.01,29,73486,买盘
377,14:37:49,25.33,--,6,15197,卖盘
378,14:37:46,25.33,-0.01,11,27862,中性盘
379,14:37:43,25.34,0.03,18,45612,买盘
380,14:37:40,25.31,--,5,12655,卖盘
381,14:37:37,25.31,-0.01,40,101240,卖盘
382,14:37:34,25.32,--,12,30384,卖盘
383,14:37:31,25.32,0.01,75,189900,买盘
384,14:37:28,25.31,--,5,12655,卖盘
385,14:37:25,25.31,--,12,30372,买盘
386,14:37:22,25.31,0.01,3,7593,中性盘
387,14:37:19,25.3,-0.01,279,705870,卖盘
388,14:37:16,25.31,0.02,6,15186,买盘
389,14:37:13,25.29,0.01,20,50580,中性盘
390,14:37:10,25.28,-0.03,47,118816,中性盘
391,14:37:07,25.31,0.04,89,225259,买盘
392,14:37:04,25.27,0.01,268,677236,中性盘
393,14:37:01,25.26,-0.01,205,517830,卖盘
394,14:36:58,25.27,--,1,2527,买盘
395,14:36:52,25.27,-0.02,45,115711,卖盘
396,14:36:49,25.29,--,15,37935,买盘
397,14:36:46,25.29,0.01,14,35406,买盘
398,14:36:43,25.28,-0.01,283,715424,卖盘
399,14:36:40,25.29,-0.01,55,139095,卖盘
400,14:36:37,25.3,--,57,144210,买盘
401,14:36:31,25.3,0.01,1,2530,买盘
402,14:36:28,25.29,-0.02,146,369234,卖盘
403,14:36:25,25.31,0.01,47,118957,买盘
404,14:36:22,25.3,--,262,662860,卖盘
405,14:36:19,25.3,--,52,131560,卖盘
406,14:36:16,25.3,-0.02,203,513590,卖盘
407,14:36:10,25.32,--,1,2532,买盘
408,14:36:07,25.32,-0.03,92,232944,卖盘
409,14:36:01,25.35,-0.01,6,15210,中性盘
410,14:35:58,25.36,0.01,7,17752,买盘
411,14:35:55,25.35,--,12,30420,卖盘
412,14:35:52,25.35,--,10,25350,卖盘
413,14:35:49,25.35,-0.03,11,27885,卖盘
414,14:35:46,25.38,0.03,101,256338,买盘
415,14:35:43,25.35,-0.01,2,5070,卖盘
416,14:35:31,25.36,-0.02,9,22824,卖盘
417,14:35:22,25.38,--,9,22842,卖盘
418,14:35:19,25.38,--,3,7614,中性盘
419,14:35:16,25.38,-0.01,11,27918,卖盘
420,14:35:13,25.39,0.01,18,45702,买盘
421,14:35:10,25.38,--,1,2538,卖盘
422,14:35:07,25.38,--,29,73602,买盘
423,14:35:04,25.38,0.03,6,15228,买盘
424,14:35:01,25.35,--,9,22815,卖盘
425,14:34:58,25.35,-0.03,2,5070,卖盘
426,14:34:55,25.38,-0.01,3,7614,卖盘
427,14:34:52,25.39,0.01,5,12695,买盘
428,14:34:49,25.38,-0.01,6,15228,卖盘
429,14:34:46,25.39,0.01,15,38085,买盘
430,14:34:40,25.38,-0.02,3,7614,卖盘
431,14:34:37,25.4,--,0,0,买盘
432,14:34:31,25.4,--,37,93980,卖盘
433,14:34:28,25.4,0.02,13,33020,买盘
434,14:34:19,25.38,--,1,2538,卖盘
435,14:34:16,25.38,-0.01,20,50760,卖盘
436,14:34:10,25.39,0.04,12,30468,买盘
437,14:34:07,25.35,-0.03,96,243360,卖盘
438,14:34:01,25.38,--,5,12690,买盘
439,14:33:58,25.38,0.03,2,5076,买盘
440,14:33:55,25.35,-0.03,1,2535,卖盘
441,14:33:52,25.38,--,10,25380,买盘
442,14:33:49,25.38,--,75,190350,卖盘
443,14:33:46,25.38,--,12,30456,卖盘
444,14:33:43,25.38,-0.01,7,17766,卖盘
445,14:33:40,25.39,0.01,2,5078,买盘
446,14:33:34,25.38,--,3,7614,卖盘
447,14:33:31,25.38,--,8,20304,卖盘
448,14:33:28,25.38,--,6,15228,卖盘
449,14:33:25,25.38,--,20,50760,卖盘
450,14:33:22,25.38,--,141,357858,买盘
451,14:33:19,25.38,--,5,12690,买盘
452,14:33:13,25.38,0.04,100,253800,买盘
453,14:33:07,25.34,-0.04,50,126700,卖盘
454,14:33:01,25.38,--,9,22842,买盘
455,14:32:58,25.38,--,3,7614,买盘
456,14:32:54,25.38,-0.02,30,76140,卖盘
457,14:32:51,25.4,0.02,11,27940,买盘
458,14:32:48,25.38,-0.02,11,27918,卖盘
459,14:32:45,25.4,--,1,2540,中性盘
460,14:32:36,25.4,--,118,299720,卖盘
461,14:32:33,25.4,--,50,127000,买盘
462,14:32:27,25.4,--,7,17780,买盘
463,14:32:21,25.4,--,5,12700,买盘
464,14:32:18,25.4,--,74,187960,卖盘
465,14:32:15,25.4,-0.04,10,25400,卖盘
466,14:32:12,25.44,0.04,1,2544,买盘
467,14:32:06,25.4,-0.03,48,121920,卖盘
468,14:32:03,25.43,-0.01,10,25430,卖盘
469,14:32:00,25.44,0.01,84,213696,买盘
470,14:31:57,25.43,0.02,72,183096,买盘
471,14:31:54,25.41,--,6,15246,卖盘
472,14:31:51,25.41,0.01,4,10164,买盘
473,14:31:48,25.4,-0.01,22,55880,卖盘
474,14:31:45,25.41,0.03,4,10164,买盘
475,14:31:42,25.38,-0.02,4,10152,卖盘
476,14:31:39,25.4,-0.02,10,25400,卖盘
477,14:31:36,25.42,0.02,10,25420,买盘
478,14:31:33,25.4,--,0,0,卖盘
479,14:31:30,25.4,0.02,9,22860,卖盘
480,14:31:27,25.38,--,0,0,卖盘
481,14:31:24,25.38,-0.05,15,38070,卖盘
482,14:31:21,25.43,0.03,68,172924,买盘
483,14:31:18,25.4,-0.02,2,5080,卖盘
484,14:31:15,25.42,-0.01,10,25420,买盘
485,14:31:12,25.43,--,0,0,买盘
486,14:31:09,25.43,0.05,69,175467,买盘
487,14:31:00,25.38,--,38,96444,卖盘
488,14:30:57,25.38,-0.02,6,15228,卖盘
489,14:30:54,25.4,0.02,89,226060,买盘
490,14:30:51,25.38,--,2,5076,卖盘
491,14:30:48,25.38,0.02,24,60912,买盘
492,14:30:45,25.36,-0.04,2,5072,卖盘
493,14:30:42,25.4,0.03,217,551180,买盘
494,14:30:39,25.37,-0.01,18,47289,卖盘
495,14:30:36,25.38,--,15,38070,卖盘
496,14:30:33,25.38,-0.02,30,76140,卖盘
497,14:30:30,25.4,0.02,2,5080,买盘
498,14:30:24,25.38,0.01,2,5076,卖盘
499,14:30:21,25.37,-0.02,102,258774,卖盘
500,14:30:18,25.39,0.02,84,214190,买盘
501,14:30:15,25.37,--,2,5074,卖盘
502,14:30:12,25.37,--,2,5074,卖盘
503,14:30:09,25.37,--,1,2537,卖盘
504,14:30:06,25.37,--,28,71036,买盘
505,14:30:03,25.37,0.03,10,25370,买盘
506,14:29:57,25.34,0.01,15,38010,卖盘
507,14:29:54,25.33,-0.01,10,25330,卖盘
508,14:29:51,25.34,0.01,4,10136,中性盘
509,14:29:48,25.33,--,9,22797,卖盘
510,14:29:39,25.33,--,1,2533,卖盘
511,14:29:33,25.33,--,57,144381,卖盘
512,14:29:30,25.33,0.01,17,43061,买盘
513,14:29:27,25.32,-0.01,9,22788,卖盘
514,14:29:24,25.33,0.01,2,5066,买盘
515,14:29:21,25.32,0.01,11,27852,买盘
516,14:29:18,25.31,0.01,24,60744,买盘
517,14:29:15,25.3,-0.01,48,121440,卖盘
518,14:29:12,25.31,--,45,113895,卖盘
519,14:29:09,25.31,0.01,33,83523,中性盘
520,14:29:06,25.3,-0.02,35,88550,卖盘
521,14:29:03,25.32,--,27,68364,买盘
522,14:29:00,25.32,0.02,2,5064,中性盘
523,14:28:57,25.3,--,52,131560,卖盘
524,14:28:54,25.3,-0.03,5,12650,卖盘
525,14:28:51,25.33,--,41,103853,买盘
526,14:28:48,25.33,--,15,37995,买盘
527,14:28:45,25.33,--,0,0,买盘
528,14:28:42,25.33,-0.05,172,435675,卖盘
529,14:28:39,25.38,0.05,8,20304,买盘
530,14:28:36,25.33,-0.01,30,75990,卖盘
531,14:28:33,25.34,-0.04,8,20272,中性盘
532,14:28:26,25.38,0.05,6,15228,买盘
533,14:28:24,25.33,--,0,0,卖盘
534,14:28:20,25.33,-0.06,64,162112,卖盘
535,14:28:17,25.39,--,13,34631,卖盘
536,14:28:11,25.39,-0.01,70,178644,卖盘
537,14:28:08,25.4,-0.01,12,30480,卖盘
538,14:28:05,25.41,--,0,0,中性盘
539,14:28:03,25.41,--,1,2541,卖盘
540,14:27:59,25.41,-0.02,3,7623,卖盘
541,14:27:56,25.43,--,3,7629,卖盘
542,14:27:53,25.43,--,6,15258,卖盘
543,14:27:50,25.43,--,14,35602,卖盘
544,14:27:47,25.43,--,580,1474940,卖盘
545,14:27:44,25.43,-0.01,347,882421,卖盘
546,14:27:41,25.44,--,74,188256,买盘
547,14:27:38,25.44,0.01,19,48336,买盘
548,14:27:35,25.43,--,28,71204,卖盘
549,14:27:32,25.43,--,79,200897,卖盘
550,14:27:29,25.43,--,40,101720,卖盘
551,14:27:26,25.43,--,70,178010,卖盘
552,14:27:23,25.43,--,30,76290,卖盘
553,14:27:20,25.43,--,96,244128,卖盘
554,14:27:17,25.43,--,70,178010,卖盘
555,14:27:14,25.43,-0.01,21,53403,卖盘
556,14:27:11,25.44,0.01,109,277296,买盘
557,14:27:08,25.43,--,0,0,卖盘
558,14:27:05,25.43,-0.01,105,267015,卖盘
559,14:27:02,25.44,--,0,0,卖盘
560,14:26:59,25.44,--,0,0,卖盘
561,14:26:53,25.44,-0.01,20,50880,卖盘
562,14:26:50,25.45,-0.04,240,610800,卖盘
563,14:26:47,25.49,--,40,101960,卖盘
564,14:26:44,25.49,0.01,101,257448,买盘
565,14:26:41,25.48,--,12,30576,卖盘
566,14:26:38,25.48,-0.01,3,7644,卖盘
567,14:26:35,25.49,0.01,23,58627,中性盘
568,14:26:32,25.48,-0.02,4,10192,卖盘
569,14:26:29,25.5,--,40,102000,买盘
570,14:26:23,25.5,0.01,10,25500,买盘
571,14:26:20,25.49,-0.02,5,12745,卖盘
572,14:26:17,25.51,0.01,66,168366,买盘
573,14:26:14,25.5,--,54,137700,卖盘
574,14:26:11,25.5,--,67,170850,卖盘
575,14:26:08,25.5,--,105,267750,卖盘
576,14:26:05,25.5,--,111,283050,卖盘
577,14:26:02,25.5,-0.01,64,163200,卖盘
578,14:25:59,25.51,--,156,397956,买盘
579,14:25:56,25.51,0.01,166,423466,买盘
580,14:25:53,25.5,-0.01,436,1111800,卖盘
581,14:25:50,25.51,-0.01,8,20408,买盘
582,14:25:47,25.52,0.01,18,45936,买盘
583,14:25:44,25.51,--,28,71428,卖盘
584,14:25:41,25.51,-0.01,9,22959,卖盘
585,14:25:38,25.52,0.01,54,137808,买盘
586,14:25:35,25.51,-0.02,52,132652,卖盘
587,14:25:32,25.53,--,108,277511,买盘
588,14:25:29,25.53,-0.01,65,165945,买盘
589,14:25:26,25.54,--,133,339682,买盘
590,14:25:23,25.54,--,251,641054,买盘
591,14:25:20,25.54,0.01,53,135362,买盘
592,14:25:17,25.53,--,58,148074,卖盘
593,14:25:14,25.53,0.01,89,227217,买盘
594,14:25:11,25.52,-0.01,113,288376,卖盘
595,14:25:08,25.53,0.01,112,285936,买盘
596,14:25:05,25.52,--,29,74773,卖盘
597,14:25:02,25.52,--,52,132704,卖盘
598,14:24:59,25.52,--,8,20416,卖盘
599,14:24:56,25.52,0.02,107,273064,买盘
600,14:24:53,25.5,-0.01,15,38250,卖盘
601,14:24:50,25.51,0.01,66,168366,中性盘
602,14:24:47,25.5,-0.01,77,196350,卖盘
603,14:24:44,25.51,0.01,132,337803,买盘
604,14:24:41,25.5,--,8,20400,卖盘
605,14:24:38,25.5,--,9,22950,卖盘
606,14:24:35,25.5,--,178,453900,买盘
607,14:24:32,25.5,--,31,79050,买盘
608,14:24:29,25.5,--,10,25500,买盘
609,14:24:26,25.5,0.01,10,25500,买盘
610,14:24:23,25.49,--,0,0,中性盘
611,14:24:20,25.49,--,4,10196,卖盘
612,14:24:17,25.49,--,8,20392,买盘
613,14:24:14,25.49,-0.01,2,5098,买盘
614,14:24:11,25.5,0.02,28,71400,买盘
615,14:24:08,25.48,-0.02,3,7644,卖盘
616,14:24:05,25.5,0.02,50,127500,买盘
617,14:24:02,25.48,--,8,20384,卖盘
618,14:23:59,25.48,0.01,112,285376,买盘
619,14:23:56,25.47,--,2,5094,卖盘
620,14:23:53,25.47,--,50,127350,卖盘
621,14:23:47,25.47,--,4,10188,卖盘
622,14:23:44,25.47,--,12,30564,卖盘
623,14:23:41,25.47,--,19,48393,卖盘
624,14:23:38,25.47,0.02,43,109521,买盘
625,14:23:35,25.45,--,2,5090,卖盘
626,14:23:23,25.45,--,4,10180,卖盘
627,14:23:14,25.45,-0.02,2,5090,卖盘
628,14:23:08,25.47,0.02,7,17829,卖盘
629,14:23:02,25.45,-0.02,53,134885,卖盘
630,14:22:59,25.47,0.02,1,2547,买盘
631,14:22:53,25.45,--,1,2545,卖盘
632,14:22:50,25.45,-0.03,25,63625,卖盘
633,14:22:47,25.48,0.03,44,112112,买盘
634,14:22:44,25.45,-0.02,36,91620,卖盘
635,14:22:41,25.47,--,3,7641,买盘
636,14:22:35,25.47,0.02,1,2547,买盘
637,14:22:29,25.45,-0.02,4,10180,卖盘
638,14:22:26,25.47,--,0,0,中性盘
639,14:22:20,25.47,--,0,0,中性盘
640,14:22:17,25.47,--,6,15282,卖盘
641,14:22:11,25.47,-0.01,10,25470,卖盘
642,14:22:08,25.48,0.01,66,168168,买盘
643,14:22:05,25.47,--,8,20376,卖盘
644,14:22:02,25.47,--,20,50940,卖盘
645,14:21:59,25.47,--,29,73863,卖盘
646,14:21:56,25.47,--,8,20376,卖盘
647,14:21:53,25.47,--,24,61128,卖盘
648,14:21:50,25.47,--,2,5094,卖盘
649,14:21:46,25.47,--,1,2547,卖盘
650,14:21:43,25.47,0.02,9,22923,买盘
651,14:21:37,25.45,0.01,2,5090,卖盘
652,14:21:34,25.44,-0.04,15,38160,卖盘
653,14:21:31,25.48,--,0,0,买盘
654,14:21:28,25.48,0.03,15,38220,买盘
655,14:21:26,25.45,-0.03,12,30540,卖盘
656,14:21:22,25.48,--,16,40768,买盘
657,14:21:19,25.48,-0.01,2,5096,卖盘
658,14:21:16,25.49,--,6,15293,买盘
659,14:21:13,25.49,0.01,62,158038,买盘
660,14:21:10,25.48,-0.01,74,188552,卖盘
661,14:21:07,25.49,-0.02,12,30587,卖盘
662,14:21:04,25.51,0.01,56,142856,买盘
663,14:21:01,25.5,--,115,293250,买盘
664,14:20:58,25.5,--,6,15300,中性盘
665,14:20:55,25.5,-0.01,10,25500,卖盘
666,14:20:52,25.51,--,14,35714,卖盘
667,14:20:49,25.51,--,60,153060,卖盘
668,14:20:46,25.51,--,35,89285,卖盘
669,14:20:43,25.51,0.02,36,91836,买盘
670,14:20:37,25.49,-0.02,81,206469,卖盘
671,14:20:34,25.51,0.01,15,38265,买盘
672,14:20:31,25.5,--,144,367200,卖盘
673,14:20:28,25.5,--,4,10200,卖盘
674,14:20:25,25.5,--,22,56100,卖盘
675,14:20:22,25.5,--,42,107100,买盘
676,14:20:19,25.5,--,40,102000,卖盘
677,14:20:16,25.5,0.01,81,206550,买盘
678,14:20:13,25.49,--,17,43333,卖盘
679,14:20:10,25.49,--,21,53529,卖盘
680,14:20:07,25.49,--,4,10196,卖盘
681,14:20:04,25.49,--,120,305880,买盘
682,14:20:01,25.49,0.01,19,48431,买盘
683,14:19:58,25.48,0.01,100,254800,买盘
684,14:19:55,25.47,-0.01,37,94239,卖盘
685,14:19:52,25.48,0.01,47,119756,买盘
686,14:19:43,25.47,-0.01,51,129897,中性盘
687,14:19:40,25.48,0.01,99,252252,买盘
688,14:19:37,25.47,-0.01,24,61128,卖盘
689,14:19:34,25.48,0.01,130,331240,买盘
690,14:19:31,25.47,-0.01,4,10188,卖盘
691,14:19:28,25.48,--,131,333788,买盘
692,14:19:25,25.48,--,70,178360,买盘
693,14:19:22,25.48,0.01,53,135044,买盘
694,14:19:19,25.47,-0.01,22,56034,中性盘
695,14:19:16,25.48,--,60,152880,买盘
696,14:19:13,25.48,0.01,82,208936,买盘
697,14:19:10,25.47,--,17,43299,卖盘
698,14:19:07,25.47,-0.01,4,10188,卖盘
699,14:19:01,25.48,0.03,102,259896,买盘
700,14:18:58,25.45,-0.03,4,10180,中性盘
701,14:18:55,25.48,--,0,0,买盘
702,14:18:52,25.48,0.05,559,1424332,买盘
703,14:18:49,25.43,--,14,35602,卖盘
704,14:18:46,25.43,0.01,104,264472,买盘
705,14:18:40,25.42,0.01,2,5084,买盘
706,14:18:37,25.41,--,14,35574,卖盘
707,14:18:34,25.41,--,17,43197,卖盘
708,14:18:31,25.41,0.01,49,124509,买盘
709,14:18:28,25.4,--,13,33020,卖盘
710,14:18:25,25.4,-0.01,1,2540,卖盘
711,14:18:19,25.41,--,9,22869,买盘
712,14:18:16,25.41,0.01,18,45738,中性盘
713,14:18:13,25.4,-0.01,4,10160,卖盘
714,14:18:10,25.41,--,1,2541,卖盘
715,14:18:07,25.41,--,3,7623,卖盘
716,14:18:04,25.41,--,11,29577,买盘
717,14:18:01,25.41,0.01,13,33033,买盘
718,14:17:55,25.4,--,31,78740,卖盘
719,14:17:52,25.4,-0.01,2,5080,中性盘
720,14:17:46,25.41,0.01,3,7623,买盘
721,14:17:43,25.4,0.01,13,33020,卖盘
722,14:17:40,25.39,-0.02,23,58397,卖盘
723,14:17:37,25.41,0.02,5,12705,买盘
724,14:17:31,25.39,0.01,9,23765,中性盘
725,14:17:28,25.38,-0.03,2,5076,卖盘
726,14:17:25,25.41,0.02,100,254100,买盘
727,14:17:19,25.39,--,9,22851,买盘
728,14:17:16,25.39,--,16,40624,买盘
729,14:17:13,25.39,0.01,1,2539,买盘
730,14:17:07,25.38,-0.01,5,12690,中性盘
731,14:17:01,25.39,0.01,18,45702,买盘
732,14:16:58,25.38,0.03,1,2538,买盘
733,14:16:55,25.35,-0.03,6,15210,卖盘
734,14:16:52,25.38,0.03,20,50760,买盘
735,14:16:49,25.35,-0.03,36,91260,卖盘
736,14:16:46,25.38,--,7,17766,买盘
737,14:16:40,25.38,0.02,106,269028,买盘
738,14:16:34,25.36,--,25,63400,买盘
739,14:16:25,25.36,0.01,9,22824,买盘
740,14:16:22,25.35,0.01,27,68445,买盘
741,14:16:16,25.34,-0.01,5,12670,卖盘
742,14:16:13,25.35,--,33,83655,买盘
743,14:16:07,25.35,0.01,100,253500,买盘
744,14:16:04,25.34,0.01,3,7602,卖盘
745,14:15:55,25.33,--,24,60791,卖盘
746,14:15:52,25.33,-0.01,4,10132,卖盘
747,14:15:46,25.34,0.01,2,5068,买盘
748,14:15:43,25.33,-0.02,4,10132,卖盘
749,14:15:37,25.35,0.02,2,5070,买盘
750,14:15:31,25.33,-0.01,21,53193,卖盘
751,14:15:28,25.34,--,2,5068,中性盘
752,14:15:25,25.34,--,0,0,卖盘
753,14:15:19,25.34,-0.01,10,25340,卖盘
754,14:15:16,25.35,--,1,2535,买盘
755,14:15:13,25.35,0.01,1,2535,买盘
756,14:15:10,25.34,0.01,15,38010,买盘
757,14:15:04,25.33,0.02,21,53193,中性盘
758,14:15:01,25.31,-0.02,104,263224,卖盘
759,14:14:58,25.33,--,20,50660,卖盘
760,14:14:55,25.33,--,1,2533,卖盘
761,14:14:49,25.33,--,41,103853,卖盘
762,14:14:46,25.33,--,3,7598,卖盘
763,14:14:37,25.33,--,4,10132,卖盘
764,14:14:34,25.33,0.01,41,103853,买盘
765,14:14:25,25.32,-0.01,12,30384,卖盘
766,14:14:21,25.33,--,9,22797,卖盘
767,14:14:15,25.33,-0.01,38,96254,卖盘
768,14:14:12,25.34,0.01,4,10136,买盘
769,14:14:09,25.33,--,2,5066,卖盘
770,14:14:03,25.33,--,1,2533,卖盘
771,14:14:00,25.33,0.01,10,25330,卖盘
772,14:13:57,25.32,-0.01,18,45576,卖盘
773,14:13:54,25.33,0.01,25,63324,买盘
774,14:13:51,25.32,--,35,88620,卖盘
775,14:13:45,25.32,--,8,20256,卖盘
776,14:13:39,25.32,--,2,5064,卖盘
777,14:13:36,25.32,--,62,156984,买盘
778,14:13:30,25.32,0.01,11,27852,买盘
779,14:13:24,25.31,--,3,7593,卖盘
780,14:13:21,25.31,--,12,30372,卖盘
781,14:13:18,25.31,0.01,12,30372,买盘
782,14:13:12,25.3,--,10,25300,卖盘
783,14:13:09,25.3,-0.01,126,318780,卖盘
784,14:13:06,25.31,--,10,25310,买盘
785,14:13:03,25.31,0.01,30,75930,买盘
786,14:13:00,25.3,-0.01,3,7590,卖盘
787,14:12:57,25.31,0.01,5,12655,买盘
788,14:12:54,25.3,-0.01,3,7590,卖盘
789,14:12:48,25.31,--,3,7593,买盘
790,14:12:45,25.31,--,105,265755,买盘
791,14:12:39,25.31,0.01,373,944063,买盘
792,14:12:36,25.3,--,5,12650,卖盘
793,14:12:30,25.3,--,101,255530,卖盘
794,14:12:27,25.3,-0.01,5,12650,卖盘
795,14:12:24,25.31,0.01,94,237914,买盘
796,14:12:21,25.3,-0.01,5,12650,卖盘
797,14:12:12,25.31,-0.01,130,329030,卖盘
798,14:12:06,25.32,0.01,1,2532,买盘
799,14:12:03,25.31,--,0,0,卖盘
800,14:12:00,25.31,-0.01,3,7593,卖盘
801,14:11:54,25.32,--,2,5064,卖盘
802,14:11:51,25.32,--,11,27852,卖盘
803,14:11:48,25.32,-0.01,43,108876,卖盘
804,14:11:39,25.33,--,52,131716,卖盘
805,14:11:36,25.33,--,0,0,卖盘
806,14:11:33,25.33,--,500,1266500,卖盘
807,14:11:27,25.33,--,2,5066,卖盘
808,14:11:24,25.33,-0.01,109,276097,卖盘
809,14:11:15,25.34,-0.01,4,10136,卖盘
810,14:11:06,25.35,-0.01,15,38025,卖盘
811,14:11:03,25.36,0.01,48,121728,买盘
812,14:11:00,25.35,--,2,5070,买盘
813,14:10:57,25.35,0.01,23,58305,买盘
814,14:10:54,25.34,--,25,63350,卖盘
815,14:10:51,25.34,--,15,38010,卖盘
816,14:10:48,25.34,-0.01,10,25340,卖盘
817,14:10:45,25.35,0.01,10,25350,买盘
818,14:10:42,25.34,-0.01,28,70952,卖盘
819,14:10:39,25.35,0.01,2,5070,买盘
820,14:10:36,25.34,--,3,7602,卖盘
821,14:10:33,25.34,--,14,35476,卖盘
822,14:10:27,25.34,-0.01,4,10136,卖盘
823,14:10:24,25.35,0.01,15,38025,买盘
824,14:10:21,25.34,-0.01,15,38010,卖盘
825,14:10:18,25.35,--,3,7605,卖盘
826,14:10:15,25.35,--,34,86190,买盘
827,14:10:12,25.35,0.01,5,12675,买盘
828,14:10:09,25.34,--,9,22806,卖盘
829,14:10:06,25.34,--,2,5068,卖盘
830,14:10:03,25.34,0.01,8,20272,买盘
831,14:10:00,25.33,--,9,22797,卖盘
832,14:09:51,25.33,-0.02,114,290560,卖盘
833,14:09:48,25.35,-0.01,22,55770,卖盘
834,14:09:38,25.36,0.01,8,20288,中性盘
835,14:09:35,25.35,--,64,162240,卖盘
836,14:09:32,25.35,-0.02,2,5070,卖盘
837,14:09:29,25.37,0.01,10,25370,买盘
838,14:09:26,25.36,--,8,20288,买盘
839,14:09:23,25.36,-0.02,28,71008,卖盘
840,14:09:20,25.38,0.02,1,2538,买盘
841,14:09:17,25.36,--,10,25360,卖盘
842,14:09:14,25.36,--,1,2536,卖盘
843,14:09:05,25.36,--,20,50720,卖盘
844,14:09:02,25.36,-0.01,9,22824,卖盘
845,14:08:56,25.37,-0.01,84,213108,卖盘
846,14:08:53,25.38,-0.02,22,55836,卖盘
847,14:08:50,25.4,0.01,53,134620,买盘
848,14:08:44,25.39,-0.01,13,33007,中性盘
849,14:08:41,25.4,0.01,36,91440,买盘
850,14:08:35,25.39,--,3,7617,卖盘
851,14:08:29,25.39,--,3,7617,卖盘
852,14:08:23,25.39,-0.01,11,27929,卖盘
853,14:08:20,25.4,--,0,0,中性盘
854,14:08:17,25.4,0.01,1,2540,卖盘
855,14:08:14,25.39,-0.01,52,132028,卖盘
856,14:08:11,25.4,--,0,0,卖盘
857,14:08:08,25.4,0.01,12,30480,买盘
858,14:08:05,25.39,--,0,0,卖盘
859,14:07:59,25.39,-0.01,81,205659,卖盘
860,14:07:56,25.4,0.02,159,403860,买盘
861,14:07:53,25.38,-0.01,17,43146,卖盘
862,14:07:50,25.39,--,11,27929,买盘
863,14:07:47,25.39,--,12,30468,买盘
864,14:07:44,25.39,0.01,4,10156,买盘
865,14:07:38,25.38,--,26,65988,卖盘
866,14:07:35,25.38,--,24,60912,卖盘
867,14:07:29,25.38,0.03,87,220806,买盘
868,14:07:26,25.35,--,0,0,卖盘
869,14:07:23,25.35,-0.01,16,40560,卖盘
870,14:07:20,25.36,--,22,55792,买盘
871,14:07:14,25.36,0.01,10,25360,买盘
872,14:07:10,25.35,-0.01,9,22815,卖盘
873,14:07:08,25.36,0.01,6,15216,买盘
874,14:07:02,25.35,-0.01,3,7605,卖盘
875,14:06:59,25.36,0.01,5,12680,买盘
876,14:06:56,25.35,--,1,2535,买盘
877,14:06:53,25.35,--,9,22815,卖盘
878,14:06:50,25.35,--,4,10140,卖盘
879,14:06:47,25.35,--,28,70980,卖盘
880,14:06:44,25.35,--,2,5070,卖盘
881,14:06:41,25.35,--,21,53235,卖盘
882,14:06:38,25.35,--,55,139425,买盘
883,14:06:35,25.35,0.02,16,40560,买盘
884,14:06:32,25.33,--,5,12665,卖盘
885,14:06:29,25.33,-0.01,22,55725,卖盘
886,14:06:26,25.34,0.01,3,7602,买盘
887,14:06:17,25.33,--,49,124116,买盘
888,14:06:08,25.33,0.01,13,32929,买盘
889,14:06:04,25.32,-0.01,8,20256,卖盘
890,14:06:02,25.33,0.01,12,30395,买盘
891,14:05:56,25.32,--,35,88620,卖盘
892,14:05:53,25.32,--,38,96216,卖盘
893,14:05:50,25.32,0.01,32,81024,买盘
894,14:05:44,25.31,--,4,10124,卖盘
895,14:05:32,25.31,0.01,18,45558,买盘
896,14:05:23,25.3,--,3,7590,卖盘
897,14:05:14,25.3,0.01,60,151800,买盘
898,14:05:11,25.29,--,5,12645,卖盘
899,14:05:08,25.29,--,3,7587,卖盘
900,14:05:05,25.29,0.01,11,27819,卖盘
901,14:05:02,25.28,--,4,10112,卖盘
902,14:04:59,25.28,-0.02,20,50560,卖盘
903,14:04:53,25.3,--,0,0,买盘
904,14:04:50,25.3,0.01,105,265650,买盘
905,14:04:47,25.29,--,35,88515,买盘
906,14:04:44,25.29,--,12,30348,买盘
907,14:04:41,25.29,0.01,5,12645,买盘
908,14:04:38,25.28,--,12,30336,卖盘
909,14:04:32,25.28,--,0,0,卖盘
910,14:04:26,25.28,--,46,116288,卖盘
911,14:04:23,25.28,0.02,107,270496,卖盘
912,14:04:20,25.26,-0.03,253,639078,卖盘
913,14:04:17,25.29,0.01,178,450162,买盘
914,14:04:14,25.28,--,46,116288,买盘
915,14:04:11,25.28,--,27,68256,买盘
916,14:04:08,25.28,0.01,5,12640,买盘
917,14:04:05,25.27,-0.01,3,7581,卖盘
918,14:04:02,25.28,--,22,55616,卖盘
919,14:03:59,25.28,0.01,5,12640,买盘
920,14:03:56,25.27,--,0,0,卖盘
921,14:03:53,25.27,-0.02,41,103607,卖盘
922,14:03:50,25.29,0.01,5,12645,买盘
923,14:03:47,25.28,--,5,12640,买盘
924,14:03:44,25.28,--,5,12640,买盘
925,14:03:41,25.28,--,33,83424,卖盘
926,14:03:35,25.28,--,14,35392,卖盘
927,14:03:32,25.28,--,3,7584,卖盘
928,14:03:29,25.28,--,2,5056,买盘
929,14:03:23,25.28,--,2,5056,卖盘
930,14:03:20,25.28,--,17,42976,卖盘
931,14:03:17,25.28,--,4,10112,卖盘
932,14:03:13,25.28,0.01,14,35392,买盘
933,14:03:11,25.27,--,1,2527,卖盘
934,14:03:08,25.27,-0.01,4,10108,卖盘
935,14:03:05,25.28,--,4,10112,卖盘
936,14:03:02,25.28,--,11,27808,卖盘
937,14:02:59,25.28,--,3,7584,卖盘
938,14:02:50,25.28,--,2,5056,卖盘
939,14:02:47,25.28,-0.01,8,20224,卖盘
940,14:02:41,25.29,--,15,37935,卖盘
941,14:02:38,25.29,0.01,14,35406,买盘
942,14:02:35,25.28,-0.01,35,88480,卖盘
943,14:02:26,25.29,--,3,7587,卖盘
944,14:02:14,25.29,--,5,12645,卖盘
945,14:02:08,25.29,--,7,17703,买盘
946,14:02:05,25.29,0.01,8,20232,买盘
947,14:02:02,25.28,-0.01,3,7584,卖盘
948,14:01:59,25.29,--,53,134037,买盘
949,14:01:56,25.29,--,3,7587,买盘
950,14:01:53,25.29,--,14,35406,卖盘
951,14:01:50,25.29,0.01,4,10116,卖盘
952,14:01:46,25.28,0.01,2,5056,买盘
953,14:01:43,25.27,-0.02,127,320929,卖盘
954,14:01:40,25.29,--,46,116334,买盘
955,14:01:37,25.29,0.01,18,45522,买盘
956,14:01:31,25.28,--,11,27808,卖盘
957,14:01:28,25.28,--,5,12640,卖盘
958,14:01:22,25.28,--,8,20224,卖盘
959,14:01:19,25.28,-0.01,31,78368,卖盘
960,14:01:10,25.29,0.01,5,12645,买盘
961,14:01:07,25.28,--,14,35392,卖盘
962,14:01:01,25.28,--,20,50560,卖盘
963,14:00:58,25.28,--,30,75840,卖盘
964,14:00:55,25.28,-0.01,16,40448,卖盘
965,14:00:52,25.29,--,7,17703,买盘
966,14:00:49,25.29,--,50,126450,买盘
967,14:00:46,25.29,--,54,136566,买盘
968,14:00:43,25.29,--,40,101160,买盘
969,14:00:40,25.29,--,13,32877,卖盘
970,14:00:37,25.29,--,19,48051,卖盘
971,14:00:34,25.29,--,34,85986,卖盘
972,14:00:28,25.29,--,33,83457,卖盘
973,14:00:25,25.29,--,24,60696,卖盘
974,14:00:22,25.29,--,3,7587,卖盘
975,14:00:16,25.29,--,2,5058,卖盘
976,14:00:10,25.29,--,80,202320,卖盘
977,14:00:01,25.29,--,6,15174,卖盘
978,13:59:58,25.29,-0.01,54,136566,卖盘
979,13:59:55,25.3,0.01,10,25300,买盘
980,13:59:49,25.29,-0.01,2,5058,卖盘
981,13:59:46,25.3,--,20,50600,卖盘
982,13:59:40,25.3,-0.01,39,98670,卖盘
983,13:59:37,25.31,--,9,22779,卖盘
984,13:59:34,25.31,--,0,0,中性盘
985,13:59:31,25.31,0.01,10,25310,买盘
986,13:59:28,25.3,-0.01,1,2530,卖盘
987,13:59:22,25.31,--,20,50620,买盘
988,13:59:19,25.31,-0.01,102,258162,卖盘
989,13:59:16,25.32,--,4,10128,卖盘
990,13:59:13,25.32,--,9,22788,买盘
991,13:59:10,25.32,0.01,5,12660,买盘
992,13:59:07,25.31,-0.01,2,5062,卖盘
993,13:59:04,25.32,--,3,7596,卖盘
994,13:58:58,25.32,0.01,1,2532,中性盘
995,13:58:55,25.31,-0.01,10,25310,卖盘
996,13:58:52,25.32,--,5,12660,买盘
997,13:58:46,25.32,--,10,25320,买盘
998,13:58:43,25.32,--,4,10128,买盘
999,13:58:40,25.32,--,13,32916,买盘
1000,13:58:34,25.32,0.01,6,15192,买盘
1001,13:58:31,25.31,--,4,10124,卖盘
1002,13:58:28,25.31,-0.01,16,40496,卖盘
1003,13:58:22,25.32,-0.02,73,184836,卖盘
1004,13:58:19,25.34,--,1,2534,买盘
1005,13:58:13,25.34,0.02,2,5068,买盘
1006,13:58:10,25.32,--,4,10128,卖盘
1007,13:58:01,25.32,--,0,0,卖盘
1008,13:57:58,25.32,-0.02,31,78492,卖盘
1009,13:57:55,25.34,--,12,30408,买盘
1010,13:57:49,25.34,0.01,10,25340,买盘
1011,13:57:46,25.33,--,0,0,卖盘
1012,13:57:43,25.33,0.02,1,2533,买盘
1013,13:57:40,25.31,--,0,0,卖盘
1014,13:57:37,25.31,--,62,156922,卖盘
1015,13:57:34,25.31,--,0,0,卖盘
1016,13:57:31,25.31,0.02,3,7593,买盘
1017,13:57:25,25.29,-0.06,225,569025,卖盘
1018,13:57:22,25.35,0.02,52,131820,买盘
1019,13:57:19,25.33,0.02,10,25330,买盘
1020,13:57:13,25.31,-0.02,42,106302,卖盘
1021,13:57:10,25.33,0.01,2,5066,买盘
1022,13:57:07,25.32,0.01,8,20256,买盘
1023,13:57:04,25.31,-0.01,2,5062,卖盘
1024,13:56:58,25.32,0.01,3,7596,买盘
1025,13:56:55,25.31,-0.01,3,7593,卖盘
1026,13:56:46,25.32,-0.01,41,103812,卖盘
1027,13:56:43,25.33,--,5,12665,买盘
1028,13:56:40,25.33,--,12,30395,买盘
1029,13:56:37,25.33,0.01,3,7598,买盘
1030,13:56:34,25.32,-0.01,2,5064,卖盘
1031,13:56:31,25.33,--,3,7598,卖盘
1032,13:56:25,25.33,--,0,0,卖盘
1033,13:56:22,25.33,-0.01,16,40528,卖盘
1034,13:56:19,25.34,--,15,38010,买盘
1035,13:56:15,25.34,--,2,5068,买盘
1036,13:56:13,25.34,--,13,32942,买盘
1037,13:56:10,25.34,-0.01,28,70952,卖盘
1038,13:56:04,25.35,0.01,10,25350,买盘
1039,13:56:01,25.34,--,28,70952,卖盘
1040,13:55:58,25.34,-0.01,11,27874,卖盘
1041,13:55:52,25.35,0.01,9,22815,买盘
1042,13:55:49,25.34,--,1,2534,卖盘
1043,13:55:46,25.34,--,16,40544,买盘
1044,13:55:43,25.34,-0.01,44,111496,卖盘
1045,13:55:40,25.35,--,7,17745,买盘
1046,13:55:37,25.35,--,5,12675,买盘
1047,13:55:33,25.35,0.01,9,22815,买盘
1048,13:55:31,25.34,--,15,38010,卖盘
1049,13:55:28,25.34,-0.01,3,7602,卖盘
1050,13:55:25,25.35,--,40,101400,买盘
1051,13:55:19,25.35,0.02,1,2535,买盘
1052,13:55:16,25.33,-0.02,3,7598,卖盘
1053,13:55:10,25.35,--,5,12675,买盘
1054,13:55:07,25.35,0.03,12,30420,买盘
1055,13:55:04,25.32,0.03,5,12660,买盘
1056,13:55:00,25.29,-0.02,2800,7081200,卖盘
1057,13:54:54,25.31,-0.03,33,83523,卖盘
1058,13:54:48,25.34,--,4,10136,买盘
1059,13:54:45,25.34,0.03,31,78554,买盘
1060,13:54:42,25.31,-0.03,6,15186,卖盘
1061,13:54:39,25.34,--,12,30408,买盘
1062,13:54:36,25.34,--,3,7602,买盘
1063,13:54:33,25.34,--,11,27874,买盘
1064,13:54:30,25.34,--,3,7602,买盘
1065,13:54:27,25.34,0.05,2,5068,买盘
1066,13:54:21,25.29,0.01,2,5058,卖盘
1067,13:54:18,25.28,--,0,0,卖盘
1068,13:54:15,25.28,--,2,5056,卖盘
1069,13:54:12,25.28,-0.08,25,63200,卖盘
1070,13:54:09,25.36,0.01,21,53256,买盘
1071,13:54:06,25.35,0.07,39,98865,买盘
1072,13:54:03,25.28,0.01,33,83424,买盘
1073,13:53:57,25.27,0.01,20,50540,买盘
1074,13:53:51,25.26,-0.01,5,12630,卖盘
1075,13:53:48,25.27,0.01,42,106134,买盘
1076,13:53:45,25.26,--,46,116196,买盘
1077,13:53:42,25.26,--,15,37890,卖盘
1078,13:53:39,25.26,--,15,37890,卖盘
1079,13:53:36,25.26,0.01,5,12630,买盘
1080,13:53:33,25.25,-0.01,23,58075,卖盘
1081,13:53:30,25.26,--,5,12630,买盘
1082,13:53:27,25.26,0.01,4,10104,买盘
1083,13:53:24,25.25,--,4,10100,卖盘
1084,13:53:21,25.25,-0.01,2,5050,卖盘
1085,13:53:18,25.26,0.03,12,30312,买盘
1086,13:53:15,25.23,-0.03,614,1549122,卖盘
1087,13:53:12,25.26,--,47,118722,卖盘
1088,13:53:09,25.26,--,67,169242,买盘
1089,13:53:06,25.26,0.02,68,171768,买盘
1090,13:53:03,25.24,--,10,25240,买盘
1091,13:53:00,25.24,--,8,20192,买盘
1092,13:52:57,25.24,--,13,32812,买盘
1093,13:52:54,25.24,--,2,5048,买盘
1094,13:52:51,25.24,--,4,10096,买盘
1095,13:52:48,25.24,--,22,55528,买盘
1096,13:52:45,25.24,0.01,10,25240,中性盘
1097,13:52:42,25.23,-0.02,76,191748,卖盘
1098,13:52:39,25.25,0.02,117,295425,买盘
1099,13:52:33,25.23,-0.01,9,22707,卖盘
1100,13:52:30,25.24,--,27,68148,买盘
1101,13:52:27,25.24,--,15,37860,买盘
1102,13:52:21,25.24,--,36,90864,卖盘
1103,13:52:18,25.24,--,133,335692,卖盘
1104,13:52:15,25.24,--,20,50480,卖盘
1105,13:52:12,25.24,-0.01,57,143868,卖盘
1106,13:52:09,25.25,0.01,4,10100,买盘
1107,13:52:03,25.24,--,2,5048,卖盘
1108,13:52:00,25.24,--,19,47956,卖盘
1109,13:51:57,25.24,--,24,60575,卖盘
1110,13:51:54,25.24,-0.01,12,30287,卖盘
1111,13:51:51,25.25,0.01,3,7575,买盘
1112,13:51:48,25.24,0.01,10,25240,中性盘
1113,13:51:45,25.23,-0.02,4,10092,卖盘
1114,13:51:42,25.25,0.01,12,30300,买盘
1115,13:51:39,25.24,--,222,560328,卖盘
1116,13:51:36,25.24,-0.01,13,32812,卖盘
1117,13:51:33,25.25,0.01,5,12625,买盘
1118,13:51:30,25.24,--,41,103484,卖盘
1119,13:51:27,25.24,--,0,0,卖盘
1120,13:51:24,25.24,--,145,365980,卖盘
1121,13:51:21,25.24,--,1,2524,卖盘
1122,13:51:18,25.24,--,7,17668,卖盘
1123,13:51:15,25.24,--,2,5048,卖盘
1124,13:51:12,25.24,-0.01,9,22716,卖盘
1125,13:51:09,25.25,0.01,22,55550,买盘
1126,13:51:03,25.24,--,4,10096,卖盘
1127,13:50:57,25.24,-0.02,57,143868,卖盘
1128,13:50:54,25.26,0.01,181,457206,买盘
1129,13:50:51,25.25,-0.01,9,22725,卖盘
1130,13:50:48,25.26,--,9,22734,买盘
1131,13:50:45,25.26,0.01,12,30312,买盘
1132,13:50:39,25.25,-0.01,15,37875,卖盘
1133,13:50:36,25.26,--,51,128826,卖盘
1134,13:50:33,25.26,--,3,7578,卖盘
1135,13:50:30,25.26,--,1,2526,卖盘
1136,13:50:27,25.26,-0.01,2,5052,卖盘
1137,13:50:19,25.27,--,0,0,买盘
1138,13:50:17,25.27,0.02,119,300713,买盘
1139,13:50:14,25.25,--,3,7575,卖盘
1140,13:50:10,25.25,--,48,121200,卖盘
1141,13:50:08,25.25,--,34,85850,买盘
1142,13:50:05,25.25,--,9,22725,买盘
1143,13:50:02,25.25,--,14,35350,买盘
1144,13:49:58,25.25,--,13,32825,卖盘
1145,13:49:56,25.25,-0.01,4,10100,卖盘
1146,13:49:49,25.26,0.01,5,12630,卖盘
1147,13:49:47,25.25,--,0,0,卖盘
1148,13:49:43,25.25,--,28,70700,卖盘
1149,13:49:41,25.25,--,105,265125,卖盘
1150,13:49:35,25.25,--,62,156550,卖盘
1151,13:49:32,25.25,-0.01,57,143925,卖盘
1152,13:49:29,25.26,--,61,154086,卖盘
1153,13:49:26,25.26,--,30,75780,卖盘
1154,13:49:23,25.26,-0.01,63,159138,卖盘
1155,13:49:17,25.27,0.01,18,45486,买盘
1156,13:49:13,25.26,-0.01,22,55572,卖盘
1157,13:49:10,25.27,--,37,93499,卖盘
1158,13:49:07,25.27,--,5,12635,卖盘
1159,13:49:05,25.27,0.01,3,7581,买盘
1160,13:49:02,25.26,-0.01,35,88410,卖盘
1161,13:48:58,25.27,--,32,80864,买盘
1162,13:48:56,25.27,0.01,229,578683,买盘
1163,13:48:53,25.26,--,1,2526,卖盘
1164,13:48:49,25.26,--,21,53046,卖盘
1165,13:48:37,25.26,--,2,5052,卖盘
1166,13:48:32,25.26,--,1,2526,卖盘
1167,13:48:29,25.26,0.01,27,68202,买盘
1168,13:48:25,25.25,-0.01,14,35350,卖盘
1169,13:48:23,25.26,0.01,44,111144,买盘
1170,13:48:16,25.25,--,28,70700,卖盘
1171,13:48:13,25.25,-0.01,4,10100,卖盘
1172,13:48:11,25.26,--,14,35364,买盘
1173,13:48:07,25.26,--,10,25260,买盘
1174,13:48:05,25.26,--,20,50520,买盘
1175,13:47:58,25.26,--,59,149034,卖盘
1176,13:47:56,25.26,--,23,58098,卖盘
1177,13:47:53,25.26,--,7,17682,卖盘
1178,13:47:46,25.26,--,5,12630,卖盘
1179,13:47:40,25.26,--,9,22734,卖盘
1180,13:47:38,25.26,--,27,68202,买盘
1181,13:47:35,25.26,--,13,32838,买盘
1182,13:47:31,25.26,--,11,27786,买盘
1183,13:47:25,25.26,--,12,30312,买盘
1184,13:47:19,25.26,--,71,179346,买盘
1185,13:47:16,25.26,--,83,209658,买盘
1186,13:47:10,25.26,0.01,15,37890,买盘
1187,13:47:07,25.25,--,2,5050,卖盘
1188,13:47:02,25.25,--,54,136350,买盘
1189,13:46:58,25.25,--,5,12625,买盘
1190,13:46:56,25.25,--,3,7575,买盘
1191,13:46:53,25.25,-0.01,149,376225,卖盘
1192,13:46:49,25.26,--,6,15156,卖盘
1193,13:46:47,25.26,--,1,2526,卖盘
1194,13:46:43,25.26,--,89,224814,卖盘
1195,13:46:41,25.26,--,85,214710,买盘
1196,13:46:37,25.26,0.01,24,60624,买盘
1197,13:46:34,25.25,--,10,25250,卖盘
1198,13:46:31,25.25,--,83,209575,卖盘
1199,13:46:28,25.25,--,74,186850,卖盘
1200,13:46:22,25.25,--,2,5050,卖盘
1201,13:46:19,25.25,-0.01,159,401475,卖盘
1202,13:46:16,25.26,--,50,126300,卖盘
1203,13:46:13,25.26,--,21,53046,卖盘
1204,13:46:10,25.26,-0.01,15,37890,卖盘
1205,13:46:07,25.27,--,61,154147,买盘
1206,13:46:05,25.27,--,1,2527,卖盘
1207,13:46:01,25.27,-0.01,102,257754,卖盘
1208,13:45:58,25.28,--,98,247744,买盘
1209,13:45:55,25.28,--,19,48032,卖盘
1210,13:45:52,25.28,--,26,65728,卖盘
1211,13:45:50,25.28,--,76,192128,卖盘
1212,13:45:46,25.28,--,100,252800,卖盘
1213,13:45:44,25.28,-0.01,390,985920,卖盘
1214,13:45:40,25.29,0.01,3,7587,买盘
1215,13:45:34,25.28,--,13,32864,卖盘
1216,13:45:31,25.28,-0.01,50,126400,卖盘
1217,13:45:28,25.29,--,6,15174,卖盘
1218,13:45:25,25.29,--,42,106218,卖盘
1219,13:45:22,25.29,0.01,7,17703,中性盘
1220,13:45:19,25.28,--,24,60672,卖盘
1221,13:45:16,25.28,--,142,358976,卖盘
1222,13:45:14,25.28,-0.01,130,328640,卖盘
1223,13:45:10,25.29,0.01,10,25290,买盘
1224,13:45:07,25.28,-0.01,5,12640,卖盘
1225,13:45:04,25.29,--,20,50580,买盘
1226,13:45:01,25.29,-0.01,13,32877,卖盘
1227,13:44:58,25.3,0.01,113,285890,买盘
1228,13:44:55,25.29,--,45,113805,卖盘
1229,13:44:52,25.29,--,71,179559,卖盘
1230,13:44:46,25.29,--,135,341415,买盘
1231,13:44:40,25.29,--,20,50580,买盘
1232,13:44:34,25.29,--,26,65754,卖盘
1233,13:44:31,25.29,--,6,15174,卖盘
1234,13:44:28,25.29,--,43,108747,卖盘
1235,13:44:25,25.29,--,11,27819,卖盘
1236,13:44:23,25.29,--,10,25290,卖盘
1237,13:44:16,25.29,--,5,12645,卖盘
1238,13:44:13,25.29,--,58,146682,卖盘
1239,13:44:10,25.29,--,4,10116,卖盘
1240,13:44:04,25.29,-0.01,200,505800,卖盘
1241,13:44:01,25.3,--,4,10120,卖盘
1242,13:43:58,25.3,-0.01,4,10120,卖盘
1243,13:43:55,25.31,--,37,93647,卖盘
1244,13:43:53,25.31,--,70,177170,卖盘
1245,13:43:49,25.31,-0.01,1,2531,卖盘
1246,13:43:46,25.32,--,12,30384,买盘
1247,13:43:40,25.32,--,93,235476,卖盘
1248,13:43:37,25.32,-0.01,3,7596,卖盘
1249,13:43:31,25.33,0.01,2,5066,买盘
1250,13:43:28,25.32,--,15,37980,卖盘
1251,13:43:22,25.32,-0.01,14,35448,卖盘
1252,13:43:16,25.33,--,7,17731,卖盘
1253,13:43:13,25.33,--,5,12665,卖盘
1254,13:43:10,25.33,0.01,10,25330,卖盘
1255,13:43:07,25.32,--,0,0,卖盘
1256,13:43:04,25.32,--,57,144324,卖盘
1257,13:43:01,25.32,-0.02,14,35448,卖盘
1258,13:42:58,25.34,--,8,20272,买盘
1259,13:42:55,25.34,0.02,12,30408,买盘
1260,13:42:52,25.32,--,5,12660,买盘
1261,13:42:46,25.32,-0.02,19,48108,卖盘
1262,13:42:43,25.34,--,2,5068,买盘
1263,13:42:34,25.34,--,45,114030,买盘
1264,13:42:31,25.34,0.02,1,2534,买盘
1265,13:42:28,25.32,-0.03,20,50640,卖盘
1266,13:42:25,25.35,--,0,0,买盘
1267,13:42:22,25.35,0.01,15,38025,买盘
1268,13:42:19,25.34,--,0,0,中性盘
1269,13:42:16,25.34,-0.01,22,55748,卖盘
1270,13:42:13,25.35,0.01,2,5070,买盘
1271,13:42:10,25.34,--,4,10136,卖盘
1272,13:42:07,25.34,--,2,5068,卖盘
1273,13:42:04,25.34,--,10,25340,卖盘
1274,13:42:01,25.34,0.01,14,35476,买盘
1275,13:41:58,25.33,0.02,1,2533,卖盘
1276,13:41:55,25.31,-0.02,80,202480,卖盘
1277,13:41:52,25.33,0.01,2,5066,买盘
1278,13:41:49,25.32,0.01,5,12660,卖盘
1279,13:41:46,25.31,-0.02,10,25310,卖盘
1280,13:41:43,25.33,0.01,15,37995,买盘
1281,13:41:40,25.32,0.01,5,12660,中性盘
1282,13:41:37,25.31,-0.01,2,5062,卖盘
1283,13:41:34,25.32,--,7,17724,卖盘
1284,13:41:31,25.32,--,25,63300,卖盘
1285,13:41:28,25.32,0.01,3,7596,卖盘
1286,13:41:22,25.31,--,0,0,卖盘
1287,13:41:19,25.31,--,28,70868,卖盘
1288,13:41:16,25.31,-0.01,4,10124,卖盘
1289,13:41:13,25.32,--,1,2532,买盘
1290,13:41:07,25.32,--,53,134196,买盘
1291,13:41:04,25.32,0.02,60,151920,买盘
1292,13:41:01,25.3,--,11,27830,卖盘
1293,13:40:58,25.3,-0.01,9,22770,卖盘
1294,13:40:55,25.31,--,0,0,卖盘
1295,13:40:52,25.31,-0.01,14,35434,卖盘
1296,13:40:46,25.32,0.01,2,5064,买盘
1297,13:40:43,25.31,--,2,5062,卖盘
1298,13:40:40,25.31,0.02,155,392305,买盘
1299,13:40:37,25.29,0.01,22,55638,卖盘
1300,13:40:34,25.28,-0.01,33,83424,卖盘
1301,13:40:31,25.29,--,43,108747,买盘
1302,13:40:28,25.29,--,60,151740,买盘
1303,13:40:25,25.29,0.01,72,182088,买盘
1304,13:40:22,25.28,--,63,159264,买盘
1305,13:40:19,25.28,0.01,7,17696,买盘
1306,13:40:16,25.27,-0.01,7,17689,卖盘
1307,13:40:13,25.28,0.01,6,15168,买盘
1308,13:40:07,25.27,-0.01,161,406847,卖盘
1309,13:40:01,25.28,0.01,2,5056,买盘
1310,13:39:58,25.27,-0.01,14,35378,卖盘
1311,13:39:55,25.28,--,13,32864,卖盘
1312,13:39:46,25.28,-0.01,3,7584,卖盘
1313,13:39:43,25.29,--,27,68283,卖盘
1314,13:39:40,25.29,--,4,10116,卖盘
1315,13:39:37,25.29,--,4,10116,卖盘
1316,13:39:34,25.29,0.02,29,73341,买盘
1317,13:39:31,25.27,--,0,0,卖盘
1318,13:39:28,25.27,--,82,207214,卖盘
1319,13:39:25,25.27,-0.02,26,65702,卖盘
1320,13:39:22,25.29,0.01,6,15174,买盘
1321,13:39:16,25.28,0.01,2,5056,买盘
1322,13:39:13,25.27,-0.01,141,356307,卖盘
1323,13:39:10,25.28,--,42,106176,卖盘
1324,13:39:07,25.28,--,22,55616,卖盘
1325,13:39:01,25.28,--,1,2528,卖盘
1326,13:38:58,25.28,--,149,376672,卖盘
1327,13:38:55,25.28,-0.02,31,78368,卖盘
1328,13:38:52,25.3,0.02,29,73370,买盘
1329,13:38:49,25.28,--,0,0,卖盘
1330,13:38:46,25.28,-0.02,34,85952,卖盘
1331,13:38:43,25.3,0.02,2,5060,买盘
1332,13:38:40,25.28,--,1,2528,卖盘
1333,13:38:37,25.28,-0.01,66,166848,卖盘
1334,13:38:34,25.29,--,13,32877,卖盘
1335,13:38:31,25.29,--,8,20232,卖盘
1336,13:38:28,25.29,-0.01,10,25290,卖盘
1337,13:38:25,25.3,0.01,14,35420,买盘
1338,13:38:22,25.29,--,15,37935,买盘
1339,13:38:19,25.29,--,37,93573,卖盘
1340,13:38:16,25.29,--,19,48051,卖盘
1341,13:38:13,25.29,-0.01,30,75870,卖盘
1342,13:38:10,25.3,--,15,37950,买盘
1343,13:38:07,25.3,0.01,44,111320,买盘
1344,13:38:04,25.29,-0.01,25,63225,卖盘
1345,13:38:01,25.3,0.01,2,5060,买盘
1346,13:37:58,25.29,--,3,7587,卖盘
1347,13:37:55,25.29,--,8,20232,卖盘
1348,13:37:52,25.29,--,10,25290,买盘
1349,13:37:48,25.29,--,8,20232,买盘
1350,13:37:46,25.29,--,15,37935,卖盘
1351,13:37:42,25.29,--,109,275661,卖盘
1352,13:37:39,25.29,--,26,65754,卖盘
1353,13:37:36,25.29,-0.01,6,15174,卖盘
1354,13:37:34,25.3,0.01,10,25300,买盘
1355,13:37:31,25.29,-0.01,5,12645,中性盘
1356,13:37:28,25.3,0.02,15,37950,买盘
1357,13:37:22,25.28,-0.02,3,7584,卖盘
1358,13:37:19,25.3,0.02,74,187220,买盘
1359,13:37:16,25.28,--,11,27808,卖盘
1360,13:37:13,25.28,-0.02,3,7584,卖盘
1361,13:37:10,25.3,--,6,15180,买盘
1362,13:37:07,25.3,--,1,2530,买盘
1363,13:37:04,25.3,0.04,24,60720,买盘
1364,13:37:01,25.26,-0.02,83,209658,卖盘
1365,13:36:58,25.28,--,0,0,卖盘
1366,13:36:55,25.28,-0.03,112,283136,卖盘
1367,13:36:51,25.31,0.01,2,5062,买盘
1368,13:36:49,25.3,0.03,121,308457,买盘
1369,13:36:46,25.27,--,58,146566,卖盘
1370,13:36:43,25.27,-0.02,46,116242,卖盘
1371,13:36:40,25.29,0.02,34,85986,买盘
1372,13:36:37,25.27,-0.01,43,108661,卖盘
1373,13:36:34,25.28,--,6,15168,买盘
1374,13:36:31,25.28,0.01,67,169376,买盘
1375,13:36:28,25.27,--,14,35378,买盘
1376,13:36:25,25.27,0.02,22,55594,买盘
1377,13:36:22,25.25,--,24,60600,卖盘
1378,13:36:19,25.25,-0.03,51,128775,卖盘
1379,13:36:16,25.28,0.03,26,65728,买盘
1380,13:36:13,25.25,0.01,94,237350,买盘
1381,13:36:10,25.24,--,81,204444,卖盘
1382,13:36:07,25.24,0.01,140,353360,买盘
1383,13:36:04,25.23,-0.01,52,131196,卖盘
1384,13:36:00,25.24,0.02,28,70672,买盘
1385,13:35:57,25.22,-0.02,24,60528,卖盘
1386,13:35:54,25.24,--,149,376076,买盘
1387,13:35:51,25.24,--,242,610808,买盘
1388,13:35:48,25.24,--,8,20192,卖盘
1389,13:35:45,25.24,-0.01,1,2524,卖盘
1390,13:35:39,25.25,-0.03,102,257550,卖盘
1391,13:35:33,25.28,--,44,111232,卖盘
1392,13:35:30,25.28,-0.02,46,116288,卖盘
1393,13:35:27,25.3,--,10,25300,买盘
1394,13:35:24,25.3,--,144,364522,卖盘
1395,13:35:21,25.3,-0.01,15,37950,卖盘
1396,13:35:18,25.31,0.01,87,220197,买盘
1397,13:35:15,25.3,--,42,106260,卖盘
1398,13:35:12,25.3,-0.01,90,227700,卖盘
1399,13:35:09,25.31,-0.01,117,298455,卖盘
1400,13:35:06,25.32,0.01,4,10128,中性盘
1401,13:35:03,25.31,-0.01,97,245507,卖盘
1402,13:35:00,25.32,0.01,12,30384,买盘
1403,13:34:57,25.31,--,50,126550,卖盘
1404,13:34:54,25.31,-0.01,98,248038,卖盘
1405,13:34:51,25.32,-0.01,105,265860,卖盘
1406,13:34:45,25.33,--,4,10132,卖盘
1407,13:34:42,25.33,--,30,75990,卖盘
1408,13:34:39,25.33,-0.02,84,212772,卖盘
1409,13:34:36,25.35,0.01,9,22815,买盘
1410,13:34:30,25.34,--,1,2534,卖盘
1411,13:34:27,25.34,-0.02,81,205254,卖盘
1412,13:34:24,25.36,0.01,5,12680,买盘
1413,13:34:21,25.35,--,43,109005,卖盘
1414,13:34:18,25.35,--,169,428415,卖盘
1415,13:34:15,25.35,--,153,387855,卖盘
1416,13:34:12,25.35,-0.01,1,2535,卖盘
1417,13:34:09,25.36,0.01,3,7608,买盘
1418,13:34:06,25.35,-0.02,41,103935,卖盘
1419,13:34:03,25.37,0.01,2,5074,买盘
1420,13:33:57,25.36,--,187,474232,卖盘
1421,13:33:54,25.36,-0.01,15,38040,卖盘
1422,13:33:51,25.37,--,11,27907,买盘
1423,13:33:48,25.37,--,12,30596,卖盘
1424,13:33:45,25.37,--,40,101480,卖盘
1425,13:33:42,25.37,-0.01,11,27907,卖盘
1426,13:33:39,25.38,--,19,48222,买盘
1427,13:33:36,25.38,0.01,2,5076,买盘
1428,13:33:33,25.37,--,22,55814,卖盘
1429,13:33:30,25.37,--,26,65962,卖盘
1430,13:33:27,25.37,--,59,149683,卖盘
1431,13:33:24,25.37,-0.01,46,116702,卖盘
1432,13:33:21,25.38,--,39,98982,卖盘
1433,13:33:18,25.38,--,18,45684,买盘
1434,13:33:15,25.38,0.01,2,5076,买盘
1435,13:33:12,25.37,-0.03,3,7611,卖盘
1436,13:33:09,25.4,0.02,20,50800,买盘
1437,13:33:06,25.38,--,21,53298,卖盘
1438,13:33:00,25.38,-0.02,15,38070,卖盘
1439,13:32:57,25.4,0.02,5,12700,买盘
1440,13:32:54,25.38,-0.02,5,12690,卖盘
1441,13:32:51,25.4,0.01,4,10160,买盘
1442,13:32:48,25.39,0.01,5,12695,中性盘
1443,13:32:45,25.38,--,1,2538,卖盘
1444,13:32:39,25.38,-0.01,6,15228,卖盘
1445,13:32:36,25.39,-0.01,21,53319,卖盘
1446,13:32:33,25.4,--,61,154940,买盘
1447,13:32:30,25.4,--,2,5080,买盘
1448,13:32:24,25.4,--,5,12700,买盘
1449,13:32:15,25.4,-0.01,152,386080,卖盘
1450,13:32:12,25.41,0.01,26,66066,买盘
1451,13:32:06,25.4,--,4,10160,卖盘
1452,13:32:03,25.4,-0.01,15,38100,卖盘
1453,13:32:00,25.41,--,28,71148,卖盘
1454,13:31:57,25.41,-0.01,12,30492,卖盘
1455,13:31:54,25.42,--,0,0,买盘
1456,13:31:51,25.42,--,1,2542,买盘
1457,13:31:48,25.42,--,17,43214,卖盘
1458,13:31:45,25.42,--,23,58466,买盘
1459,13:31:42,25.42,--,1,2542,卖盘
1460,13:31:36,25.42,--,38,96596,卖盘
1461,13:31:33,25.42,--,5,12710,卖盘
1462,13:31:27,25.42,--,9,22878,卖盘
1463,13:31:21,25.42,0.05,75,190650,买盘
1464,13:31:15,25.37,-0.05,294,745878,卖盘
1465,13:31:09,25.42,--,1,2542,买盘
1466,13:31:05,25.42,0.03,1,2542,买盘
1467,13:31:01,25.39,-0.03,100,253900,卖盘
1468,13:30:52,25.42,0.03,1,2542,买盘
1469,13:30:49,25.39,-0.01,1,2539,卖盘
1470,13:30:43,25.4,--,7,20167,买盘
1471,13:30:42,25.4,--,15,38100,买盘
1472,13:30:37,25.4,0.01,2,5080,买盘
1473,13:30:34,25.39,-0.01,32,81248,卖盘
1474,13:30:33,25.4,0.01,25,63500,买盘
1475,13:30:25,25.39,--,25,63475,卖盘
1476,13:30:22,25.39,--,33,83787,卖盘
1477,13:30:19,25.39,--,10,25390,卖盘
1478,13:30:16,25.39,--,25,63475,卖盘
1479,13:30:13,25.39,--,26,66014,卖盘
1480,13:30:10,25.39,0.01,198,502722,买盘
1481,13:30:01,25.38,-0.01,20,50760,卖盘
1482,13:29:58,25.39,0.02,8,20312,买盘
1483,13:29:55,25.37,-0.01,20,50740,卖盘
1484,13:29:52,25.38,--,9,22842,买盘
1485,13:29:49,25.38,--,2,5076,买盘
1486,13:29:46,25.38,0.01,17,43146,中性盘
1487,13:29:43,25.37,-0.01,22,55814,卖盘
1488,13:29:40,25.38,--,28,71064,卖盘
1489,13:29:37,25.38,-0.01,19,48222,卖盘
1490,13:29:34,25.39,0.01,30,76170,买盘
1491,13:29:31,25.38,0.01,27,68526,买盘
1492,13:29:28,25.37,--,0,0,卖盘
1493,13:29:25,25.37,-0.02,441,1118817,卖盘
1494,13:29:22,25.39,0.01,182,462098,买盘
1495,13:29:19,25.38,--,31,78678,买盘
1496,13:29:16,25.38,--,21,53298,买盘
1497,13:29:13,25.38,--,26,65988,买盘
1498,13:29:07,25.38,--,92,233496,卖盘
1499,13:29:04,25.38,--,15,38070,卖盘
1500,13:29:01,25.38,--,9,22842,卖盘
1501,13:28:58,25.38,--,24,60912,买盘
1502,13:28:55,25.38,--,16,40608,买盘
1503,13:28:52,25.38,0.01,20,50760,买盘
1504,13:28:49,25.37,-0.01,56,142072,卖盘
1505,13:28:46,25.38,--,21,53298,卖盘
1506,13:28:40,25.38,--,17,43146,卖盘
1507,13:28:37,25.38,--,0,0,卖盘
1508,13:28:34,25.38,-0.01,204,517752,卖盘
1509,13:28:31,25.39,-0.01,1,2539,卖盘
1510,13:28:28,25.4,0.01,4,10160,买盘
1511,13:28:25,25.39,0.01,3,7617,中性盘
1512,13:28:22,25.38,-0.02,20,50760,卖盘
1513,13:28:19,25.4,--,13,33172,买盘
1514,13:28:16,25.4,0.01,26,68427,买盘
1515,13:28:13,25.39,--,5,12695,买盘
1516,13:28:10,25.39,-0.01,20,50780,卖盘
1517,13:28:07,25.4,0.01,4,10160,买盘
1518,13:28:04,25.39,-0.01,12,30468,卖盘
1519,13:28:01,25.4,0.01,10,25400,买盘
1520,13:27:55,25.39,-0.01,9,22851,卖盘
1521,13:27:52,25.4,--,103,261619,卖盘
1522,13:27:49,25.4,-0.01,39,99060,卖盘
1523,13:27:43,25.41,--,48,121968,买盘
1524,13:27:40,25.41,--,18,45738,买盘
1525,13:27:34,25.41,0.01,9,22869,买盘
1526,13:27:31,25.4,-0.01,60,152400,卖盘
1527,13:27:28,25.41,-0.01,411,1044351,卖盘
1528,13:27:25,25.42,--,3,7626,买盘
1529,13:27:22,25.42,-0.01,42,106764,卖盘
1530,13:27:19,25.43,0.01,3,7629,买盘
1531,13:27:16,25.42,--,1,2542,卖盘
1532,13:27:13,25.42,--,3,7626,卖盘
1533,13:27:10,25.42,-0.02,28,71176,卖盘
1534,13:27:04,25.44,--,9,22896,买盘
1535,13:27:01,25.44,--,7,17808,卖盘
1536,13:26:58,25.44,-0.01,25,63600,卖盘
1537,13:26:55,25.45,0.01,12,30540,买盘
1538,13:26:52,25.44,--,37,94128,买盘
1539,13:26:49,25.44,0.03,8,20352,买盘
1540,13:26:46,25.41,-0.02,357,907137,卖盘
1541,13:26:43,25.43,-0.01,150,381450,卖盘
1542,13:26:40,25.44,--,11,27984,买盘
1543,13:26:37,25.44,--,6,15264,买盘
1544,13:26:34,25.44,--,5,12720,卖盘
1545,13:26:31,25.44,--,0,0,卖盘
1546,13:26:28,25.44,-0.01,25,63600,卖盘
1547,13:26:25,25.45,--,55,139975,卖盘
1548,13:26:19,25.45,--,2,5090,买盘
1549,13:26:16,25.45,0.01,6,15270,买盘
1550,13:26:13,25.44,-0.01,10,25440,卖盘
1551,13:26:04,25.45,--,13,33085,买盘
1552,13:26:01,25.45,--,3,7635,买盘
1553,13:25:58,25.45,--,6,15270,买盘
1554,13:25:55,25.45,--,4,10180,买盘
1555,13:25:46,25.45,-0.05,185,470825,卖盘
1556,13:25:43,25.5,0.02,4,10200,买盘
1557,13:25:34,25.48,--,4,10192,买盘
1558,13:25:31,25.48,-0.01,11,28028,卖盘
1559,13:25:28,25.49,--,112,285488,买盘
1560,13:25:19,25.49,0.01,8,20392,买盘
1561,13:25:13,25.48,-0.01,5,12740,卖盘
1562,13:25:10,25.49,--,5,12745,买盘
1563,13:25:07,25.49,0.01,6,15293,买盘
1564,13:25:01,25.48,-0.01,3,7644,卖盘
1565,13:24:58,25.49,0.01,10,25490,买盘
1566,13:24:55,25.48,--,1,2548,卖盘
1567,13:24:52,25.48,-0.01,10,25480,卖盘
1568,13:24:49,25.49,--,4,10196,买盘
1569,13:24:43,25.49,-0.01,16,40784,卖盘
1570,13:24:40,25.5,--,12,30600,买盘
1571,13:24:37,25.5,--,6,15300,买盘
1572,13:24:34,25.5,0.01,33,84150,买盘
1573,13:24:31,25.49,--,6,15293,卖盘
1574,13:24:28,25.49,-0.01,31,79019,卖盘
1575,13:24:25,25.5,0.01,4,10200,买盘
1576,13:24:22,25.49,-0.01,7,17843,卖盘
1577,13:24:16,25.5,--,14,35700,买盘
1578,13:24:13,25.5,0.01,3,7650,买盘
1579,13:24:10,25.49,-0.01,1,2549,卖盘
1580,13:24:07,25.5,--,0,0,买盘
1581,13:24:04,25.5,--,19,48450,买盘
1582,13:24:01,25.5,--,4,10200,买盘
1583,13:23:58,25.5,--,7,17850,买盘
1584,13:23:55,25.5,-0.02,39,99450,卖盘
1585,13:23:52,25.52,0.02,70,178640,买盘
1586,13:23:49,25.5,--,52,132600,卖盘
1587,13:23:46,25.5,-0.01,59,150450,卖盘
1588,13:23:43,25.51,0.01,73,186223,买盘
1589,13:23:40,25.5,--,52,132600,卖盘
1590,13:23:37,25.5,-0.01,67,170850,卖盘
1591,13:23:34,25.51,0.01,72,183672,买盘
1592,13:23:31,25.5,--,54,137700,卖盘
1593,13:23:28,25.5,--,50,127500,卖盘
1594,13:23:25,25.5,--,43,109650,卖盘
1595,13:23:22,25.5,-0.01,104,265200,卖盘
1596,13:23:19,25.51,0.01,11,28061,买盘
1597,13:23:13,25.5,--,0,0,中性盘
1598,13:23:10,25.5,--,4,10200,买盘
1599,13:23:01,25.5,-0.01,7,17850,卖盘
1600,13:22:58,25.51,0.01,47,119897,买盘
1601,13:22:55,25.5,--,10,25500,买盘
1602,13:22:52,25.5,--,1,2550,买盘
1603,13:22:46,25.5,--,13,33150,买盘
1604,13:22:43,25.5,--,2,5100,买盘
1605,13:22:40,25.5,--,12,30600,买盘
1606,13:22:37,25.5,--,4,10200,买盘
1607,13:22:34,25.5,--,5,12750,买盘
1608,13:22:25,25.5,0.03,4,10200,买盘
1609,13:22:22,25.47,--,3,7641,卖盘
1610,13:22:19,25.47,-0.01,107,272529,卖盘
1611,13:22:16,25.48,--,4,10192,买盘
1612,13:22:13,25.48,--,15,38220,买盘
1613,13:22:10,25.48,0.01,21,53508,买盘
1614,13:22:07,25.47,-0.01,37,94239,卖盘
1615,13:22:04,25.48,0.01,5,12740,买盘
1616,13:22:01,25.47,-0.01,5,12735,卖盘
1617,13:21:52,25.48,0.01,4,10192,买盘
1618,13:21:46,25.47,-0.01,15,38205,卖盘
1619,13:21:43,25.48,--,5,12740,买盘
1620,13:21:40,25.48,--,10,25480,买盘
1621,13:21:37,25.48,--,111,282828,买盘
1622,13:21:31,25.48,--,2,5096,买盘
1623,13:21:28,25.48,0.01,4,10192,买盘
1624,13:21:25,25.47,--,204,519588,卖盘
1625,13:21:19,25.47,--,40,101880,卖盘
1626,13:21:16,25.47,--,26,66222,卖盘
1627,13:21:13,25.47,--,37,94239,买盘
1628,13:21:07,25.47,0.01,5,12735,买盘
1629,13:21:01,25.46,-0.01,4,10184,卖盘
1630,13:20:55,25.47,0.01,8,20376,买盘
1631,13:20:52,25.46,-0.01,18,45828,卖盘
1632,13:20:46,25.47,--,5,12735,中性盘
1633,13:20:43,25.47,--,0,0,买盘
1634,13:20:40,25.47,--,22,56034,买盘
1635,13:20:37,25.47,-0.03,20,50940,中性盘
1636,13:20:34,25.5,0.02,29,73950,买盘
1637,13:20:28,25.48,--,5,12740,买盘
1638,13:20:22,25.48,--,0,0,买盘
1639,13:20:10,25.48,0.01,87,221676,买盘
1640,13:20:07,25.47,--,10,25470,买盘
1641,13:19:58,25.47,-0.02,113,287811,卖盘
1642,13:19:52,25.49,--,4,10196,买盘
1643,13:19:49,25.49,-0.01,3,7646,卖盘
1644,13:19:46,25.5,-0.02,8,20400,买盘
1645,13:19:43,25.52,0.02,100,255200,买盘
1646,13:19:40,25.5,--,2,5100,中性盘
1647,13:19:37,25.5,--,9,22950,卖盘
1648,13:19:31,25.5,0.03,32,81600,买盘
1649,13:19:25,25.47,--,0,0,卖盘
1650,13:19:22,25.47,-0.04,38,96786,卖盘
1651,13:19:19,25.51,0.03,10,25510,买盘
1652,13:19:16,25.48,-0.03,1,2548,卖盘
1653,13:19:13,25.51,0.01,1,2551,买盘
1654,13:19:07,25.5,--,11,28050,买盘
1655,13:19:04,25.5,0.01,68,173400,买盘
1656,13:19:01,25.49,--,14,35686,买盘
1657,13:18:58,25.49,--,37,94313,买盘
1658,13:18:55,25.49,0.02,6,15293,买盘
1659,13:18:52,25.47,--,0,0,卖盘
1660,13:18:49,25.47,-0.03,8,20376,卖盘
1661,13:18:46,25.5,--,5,12750,买盘
1662,13:18:43,25.5,--,177,451350,买盘
1663,13:18:40,25.5,-0.01,13,33150,买盘
1664,13:18:37,25.51,--,0,0,买盘
1665,13:18:34,25.51,--,4,10204,买盘
1666,13:18:25,25.51,0.04,5,12755,买盘
1667,13:18:19,25.47,0.02,13,33111,买盘
1668,13:18:16,25.45,-0.02,21,53445,卖盘
1669,13:18:13,25.47,--,9,22923,买盘
1670,13:18:07,25.47,0.01,2,5094,买盘
1671,13:18:00,25.46,--,11,28006,买盘
1672,13:17:54,25.46,0.02,10,25460,买盘
1673,13:17:51,25.44,--,8,20352,卖盘
1674,13:17:45,25.44,--,8,20352,卖盘
1675,13:17:43,25.44,0.01,12,30528,买盘
1676,13:17:36,25.43,--,0,0,卖盘
1677,13:17:31,25.43,-0.04,20,50860,卖盘
1678,13:17:27,25.47,0.03,200,509400,买盘
1679,13:17:24,25.44,-0.03,2,5088,买盘
1680,13:17:21,25.47,0.03,7,17829,买盘
1681,13:17:18,25.44,0.01,1,2544,买盘
1682,13:17:15,25.43,-0.01,101,256843,卖盘
1683,13:17:12,25.44,-0.02,116,295104,卖盘
1684,13:17:09,25.46,0.02,4,10184,买盘
1685,13:17:00,25.44,-0.02,20,50880,卖盘
1686,13:16:57,25.46,0.02,7,17822,买盘
1687,13:16:51,25.44,0.01,47,119568,买盘
1688,13:16:48,25.43,--,50,127150,卖盘
1689,13:16:45,25.43,--,39,99177,卖盘
1690,13:16:42,25.43,-0.01,3,7629,卖盘
1691,13:16:39,25.44,--,120,305280,买盘
1692,13:16:36,25.44,--,8,20352,买盘
1693,13:16:33,25.44,0.01,61,155184,买盘
1694,13:16:30,25.43,--,2,5086,卖盘
1695,13:16:27,25.43,-0.01,26,66118,卖盘
1696,13:16:24,25.44,0.01,13,33072,买盘
1697,13:16:21,25.43,--,44,111892,卖盘
1698,13:16:18,25.43,--,18,45774,卖盘
1699,13:16:15,25.43,-0.01,5,12715,卖盘
1700,13:16:12,25.44,0.01,9,22896,买盘
1701,13:16:06,25.43,-0.03,420,1068060,卖盘
1702,13:16:03,25.46,0.01,5,12730,买盘
1703,13:16:00,25.45,0.01,43,109435,中性盘
1704,13:15:57,25.44,-0.02,711,1808784,卖盘
1705,13:15:51,25.46,0.01,25,63650,买盘
1706,13:15:48,25.45,--,14,35630,卖盘
1707,13:15:45,25.45,-0.01,28,71260,卖盘
1708,13:15:42,25.46,0.01,5,12730,买盘
1709,13:15:36,25.45,-0.01,23,58535,卖盘
1710,13:15:33,25.46,--,1,2546,买盘
1711,13:15:30,25.46,--,154,392084,卖盘
1712,13:15:27,25.46,-0.01,20,50920,卖盘
1713,13:15:21,25.47,--,5,12735,买盘
1714,13:15:18,25.47,--,10,25470,买盘
1715,13:15:12,25.47,--,3,7641,买盘
1716,13:15:09,25.47,--,9,22923,买盘
1717,13:15:06,25.47,-0.01,139,354033,卖盘
1718,13:15:00,25.48,--,255,649740,买盘
1719,13:14:57,25.48,--,11,28028,买盘
1720,13:14:54,25.48,--,21,53508,买盘
1721,13:14:51,25.48,--,16,40768,买盘
1722,13:14:48,25.48,--,189,481572,卖盘
1723,13:14:45,25.48,-0.03,7,17836,卖盘
1724,13:14:42,25.51,0.01,100,255100,买盘
1725,13:14:36,25.5,0.02,4,10200,买盘
1726,13:14:30,25.48,-0.02,4,10192,卖盘
1727,13:14:24,25.5,--,5,12750,买盘
1728,13:14:12,25.5,0.02,4,10200,买盘
1729,13:14:06,25.48,--,0,0,卖盘
1730,13:14:03,25.48,-0.03,353,899444,卖盘
1731,13:14:00,25.51,0.01,16,40816,买盘
1732,13:13:57,25.5,--,7,17850,买盘
1733,13:13:54,25.5,-0.01,46,117300,卖盘
1734,13:13:51,25.51,-0.01,14,35714,中性盘
1735,13:13:48,25.52,0.01,1,2552,买盘
1736,13:13:42,25.51,-0.01,19,48469,卖盘
1737,13:13:39,25.52,--,5,12760,买盘
1738,13:13:36,25.52,--,2,5104,买盘
1739,13:13:33,25.52,-0.01,34,87023,卖盘
1740,13:13:30,25.53,0.01,4,10212,买盘
1741,13:13:27,25.52,--,14,35728,卖盘
1742,13:13:24,25.52,--,14,35728,卖盘
1743,13:13:21,25.52,-0.01,5,12760,卖盘
1744,13:13:18,25.53,0.01,5,12765,买盘
1745,13:13:15,25.52,0.01,54,140104,买盘
1746,13:13:12,25.51,-0.01,14,35969,卖盘
1747,13:13:06,25.52,0.01,4,10208,买盘
1748,13:13:03,25.51,--,20,53315,买盘
1749,13:13:00,25.51,--,30,76530,买盘
1750,13:12:57,25.51,0.01,5,12755,买盘
1751,13:12:54,25.5,--,14,35955,卖盘
1752,13:12:48,25.5,--,13,33150,卖盘
1753,13:12:45,25.5,-0.01,55,140250,卖盘
1754,13:12:39,25.51,-0.01,22,56122,中性盘
1755,13:12:36,25.52,0.02,3,7656,买盘
1756,13:12:33,25.5,-0.02,54,137700,卖盘
1757,13:12:27,25.52,0.01,10,25520,买盘
1758,13:12:24,25.51,0.01,55,140305,中性盘
1759,13:12:15,25.5,-0.01,15,38250,卖盘
1760,13:12:12,25.51,0.01,4,10204,买盘
1761,13:12:06,25.5,--,0,0,卖盘
1762,13:12:03,25.5,-0.02,50,127500,卖盘
1763,13:12:00,25.52,0.01,25,63800,买盘
1764,13:11:57,25.51,--,10,25510,中性盘
1765,13:11:54,25.51,-0.01,41,104591,卖盘
1766,13:11:51,25.52,0.01,4,10208,买盘
1767,13:11:45,25.51,-0.01,34,86734,卖盘
1768,13:11:39,25.52,0.01,9,22968,买盘
1769,13:11:33,25.51,-0.01,11,28061,卖盘
1770,13:11:26,25.52,0.02,5,12760,买盘
1771,13:11:24,25.5,-0.01,143,364650,卖盘
1772,13:11:18,25.51,--,1,4846,买盘
1773,13:11:15,25.51,--,7,17857,买盘
1774,13:11:04,25.51,0.01,3,7653,买盘
1775,13:11:01,25.5,--,11,28050,买盘
1776,13:10:58,25.5,-0.01,7,18105,卖盘
1777,13:10:55,25.51,--,17,43367,买盘
1778,13:10:52,25.51,--,20,51020,买盘
1779,13:10:49,25.51,-0.01,1,2551,卖盘
1780,13:10:43,25.52,0.01,4,10208,买盘
1781,13:10:40,25.51,0.01,6,15306,买盘
1782,13:10:31,25.5,--,2,7395,买盘
1783,13:10:29,25.5,--,21,53805,卖盘
1784,13:10:22,25.5,-0.02,5,12750,卖盘
1785,13:10:19,25.52,--,21,53592,卖盘
1786,13:10:16,25.52,--,75,191400,买盘
1787,13:10:13,25.52,--,3,7656,买盘
1788,13:10:04,25.52,--,15,38280,买盘
1789,13:10:01,25.52,--,4,10208,买盘
1790,13:09:58,25.52,--,6,15312,买盘
1791,13:09:55,25.52,0.02,2,5104,买盘
1792,13:09:52,25.5,-0.02,30,76500,卖盘
1793,13:09:46,25.52,0.02,6,15312,买盘
1794,13:09:43,25.5,--,50,127500,卖盘
1795,13:09:40,25.5,-0.02,10,25500,卖盘
1796,13:09:34,25.52,-0.01,46,117392,买盘
1797,13:09:25,25.53,--,0,0,买盘
1798,13:09:22,25.53,0.01,70,178710,买盘
1799,13:09:16,25.52,0.02,4,12504,买盘
1800,13:09:13,25.5,-0.02,55,140250,卖盘
1801,13:09:07,25.52,--,4,10208,买盘
1802,13:09:04,25.52,0.02,14,35728,买盘
1803,13:09:01,25.5,0.01,54,137700,卖盘
1804,13:08:58,25.49,--,0,0,卖盘
1805,13:08:55,25.49,--,0,0,卖盘
1806,13:08:52,25.49,-0.03,1,2549,卖盘
1807,13:08:49,25.52,--,5,12760,买盘
1808,13:08:46,25.52,0.02,3,7656,买盘
1809,13:08:40,25.5,-0.02,42,107100,卖盘
1810,13:08:34,25.52,--,24,61503,卖盘
1811,13:08:28,25.52,-0.02,28,71456,卖盘
1812,13:08:19,25.54,--,0,0,买盘
1813,13:08:16,25.54,0.02,4,10216,买盘
1814,13:08:13,25.52,-0.01,16,43128,卖盘
1815,13:08:10,25.53,0.03,2,5106,卖盘
1816,13:08:07,25.5,-0.04,64,163200,卖盘
1817,13:07:58,25.54,-0.01,22,56188,卖盘
1818,13:07:55,25.55,0.01,9,22995,买盘
1819,13:07:52,25.54,0.04,38,97052,买盘
1820,13:07:49,25.5,-0.04,50,127500,卖盘
1821,13:07:46,25.54,--,7,17878,买盘
1822,13:07:43,25.54,--,205,523570,买盘
1823,13:07:40,25.54,--,20,51080,买盘
1824,13:07:37,25.54,--,3,7662,买盘
1825,13:07:34,25.54,-0.01,5,12770,买盘
1826,13:07:28,25.55,0.01,23,58765,买盘
1827,13:07:25,25.54,-0.01,2,5108,卖盘
1828,13:07:22,25.55,0.01,4,10220,买盘
1829,13:07:19,25.54,--,24,61296,卖盘
1830,13:07:16,25.54,-0.01,4,10216,中性盘
1831,13:07:13,25.55,0.05,234,597870,买盘
1832,13:07:10,25.5,-0.03,30,76500,卖盘
1833,13:07:01,25.53,0.02,4,10212,买盘
1834,13:06:58,25.51,--,1,2551,卖盘
1835,13:06:52,25.51,--,0,0,中性盘
1836,13:06:49,25.51,--,18,45918,买盘
1837,13:06:43,25.51,0.01,10,25510,买盘
1838,13:06:40,25.5,-0.01,35,89250,卖盘
1839,13:06:37,25.51,--,4,10204,买盘
1840,13:06:34,25.51,0.01,1,2551,买盘
1841,13:06:31,25.5,-0.01,30,76500,卖盘
1842,13:06:28,25.51,0.01,4,10204,买盘
1843,13:06:19,25.5,-0.01,60,153000,卖盘
1844,13:06:16,25.51,0.01,5,12755,买盘
1845,13:06:13,25.5,--,0,0,中性盘
1846,13:06:10,25.5,-0.01,14,35700,中性盘
1847,13:06:04,25.51,0.01,4,10204,买盘
1848,13:06:01,25.5,--,23,58650,买盘
1849,13:05:58,25.5,--,22,56100,买盘
1850,13:05:55,25.5,--,5,12750,买盘
1851,13:05:49,25.5,-0.01,3,7650,买盘
1852,13:05:46,25.51,--,0,0,买盘
1853,13:05:43,25.51,0.01,18,45918,买盘
1854,13:05:40,25.5,-0.01,32,81600,卖盘
1855,13:05:37,25.51,--,1,2551,买盘
1856,13:05:34,25.51,--,2,5102,买盘
1857,13:05:31,25.51,-0.02,8,20408,买盘
1858,13:05:28,25.53,--,0,0,买盘
1859,13:05:25,25.53,0.01,40,102120,买盘
1860,13:05:22,25.52,0.02,4,10208,买盘
1861,13:05:19,25.5,--,46,117300,卖盘
1862,13:05:10,25.5,--,54,137700,卖盘
1863,13:05:01,25.5,-0.01,36,91800,卖盘
1864,13:04:58,25.51,0.01,6,15306,买盘
1865,13:04:52,25.5,--,0,0,卖盘
1866,13:04:49,25.5,--,61,155550,卖盘
1867,13:04:46,25.5,--,0,0,卖盘
1868,13:04:43,25.5,--,5,12750,卖盘
1869,13:04:40,25.5,-0.02,50,127500,卖盘
1870,13:04:37,25.52,0.02,4,10208,买盘
1871,13:04:28,25.5,-0.04,13,33150,卖盘
1872,13:04:25,25.54,0.02,4,10216,买盘
1873,13:04:22,25.52,--,10,25520,卖盘
1874,13:04:19,25.52,-0.02,28,71456,中性盘
1875,13:04:16,25.54,0.04,5,12770,买盘
1876,13:04:10,25.5,-0.02,73,186150,卖盘
1877,13:04:07,25.52,--,11,28072,买盘
1878,13:04:04,25.52,--,4,10208,买盘
1879,13:04:01,25.52,--,6,15312,买盘
1880,13:03:55,25.52,--,7,17864,买盘
1881,13:03:52,25.52,-0.02,29,74008,卖盘
1882,13:03:49,25.54,--,41,104714,买盘
1883,13:03:43,25.54,0.02,5,12770,买盘
1884,13:03:40,25.52,-0.02,30,76560,卖盘
1885,13:03:34,25.54,0.01,17,43418,买盘
1886,13:03:31,25.53,0.01,26,66378,买盘
1887,13:03:28,25.52,--,5,12760,买盘
1888,13:03:25,25.52,-0.02,4,10208,买盘
1889,13:03:22,25.54,0.04,4,10216,买盘
1890,13:03:19,25.5,-0.04,10,25500,卖盘
1891,13:03:16,25.54,0.01,57,145578,买盘
1892,13:03:13,25.53,--,0,0,买盘
1893,13:03:10,25.53,0.02,35,89355,买盘
1894,13:03:07,25.51,--,0,0,卖盘
1895,13:03:04,25.51,-0.02,1,2551,卖盘
1896,13:03:01,25.53,--,0,0,买盘
1897,13:02:58,25.53,0.04,5,12765,买盘
1898,13:02:55,25.49,--,16,40784,卖盘
1899,13:02:52,25.49,-0.02,13,33137,卖盘
1900,13:02:49,25.51,--,0,0,买盘
1901,13:02:46,25.51,0.01,5,12755,买盘
1902,13:02:40,25.5,-0.01,43,109650,卖盘
1903,13:02:37,25.51,0.01,4,10204,买盘
1904,13:02:31,25.5,-0.01,201,512550,卖盘
1905,13:02:28,25.51,--,14,35714,买盘
1906,13:02:22,25.51,--,4,10204,买盘
1907,13:02:19,25.51,--,26,66326,买盘
1908,13:02:16,25.51,-0.02,8,20408,卖盘
1909,13:02:13,25.53,0.02,36,91908,买盘
1910,13:02:10,25.51,-0.02,30,76530,卖盘
1911,13:02:01,25.53,0.02,55,140415,买盘
1912,13:01:58,25.51,--,8,20408,买盘
1913,13:01:55,25.51,--,11,28061,买盘
1914,13:01:52,25.51,--,4,10204,买盘
1915,13:01:49,25.51,-0.03,43,109693,卖盘
1916,13:01:40,25.54,--,12,30648,买盘
1917,13:01:34,25.54,--,7,17878,买盘
1918,13:01:31,25.54,0.03,9,22986,中性盘
1919,13:01:19,25.51,--,22,56122,卖盘
1920,13:01:13,25.51,0.01,33,84183,买盘
1921,13:01:10,25.5,--,230,586500,卖盘
1922,13:01:07,25.5,-0.01,54,137700,卖盘
1923,13:00:58,25.51,-0.04,39,99489,卖盘
1924,13:00:55,25.55,0.03,5,12775,买盘
1925,13:00:52,25.52,--,8,20416,买盘
1926,13:00:49,25.52,0.01,4,10208,买盘
1927,13:00:46,25.51,-0.01,51,130101,卖盘
1928,13:00:43,25.52,0.02,14,35728,买盘
1929,13:00:40,25.5,--,2,5100,卖盘
1930,13:00:37,25.5,--,50,127500,卖盘
1931,13:00:28,25.5,--,50,127500,卖盘
1932,13:00:22,25.5,-0.01,1,2550,卖盘
1933,13:00:16,25.51,-0.01,31,79081,卖盘
1934,13:00:13,25.52,-0.01,9,22968,买盘
1935,13:00:07,25.53,--,8,20424,买盘
1936,13:00:04,25.53,0.01,563,1437339,买盘
1937,13:00:01,25.52,--,104,265408,卖盘
1938,11:30:00,25.52,--,0,0,卖盘
1939,11:30:00,25.52,--,0,0,卖盘
1940,11:29:57,25.52,0.02,24,61248,中性盘
1941,11:29:54,25.5,-0.01,17,43350,卖盘
1942,11:29:48,25.51,--,4,10204,买盘
1943,11:29:42,25.51,--,4,10204,买盘
1944,11:29:39,25.51,-0.02,36,91836,买盘
1945,11:29:33,25.53,0.02,5,12765,买盘
1946,11:29:27,25.51,--,4,10204,卖盘
1947,11:29:21,25.51,0.01,8,20408,卖盘
1948,11:29:18,25.5,-0.03,30,76500,卖盘
1949,11:29:12,25.53,--,7,17871,买盘
1950,11:29:09,25.53,0.02,9,22977,买盘
1951,11:29:06,25.51,-0.02,20,51020,卖盘
1952,11:29:00,25.53,0.03,5,12765,买盘
1953,11:28:57,25.5,-0.03,7,17850,卖盘
1954,11:28:51,25.53,--,3,7659,买盘
1955,11:28:48,25.53,--,120,306360,买盘
1956,11:28:42,25.53,0.03,2,5106,买盘
1957,11:28:39,25.5,--,20,51000,卖盘
1958,11:28:36,25.5,--,59,150450,卖盘
1959,11:28:30,25.5,-0.03,25,63750,卖盘
1960,11:28:27,25.53,--,54,137862,买盘
1961,11:28:24,25.53,0.04,7,17871,买盘
1962,11:28:21,25.49,--,1,2549,卖盘
1963,11:28:15,25.49,-0.01,15,38235,卖盘
1964,11:28:11,25.5,--,0,0,买盘
1965,11:28:08,25.5,--,30,76500,买盘
1966,11:28:05,25.5,--,13,33150,买盘
1967,11:28:02,25.5,--,37,94350,买盘
1968,11:27:59,25.5,--,6,15300,买盘
1969,11:27:56,25.5,-0.03,29,73950,卖盘
1970,11:27:53,25.53,0.03,4,10212,买盘
1971,11:27:50,25.5,--,25,63750,卖盘
1972,11:27:45,25.5,--,5,12750,卖盘
1973,11:27:41,25.5,--,43,109650,卖盘
1974,11:27:35,25.5,-0.03,7,17850,卖盘
1975,11:27:32,25.53,0.03,13,33189,买盘
1976,11:27:26,25.5,--,4,10200,买盘
1977,11:27:20,25.5,--,4,10200,买盘
1978,11:27:17,25.5,--,33,84150,卖盘
1979,11:27:14,25.5,--,2,5100,卖盘
1980,11:27:11,25.5,--,11,28050,卖盘
1981,11:27:08,25.5,0.01,31,79050,买盘
1982,11:27:05,25.49,-0.01,6,15293,中性盘
1983,11:27:02,25.5,0.01,40,102000,买盘
1984,11:26:59,25.49,-0.01,9,22941,买盘
1985,11:26:56,25.5,--,34,86700,买盘
1986,11:26:53,25.5,--,6,15300,买盘
1987,11:26:50,25.5,--,5,12750,买盘
1988,11:26:47,25.5,--,92,234600,卖盘
1989,11:26:44,25.5,-0.01,61,155550,卖盘
1990,11:26:38,25.51,0.01,59,150509,买盘
1991,11:26:29,25.5,0.02,396,1009800,买盘
1992,11:26:26,25.48,0.01,78,198744,买盘
1993,11:26:23,25.47,-0.01,5,12735,卖盘
1994,11:26:20,25.48,--,21,53508,买盘
1995,11:26:14,25.48,--,8,20384,买盘
1996,11:26:11,25.48,--,10,25480,买盘
1997,11:26:08,25.48,--,17,43316,买盘
1998,11:26:05,25.48,--,10,25480,买盘
1999,11:26:02,25.48,--,7,17836,买盘
2000,11:25:59,25.48,--,27,68796,买盘
2001,11:25:56,25.48,--,5,12740,买盘
2002,11:25:53,25.48,--,22,56056,买盘
2003,11:25:50,25.48,--,2,5096,买盘
2004,11:25:47,25.48,-0.01,39,99372,卖盘
2005,11:25:44,25.49,--,2,5098,买盘
2006,11:25:41,25.49,0.01,24,61175,买盘
2007,11:25:38,25.48,-0.01,21,53508,卖盘
2008,11:25:35,25.49,--,10,25490,买盘
2009,11:25:32,25.49,--,5,12745,卖盘
2010,11:25:29,25.49,0.03,9,22941,买盘
2011,11:25:23,25.46,-0.02,4,10184,卖盘
2012,11:25:20,25.48,--,4,10192,买盘
2013,11:25:17,25.48,0.01,1,2548,买盘
2014,11:25:14,25.47,0.02,2,5094,买盘
2015,11:25:11,25.45,--,74,188330,卖盘
2016,11:25:08,25.45,--,14,35630,卖盘
2017,11:24:59,25.45,--,27,68715,买盘
2018,11:24:56,25.45,--,350,890750,买盘
2019,11:24:53,25.45,--,10,25450,买盘
2020,11:24:50,25.45,--,116,295220,买盘
2021,11:24:47,25.45,--,34,86530,买盘
2022,11:24:44,25.45,0.01,83,211235,买盘
2023,11:24:38,25.44,-0.01,4,10176,卖盘
2024,11:24:35,25.45,0.01,104,264680,买盘
2025,11:24:32,25.44,0.01,28,71232,买盘
2026,11:24:26,25.43,-0.01,67,170381,卖盘
2027,11:24:23,25.44,0.01,98,249312,买盘
2028,11:24:20,25.43,-0.01,13,33059,卖盘
2029,11:24:17,25.44,0.01,25,63600,买盘
2030,11:24:14,25.43,-0.01,8,20344,买盘
2031,11:24:11,25.44,0.01,61,155184,买盘
2032,11:24:08,25.43,-0.01,98,249214,卖盘
2033,11:24:05,25.44,--,20,50880,买盘
2034,11:24:02,25.44,--,45,114480,买盘
2035,11:23:59,25.44,--,20,50880,买盘
2036,11:23:56,25.44,-0.01,51,129744,卖盘
2037,11:23:53,25.45,--,11,27995,买盘
2038,11:23:50,25.45,--,5,12725,买盘
2039,11:23:47,25.45,--,378,962010,卖盘
2040,11:23:44,25.45,--,0,0,卖盘
2041,11:23:41,25.45,-0.04,307,781315,卖盘
2042,11:23:38,25.49,0.01,1,2549,买盘
2043,11:23:32,25.48,-0.01,20,50960,卖盘
2044,11:23:29,25.49,-0.01,20,50980,卖盘
2045,11:23:26,25.5,--,31,79050,买盘
2046,11:23:23,25.5,--,66,168300,买盘
2047,11:23:20,25.5,-0.01,71,181050,卖盘
2048,11:23:17,25.51,--,13,33163,买盘
2049,11:23:14,25.51,--,507,1293357,买盘
2050,11:23:06,25.51,-0.01,27,68877,卖盘
2051,11:23:03,25.52,--,53,135256,买盘
2052,11:23:00,25.52,0.01,301,768152,买盘
2053,11:22:57,25.51,-0.01,50,127550,卖盘
2054,11:22:54,25.52,0.01,4,10208,买盘
2055,11:22:51,25.51,-0.01,4,10204,卖盘
2056,11:22:48,25.52,-0.01,115,293480,卖盘
2057,11:22:45,25.53,--,1,2553,买盘
2058,11:22:42,25.53,--,45,114885,买盘
2059,11:22:33,25.53,-0.01,229,584637,卖盘
2060,11:22:30,25.54,--,35,89390,买盘
2061,11:22:21,25.54,-0.03,60,153240,卖盘
2062,11:22:18,25.57,--,28,71596,买盘
2063,11:22:15,25.57,--,0,0,买盘
2064,11:22:09,25.57,--,54,138078,买盘
2065,11:22:06,25.57,--,0,0,买盘
2066,11:22:03,25.57,--,3,7671,买盘
2067,11:22:00,25.57,0.03,25,63925,买盘
2068,11:21:57,25.54,-0.01,50,127700,卖盘
2069,11:21:54,25.55,--,7,17885,卖盘
2070,11:21:51,25.55,--,52,132860,买盘
2071,11:21:48,25.55,0.02,55,140525,买盘
2072,11:21:42,25.53,-0.01,2,5106,卖盘
2073,11:21:36,25.54,-0.01,98,250292,卖盘
2074,11:21:33,25.55,--,2,5110,买盘
2075,11:21:30,25.55,--,12,30660,买盘
2076,11:21:27,25.55,--,4,10220,买盘
2077,11:21:24,25.55,-0.01,201,513555,卖盘
2078,11:21:21,25.56,0.01,36,92016,中性盘
2079,11:21:18,25.55,-0.02,19,48545,卖盘
2080,11:21:15,25.57,--,12,30684,买盘
2081,11:21:12,25.57,0.01,22,56254,买盘
2082,11:21:06,25.56,-0.01,50,127800,卖盘
2083,11:21:03,25.57,--,14,35798,买盘
2084,11:20:57,25.57,-0.01,21,53697,卖盘
2085,11:20:51,25.58,--,4,10232,买盘
2086,11:20:48,25.58,-0.02,1,2558,卖盘
2087,11:20:45,25.6,0.02,33,84480,买盘
2088,11:20:42,25.58,--,9,23022,卖盘
2089,11:20:36,25.58,-0.02,9,23022,卖盘
2090,11:20:33,25.6,--,20,51200,买盘
2091,11:20:30,25.6,0.02,3,7680,买盘
2092,11:20:27,25.58,--,10,25580,卖盘
2093,11:20:24,25.58,--,2,5116,卖盘
2094,11:20:21,25.58,--,3,7673,卖盘
2095,11:20:18,25.58,--,52,133016,买盘
2096,11:20:15,25.58,--,3,7673,买盘
2097,11:20:09,25.58,--,5,12790,卖盘
2098,11:20:06,25.58,-0.02,21,53718,卖盘
2099,11:19:54,25.6,--,2,5120,买盘
2100,11:19:51,25.6,--,8,20480,卖盘
2101,11:19:48,25.6,-0.01,28,71680,卖盘
2102,11:19:42,25.61,0.01,1,2561,买盘
2103,11:19:39,25.6,--,3,7680,卖盘
2104,11:19:36,25.6,-0.01,53,135680,卖盘
2105,11:19:33,25.61,0.01,5,12805,买盘
2106,11:19:30,25.6,--,5,12800,卖盘
2107,11:19:27,25.6,--,50,128000,卖盘
2108,11:19:21,25.6,--,2,5120,卖盘
2109,11:19:18,25.6,--,62,158720,卖盘
2110,11:19:15,25.6,--,18,46080,买盘
2111,11:19:12,25.6,--,115,294400,卖盘
2112,11:19:06,25.6,-0.01,50,128000,卖盘
2113,11:19:03,25.61,--,4,10244,买盘
2114,11:19:00,25.61,0.01,2,5122,买盘
2115,11:18:57,25.6,--,129,330240,买盘
2116,11:18:54,25.6,--,13,33280,买盘
2117,11:18:48,25.6,--,30,76800,买盘
2118,11:18:45,25.6,-0.04,35,89600,卖盘
2119,11:18:42,25.64,0.01,4,10256,买盘
2120,11:18:39,25.63,0.03,8,20504,买盘
2121,11:18:36,25.6,-0.03,58,148480,卖盘
2122,11:18:30,25.63,0.03,5,12815,买盘
2123,11:18:27,25.6,-0.02,8,20480,卖盘
2124,11:18:21,25.62,0.02,5,12810,买盘
2125,11:18:18,25.6,--,1,2560,卖盘
2126,11:18:15,25.6,--,16,40960,买盘
2127,11:18:09,25.6,0.02,100,256000,买盘
2128,11:18:06,25.58,-0.01,15,38370,卖盘
2129,11:18:00,25.59,--,6,15354,买盘
2130,11:17:57,25.59,--,13,33267,买盘
2131,11:17:54,25.59,--,7,17913,买盘
2132,11:17:51,25.59,0.01,2,5118,买盘
2133,11:17:48,25.58,-0.01,34,86972,卖盘
2134,11:17:45,25.59,-0.01,5,12795,买盘
2135,11:17:42,25.6,0.02,10,25600,买盘
2136,11:17:39,25.58,-0.02,10,25580,卖盘
2137,11:17:36,25.6,--,54,138240,买盘
2138,11:17:33,25.6,--,11,28160,卖盘
2139,11:17:30,25.6,0.01,5,12800,买盘
2140,11:17:27,25.59,-0.01,3,7677,中性盘
2141,11:17:24,25.6,--,10,25600,买盘
2142,11:17:21,25.6,--,7,17920,买盘
2143,11:17:18,25.6,-0.02,35,89600,卖盘
2144,11:17:15,25.62,0.02,4,10248,买盘
2145,11:17:12,25.6,--,109,279040,卖盘
2146,11:17:06,25.6,--,100,256000,卖盘
2147,11:17:03,25.6,--,56,143360,卖盘
2148,11:16:57,25.6,--,14,35840,卖盘
2149,11:16:54,25.6,--,15,38400,买盘
2150,11:16:51,25.6,0.02,4,10240,买盘
2151,11:16:48,25.58,0.01,13,33254,中性盘
2152,11:16:45,25.57,-0.03,37,94609,卖盘
2153,11:16:42,25.6,0.03,5,12800,买盘
2154,11:16:39,25.57,--,0,0,卖盘
2155,11:16:36,25.57,-0.04,50,127850,卖盘
2156,11:16:33,25.61,0.04,4,10244,买盘
2157,11:16:30,25.57,-0.04,4,10228,卖盘
2158,11:16:27,25.61,--,58,148538,买盘
2159,11:16:18,25.61,0.06,4,10244,买盘
2160,11:16:15,25.55,--,51,130305,卖盘
2161,11:16:12,25.55,-0.06,10,25550,卖盘
2162,11:16:09,25.61,0.05,4,10244,买盘
2163,11:16:06,25.56,0.01,21,53676,买盘
2164,11:16:03,25.55,-0.02,26,66430,卖盘
2165,11:15:57,25.57,--,46,117622,买盘
2166,11:15:54,25.57,--,0,0,中性盘
2167,11:15:51,25.57,--,20,51140,卖盘
2168,11:15:48,25.57,0.02,43,109951,买盘
2169,11:15:45,25.55,0.01,15,38325,卖盘
2170,11:15:39,25.54,--,0,0,卖盘
2171,11:15:36,25.54,-0.03,37,94498,卖盘
2172,11:15:33,25.57,0.01,8,20456,买盘
2173,11:15:30,25.56,0.02,2,5112,买盘
2174,11:15:27,25.54,--,0,0,卖盘
2175,11:15:24,25.54,-0.01,38,97052,卖盘
2176,11:15:18,25.55,-0.01,37,94535,卖盘
2177,11:15:15,25.56,0.01,58,148248,买盘
2178,11:15:12,25.55,--,10,25550,买盘
2179,11:15:09,25.55,0.02,10,25550,买盘
2180,11:15:06,25.53,-0.03,60,153180,卖盘
2181,11:15:03,25.56,0.02,35,89460,买盘
2182,11:15:00,25.54,--,21,53634,买盘
2183,11:14:57,25.54,0.01,3,7662,买盘
2184,11:14:51,25.53,-0.01,11,28083,卖盘
2185,11:14:45,25.54,--,6,15324,买盘
2186,11:14:39,25.54,-0.01,69,176226,中性盘
2187,11:14:36,25.55,0.03,70,178850,买盘
2188,11:14:33,25.52,-0.02,1,2552,卖盘
2189,11:14:30,25.54,0.03,5,12770,买盘
2190,11:14:27,25.51,-0.02,150,382650,卖盘
2191,11:14:24,25.53,--,5,12765,卖盘
2192,11:14:21,25.53,0.01,81,206793,买盘
2193,11:14:18,25.52,0.01,33,84216,卖盘
2194,11:14:15,25.51,--,51,130101,卖盘
2195,11:14:09,25.51,-0.01,94,239794,卖盘
2196,11:14:06,25.52,--,69,176088,买盘
2197,11:14:00,25.52,0.01,4,10208,买盘
2198,11:13:57,25.51,--,51,130101,卖盘
2199,11:13:54,25.51,-0.01,13,33163,卖盘
2200,11:13:51,25.52,0.01,4,10208,买盘
2201,11:13:48,25.51,-0.01,4,10204,卖盘
2202,11:13:45,25.52,-0.01,43,109736,卖盘
2203,11:13:42,25.53,--,7,17871,买盘
2204,11:13:36,25.53,-0.02,65,165945,中性盘
2205,11:13:33,25.55,0.03,4,10220,买盘
2206,11:13:30,25.52,-0.01,100,255200,卖盘
2207,11:13:27,25.53,--,10,25530,卖盘
2208,11:13:24,25.53,-0.02,5,12765,卖盘
2209,11:13:21,25.55,0.02,4,10220,买盘
2210,11:13:18,25.53,0.01,50,127650,买盘
2211,11:13:15,25.52,--,102,260304,卖盘
2212,11:13:12,25.52,-0.01,14,35728,卖盘
2213,11:13:09,25.53,--,20,51060,买盘
2214,11:13:03,25.53,--,125,319125,卖盘
2215,11:13:00,25.53,--,14,35742,卖盘
2216,11:12:57,25.53,-0.01,50,127650,卖盘
2217,11:12:51,25.54,--,5,12770,买盘
2218,11:12:48,25.54,--,10,25540,买盘
2219,11:12:45,25.54,-0.01,20,51080,卖盘
2220,11:12:39,25.55,--,3,7665,买盘
2221,11:12:36,25.55,--,55,140525,买盘
2222,11:12:33,25.55,--,1,2555,买盘
2223,11:12:27,25.55,0.01,6,15330,买盘
2224,11:12:24,25.54,-0.01,53,135362,卖盘
2225,11:12:21,25.55,0.01,4,10220,买盘
2226,11:12:15,25.54,-0.01,60,153240,卖盘
2227,11:12:12,25.55,0.01,10,25550,买盘
2228,11:12:09,25.54,--,1,2554,卖盘
2229,11:12:06,25.54,-0.02,50,127700,卖盘
2230,11:12:03,25.56,0.01,4,10224,买盘
2231,11:12:00,25.55,-0.01,3,7665,买盘
2232,11:11:57,25.56,0.02,4,10224,买盘
2233,11:11:54,25.54,-0.01,20,51080,卖盘
2234,11:11:48,25.55,-0.01,4,10220,卖盘
2235,11:11:45,25.56,--,5,12780,买盘
2236,11:11:42,25.56,--,5,12780,卖盘
2237,11:11:36,25.56,-0.01,50,127800,卖盘
2238,11:11:33,25.57,--,2,5114,买盘
2239,11:11:30,25.57,--,5,12785,买盘
2240,11:11:21,25.57,-0.01,6,15342,卖盘
2241,11:11:18,25.58,0.01,15,38370,买盘
2242,11:11:15,25.57,-0.01,4,10228,卖盘
2243,11:11:12,25.58,--,4,10232,买盘
2244,11:11:06,25.58,-0.03,19,48602,卖盘
2245,11:11:00,25.61,0.01,20,51220,买盘
2246,11:10:57,25.6,0.02,4,10240,买盘
2247,11:10:54,25.58,-0.03,50,127899,卖盘
2248,11:10:48,25.61,0.01,5,12805,买盘
2249,11:10:45,25.6,-0.02,9,23040,卖盘
2250,11:10:42,25.62,--,94,240828,买盘
2251,11:10:39,25.62,0.02,10,25620,买盘
2252,11:10:36,25.6,--,14,35840,卖盘
2253,11:10:33,25.6,0.02,29,74240,卖盘
2254,11:10:30,25.58,--,0,0,卖盘
2255,11:10:27,25.58,--,0,0,卖盘
2256,11:10:24,25.58,-0.02,18,46044,卖盘
2257,11:10:21,25.6,--,40,102400,买盘
2258,11:10:15,25.6,0.02,52,133120,买盘
2259,11:10:12,25.58,--,4,10232,卖盘
2260,11:10:09,25.58,--,2,5116,卖盘
2261,11:10:06,25.58,--,54,138132,中性盘
2262,11:09:54,25.58,--,26,66508,卖盘
2263,11:09:45,25.58,-0.04,60,153480,卖盘
2264,11:09:42,25.62,--,30,76860,买盘
2265,11:09:39,25.62,--,10,25620,买盘
2266,11:09:36,25.62,--,16,40992,买盘
2267,11:09:33,25.62,0.02,5,12810,买盘
2268,11:09:27,25.6,--,5,12800,卖盘
2269,11:09:24,25.6,-0.02,45,115200,卖盘
2270,11:09:21,25.62,--,1,2562,买盘
2271,11:09:18,25.62,--,5,12810,卖盘
2272,11:09:15,25.62,--,55,140910,买盘
2273,11:09:12,25.62,0.02,5,12810,买盘
2274,11:09:09,25.6,--,18,46080,卖盘
2275,11:09:06,25.6,-0.03,185,473600,卖盘
2276,11:09:00,25.63,0.01,23,58949,买盘
2277,11:08:57,25.62,0.02,1,2562,中性盘
2278,11:08:54,25.6,-0.02,51,130560,卖盘
2279,11:08:51,25.62,--,14,35868,买盘
2280,11:08:48,25.62,0.02,5,12810,买盘
2281,11:08:45,25.6,--,50,128000,卖盘
2282,11:08:42,25.6,-0.02,3,7680,卖盘
2283,11:08:39,25.62,0.02,4,10248,买盘
2284,11:08:36,25.6,-0.02,50,128000,卖盘
2285,11:08:33,25.62,0.02,88,225456,买盘
2286,11:08:27,25.6,0.02,25,64000,买盘
2287,11:08:24,25.58,-0.04,15,38370,卖盘
2288,11:08:18,25.62,0.03,4,10248,买盘
2289,11:08:15,25.59,--,7,17913,卖盘
2290,11:08:06,25.59,0.01,59,150981,买盘
2291,11:07:54,25.58,0.01,15,38370,买盘
2292,11:07:51,25.57,--,15,38355,卖盘
2293,11:07:47,25.57,--,76,194332,买盘
2294,11:07:41,25.57,--,2,5114,买盘
2295,11:07:38,25.57,--,6,15342,买盘
2296,11:07:35,25.57,0.01,24,61368,买盘
2297,11:07:32,25.56,-0.01,51,130356,卖盘
2298,11:07:29,25.57,0.02,20,51140,买盘
2299,11:07:26,25.55,-0.01,55,140525,卖盘
2300,11:07:21,25.56,0.01,4,10224,中性盘
2301,11:07:17,25.55,-0.01,50,127750,卖盘
2302,11:07:14,25.56,-0.01,6,15336,卖盘
2303,11:07:11,25.57,--,5,12785,买盘
2304,11:07:08,25.57,0.02,9,23013,买盘
2305,11:07:05,25.55,-0.02,50,127750,卖盘
2306,11:07:02,25.57,0.02,4,10228,买盘
2307,11:06:59,25.55,--,0,0,卖盘
2308,11:06:56,25.55,-0.02,50,127750,卖盘
2309,11:06:50,25.57,0.02,15,38355,买盘
2310,11:06:47,25.55,--,9,22995,卖盘
2311,11:06:44,25.55,-0.01,1,2555,卖盘
2312,11:06:41,25.56,--,1,2556,买盘
2313,11:06:38,25.56,0.02,4,10224,买盘
2314,11:06:35,25.54,-0.01,35,89390,卖盘
2315,11:06:32,25.55,-0.01,2,5110,卖盘
2316,11:06:29,25.56,0.02,15,38340,买盘
2317,11:06:26,25.54,--,60,153240,卖盘
2318,11:06:20,25.54,-0.01,21,53634,卖盘
2319,11:06:17,25.55,0.02,61,155855,买盘
2320,11:06:14,25.53,--,5,12765,卖盘
2321,11:06:05,25.53,-0.03,14,35742,卖盘
2322,11:06:02,25.56,0.03,9,23004,买盘
2323,11:05:59,25.53,--,10,25530,卖盘
2324,11:05:56,25.53,-0.03,28,71484,卖盘
2325,11:05:53,25.56,0.03,5,12780,买盘
2326,11:05:50,25.53,--,10,25530,卖盘
2327,11:05:47,25.53,-0.02,68,173604,卖盘
2328,11:05:44,25.55,--,33,84315,买盘
2329,11:05:38,25.55,0.01,23,58765,买盘
2330,11:05:35,25.54,-0.01,89,227306,卖盘
2331,11:05:32,25.55,--,4,10220,买盘
2332,11:05:26,25.55,--,11,28105,买盘
2333,11:05:23,25.55,--,9,22995,买盘
2334,11:05:20,25.55,0.01,5,12775,买盘
2335,11:05:17,25.54,-0.01,26,66404,卖盘
2336,11:05:11,25.55,-0.02,16,40880,卖盘
2337,11:05:08,25.57,0.02,22,56254,买盘
2338,11:05:05,25.55,--,94,240170,卖盘
2339,11:05:02,25.55,-0.01,2,5110,卖盘
2340,11:04:59,25.56,-0.01,36,92016,买盘
2341,11:04:56,25.57,--,0,0,买盘
2342,11:04:53,25.57,0.02,10,25570,中性盘
2343,11:04:50,25.55,-0.01,585,1494675,卖盘
2344,11:04:47,25.56,-0.01,57,145692,卖盘
2345,11:04:44,25.57,--,4,10228,卖盘
2346,11:04:41,25.57,--,59,150863,买盘
2347,11:04:38,25.57,--,5,12785,买盘
2348,11:04:35,25.57,--,24,61368,卖盘
2349,11:04:29,25.57,-0.01,8,20456,卖盘
2350,11:04:26,25.58,0.01,10,25580,买盘
2351,11:04:17,25.57,-0.01,59,150863,卖盘
2352,11:04:14,25.58,0.01,5,12790,买盘
2353,11:04:11,25.57,--,75,191775,买盘
2354,11:04:05,25.57,--,4,10228,买盘
2355,11:04:02,25.57,--,80,204560,卖盘
2356,11:03:56,25.57,-0.01,50,127850,卖盘
2357,11:03:53,25.58,--,4,10232,买盘
2358,11:03:47,25.58,-0.01,102,260915,卖盘
2359,11:03:44,25.59,--,7,17913,买盘
2360,11:03:41,25.59,--,2,5118,买盘
2361,11:03:38,25.59,--,4,10236,买盘
2362,11:03:35,25.59,--,13,33267,买盘
2363,11:03:32,25.59,--,14,35826,卖盘
2364,11:03:29,25.59,--,27,69093,卖盘
2365,11:03:26,25.59,--,32,81888,卖盘
2366,11:03:23,25.59,-0.01,21,53739,卖盘
2367,11:03:20,25.6,0.02,4,10240,买盘
2368,11:03:17,25.58,-0.01,19,48602,卖盘
2369,11:03:14,25.59,--,2,5118,买盘
2370,11:03:11,25.59,--,9,23031,买盘
2371,11:03:08,25.59,0.01,10,25590,买盘
2372,11:03:05,25.58,-0.01,5,12790,卖盘
2373,11:03:02,25.59,-0.04,69,176571,卖盘
2374,11:02:59,25.63,--,5,12815,买盘
2375,11:02:56,25.63,0.04,89,228107,买盘
2376,11:02:47,25.59,0.02,10,25590,买盘
2377,11:02:44,25.57,-0.01,37,94609,卖盘
2378,11:02:38,25.58,0.01,4,10232,买盘
2379,11:02:35,25.57,-0.01,44,112508,卖盘
2380,11:02:30,25.58,--,51,130457,卖盘
2381,11:02:27,25.58,--,98,250683,卖盘
2382,11:02:24,25.58,0.02,64,163712,买盘
2383,11:02:15,25.56,--,0,0,卖盘
2384,11:02:12,25.56,-0.02,23,58788,卖盘
2385,11:02:11,25.58,0.01,165,422070,买盘
2386,11:02:05,25.57,-0.01,37,94609,卖盘
2387,11:02:00,25.58,0.01,9,23022,买盘
2388,11:01:57,25.57,-0.01,12,30684,卖盘
2389,11:01:54,25.58,--,0,0,买盘
2390,11:01:51,25.58,--,158,404164,卖盘
2391,11:01:45,25.58,--,10,25580,卖盘
2392,11:01:42,25.58,-0.01,11,28137,卖盘
2393,11:01:39,25.59,0.01,9,23031,买盘
2394,11:01:36,25.58,0.01,142,363236,买盘
2395,11:01:33,25.57,--,24,61368,买盘
2396,11:01:30,25.57,0.02,17,43469,中性盘
2397,11:01:27,25.55,-0.02,53,135415,卖盘
2398,11:01:24,25.57,--,37,94609,卖盘
2399,11:01:21,25.57,--,29,74153,买盘
2400,11:01:18,25.57,0.02,12,30684,买盘
2401,11:01:12,25.55,-0.01,34,86870,卖盘
2402,11:01:09,25.56,-0.01,6,15336,卖盘
2403,11:01:06,25.57,0.01,10,25570,中性盘
2404,11:01:03,25.56,-0.01,74,189144,卖盘
2405,11:01:00,25.57,-0.01,2,5114,卖盘
2406,11:00:57,25.58,-0.01,4,10232,中性盘
2407,11:00:54,25.59,--,38,97242,买盘
2408,11:00:51,25.59,--,10,25590,买盘
2409,11:00:48,25.59,--,10,25590,买盘
2410,11:00:45,25.59,--,8,20472,买盘
2411,11:00:42,25.59,--,26,66534,卖盘
2412,11:00:39,25.59,-0.01,30,76770,卖盘
2413,11:00:36,25.6,--,0,0,中性盘
2414,11:00:33,25.6,-0.01,10,25600,卖盘
2415,11:00:27,25.61,--,11,28171,买盘
2416,11:00:24,25.61,--,7,17927,卖盘
2417,11:00:18,25.61,--,4,10244,买盘
2418,11:00:15,25.61,--,13,33293,卖盘
2419,11:00:12,25.61,-0.02,27,69147,卖盘
2420,11:00:09,25.63,0.02,1,2563,买盘
2421,11:00:03,25.61,--,54,138294,卖盘
2422,11:00:00,25.61,--,1,2561,卖盘
2423,10:59:54,25.61,--,3,7683,卖盘
2424,10:59:48,25.61,0.02,10,25610,买盘
2425,10:59:45,25.59,--,0,0,卖盘
2426,10:59:42,25.59,-0.05,50,127950,卖盘
2427,10:59:36,25.64,--,0,0,买盘
2428,10:59:33,25.64,0.04,17,43588,买盘
2429,10:59:24,25.6,0.01,56,143360,卖盘
2430,10:59:21,25.59,--,0,0,卖盘
2431,10:59:18,25.59,-0.01,44,112928,卖盘
2432,10:59:15,25.6,0.01,20,51200,买盘
2433,10:59:12,25.59,-0.01,50,127950,卖盘
2434,10:59:09,25.6,--,7,17920,买盘
2435,10:59:03,25.6,--,1,2560,买盘
2436,10:59:00,25.6,--,1,2560,买盘
2437,10:58:57,25.6,-0.04,25,66227,卖盘
2438,10:58:54,25.64,--,12,30768,买盘
2439,10:58:51,25.64,--,2,5128,买盘
2440,10:58:48,25.64,--,5,12820,卖盘
2441,10:58:45,25.64,--,8,20512,卖盘
2442,10:58:42,25.64,0.05,23,59305,中性盘
2443,10:58:39,25.59,-0.01,39,99801,卖盘
2444,10:58:36,25.6,--,1,2560,卖盘
2445,10:58:33,25.6,-0.04,39,99840,卖盘
2446,10:58:30,25.64,0.03,30,76920,买盘
2447,10:58:27,25.61,--,10,25610,买盘
2448,10:58:24,25.61,-0.03,2,5122,卖盘
2449,10:58:21,25.64,0.04,5,12820,买盘
2450,10:58:15,25.6,--,13,33280,卖盘
2451,10:58:12,25.6,-0.05,12,32947,卖盘
2452,10:58:09,25.65,--,0,0,买盘
2453,10:58:03,25.65,--,70,179550,买盘
2454,10:58:00,25.65,--,0,0,买盘
2455,10:57:57,25.65,0.06,56,143640,买盘
2456,10:57:54,25.59,--,0,0,卖盘
2457,10:57:51,25.59,-0.01,32,81888,卖盘
2458,10:57:45,25.6,0.02,20,51200,买盘
2459,10:57:42,25.58,-0.02,62,158596,卖盘
2460,10:57:39,25.6,0.01,20,51200,买盘
2461,10:57:33,25.59,-0.05,85,217515,卖盘
2462,10:57:30,25.64,--,2,5128,买盘
2463,10:57:24,25.64,0.04,52,133328,买盘
2464,10:57:21,25.6,--,5,12800,卖盘
2465,10:57:18,25.6,--,0,0,卖盘
2466,10:57:15,25.6,--,200,512000,卖盘
2467,10:57:12,25.6,-0.05,78,199680,卖盘
2468,10:57:09,25.65,--,0,0,买盘
2469,10:57:03,25.65,--,10,25650,卖盘
2470,10:56:57,25.65,--,18,46170,卖盘
2471,10:56:54,25.65,0.04,77,197505,买盘
2472,10:56:51,25.61,-0.03,523,1339403,卖盘
2473,10:56:48,25.64,-0.01,24,61536,卖盘
2474,10:56:45,25.65,--,6,15390,买盘
2475,10:56:42,25.65,--,10,25650,卖盘
2476,10:56:39,25.65,-0.01,4,10260,卖盘
2477,10:56:36,25.66,0.01,17,43622,买盘
2478,10:56:33,25.65,--,28,71820,卖盘
2479,10:56:30,25.65,--,1,2565,卖盘
2480,10:56:27,25.65,--,2,5130,买盘
2481,10:56:24,25.65,--,19,48735,卖盘
2482,10:56:21,25.65,--,70,179550,卖盘
2483,10:56:15,25.65,0.02,28,71820,买盘
2484,10:56:12,25.63,-0.01,50,128150,卖盘
2485,10:56:09,25.64,--,3,7692,买盘
2486,10:56:06,25.64,--,20,51280,买盘
2487,10:56:03,25.64,--,38,97432,卖盘
2488,10:56:00,25.64,-0.03,1,2564,卖盘
2489,10:55:54,25.67,0.03,6,15402,买盘
2490,10:55:51,25.64,--,92,235888,卖盘
2491,10:55:48,25.64,-0.01,16,41024,卖盘
2492,10:55:42,25.65,--,7,17955,卖盘
2493,10:55:39,25.65,-0.02,1,2565,卖盘
2494,10:55:33,25.67,0.01,25,64175,买盘
2495,10:55:30,25.66,-0.01,3,7698,卖盘
2496,10:55:21,25.67,-0.01,78,200226,卖盘
2497,10:55:18,25.68,0.01,29,74472,买盘
2498,10:55:12,25.67,--,72,184824,卖盘
2499,10:55:06,25.67,--,14,35938,卖盘
2500,10:55:03,25.67,--,9,23103,卖盘
2501,10:55:00,25.67,--,2,5134,卖盘
2502,10:54:57,25.67,--,37,94979,买盘
2503,10:54:54,25.67,0.03,30,77010,买盘
2504,10:54:51,25.64,-0.04,18,46152,卖盘
2505,10:54:48,25.68,0.02,115,295320,买盘
2506,10:54:45,25.66,0.01,1,2566,买盘
2507,10:54:42,25.65,--,16,41040,卖盘
2508,10:54:36,25.65,-0.01,24,61560,卖盘
2509,10:54:33,25.66,0.01,6,15396,中性盘
2510,10:54:24,25.65,-0.01,63,161595,卖盘
2511,10:54:18,25.66,--,19,48754,卖盘
2512,10:54:15,25.66,-0.02,2,5132,卖盘
2513,10:54:12,25.68,0.03,20,51360,买盘
2514,10:54:06,25.65,-0.03,12,30780,卖盘
2515,10:54:03,25.68,-0.01,2,5136,中性盘
2516,10:54:00,25.69,--,28,71932,买盘
2517,10:53:57,25.69,--,8,20552,买盘
2518,10:53:54,25.69,--,3,7707,买盘
2519,10:53:48,25.69,-0.01,25,64225,卖盘
2520,10:53:45,25.7,0.01,5,12850,买盘
2521,10:53:42,25.69,--,9,23121,卖盘
2522,10:53:36,25.69,--,21,53949,卖盘
2523,10:53:27,25.69,--,2,5138,买盘
2524,10:53:24,25.69,0.01,5,12845,买盘
2525,10:53:21,25.68,-0.01,44,112992,卖盘
2526,10:53:06,25.69,-0.01,4,10276,买盘
2527,10:53:03,25.7,--,15,38550,买盘
2528,10:52:54,25.7,0.05,5,12850,买盘
2529,10:52:51,25.65,-0.05,152,389880,卖盘
2530,10:52:45,25.7,0.02,53,136210,买盘
2531,10:52:39,25.68,-0.02,55,141240,卖盘
2532,10:52:36,25.7,--,1,2570,买盘
2533,10:52:33,25.7,-0.01,171,439470,卖盘
2534,10:52:30,25.71,--,50,128550,买盘
2535,10:52:27,25.71,-0.01,34,87414,卖盘
2536,10:52:21,25.72,--,19,48868,买盘
2537,10:52:18,25.72,-0.01,69,177468,卖盘
2538,10:52:15,25.73,--,1,2573,买盘
2539,10:52:12,25.73,0.02,20,51460,买盘
2540,10:52:03,25.71,-0.01,45,115695,卖盘
2541,10:52:00,25.72,--,1,2572,卖盘
2542,10:51:57,25.72,0.01,9,23148,买盘
2543,10:51:54,25.71,--,10,25710,卖盘
2544,10:51:51,25.71,--,20,51420,卖盘
2545,10:51:48,25.71,--,11,28281,卖盘
2546,10:51:45,25.71,--,13,33423,卖盘
2547,10:51:36,25.71,--,5,12855,卖盘
2548,10:51:33,25.71,--,3,7713,卖盘
2549,10:51:30,25.71,--,1,2571,卖盘
2550,10:51:27,25.71,--,104,267384,卖盘
2551,10:51:21,25.71,0.01,158,406218,买盘
2552,10:51:15,25.7,--,4,10280,买盘
2553,10:51:03,25.7,--,6,15420,买盘
2554,10:51:00,25.7,0.01,17,43690,买盘
2555,10:50:57,25.69,--,12,30828,卖盘
2556,10:50:48,25.69,0.01,64,164416,买盘
2557,10:50:42,25.68,--,10,25680,买盘
2558,10:50:39,25.68,0.01,2,5136,买盘
2559,10:50:33,25.67,-0.01,7,17969,卖盘
2560,10:50:30,25.68,--,3,7704,买盘
2561,10:50:27,25.68,--,30,77040,买盘
2562,10:50:24,25.68,--,15,38520,买盘
2563,10:50:21,25.68,0.01,13,33384,买盘
2564,10:50:15,25.67,-0.01,46,118082,卖盘
2565,10:50:12,25.68,--,15,38520,买盘
2566,10:50:06,25.68,--,6,15408,买盘
2567,10:50:03,25.68,--,10,25680,买盘
2568,10:50:00,25.68,--,2,5136,买盘
2569,10:49:57,25.68,--,4,10272,买盘
2570,10:49:54,25.68,--,2,5136,买盘
2571,10:49:51,25.68,--,28,71904,买盘
2572,10:49:48,25.68,--,6,15408,买盘
2573,10:49:45,25.68,--,8,20544,买盘
2574,10:49:36,25.68,--,2,5136,买盘
2575,10:49:30,25.68,0.01,18,46224,买盘
2576,10:49:27,25.67,--,8,20536,卖盘
2577,10:49:24,25.67,-0.01,2,5134,卖盘
2578,10:49:21,25.68,0.01,4,10272,买盘
2579,10:49:06,25.67,-0.01,5,12835,卖盘
2580,10:49:03,25.68,--,14,35952,买盘
2581,10:49:00,25.68,-0.01,30,77040,卖盘
2582,10:48:54,25.69,0.01,3,7707,买盘
2583,10:48:48,25.68,-0.01,11,28248,卖盘
2584,10:48:45,25.69,-0.01,1,2569,卖盘
2585,10:48:36,25.7,0.01,31,79670,买盘
2586,10:48:33,25.69,--,13,33397,买盘
2587,10:48:30,25.69,--,13,33397,买盘
2588,10:48:21,25.69,--,2,5138,买盘
2589,10:48:18,25.69,0.02,1,2569,中性盘
2590,10:48:15,25.67,-0.03,5,12835,卖盘
2591,10:48:12,25.7,0.01,49,125930,买盘
2592,10:48:09,25.69,--,21,53949,卖盘
2593,10:48:06,25.69,--,11,28259,卖盘
2594,10:48:00,25.69,0.02,152,390488,买盘
2595,10:47:57,25.67,--,0,0,卖盘
2596,10:47:54,25.67,-0.02,13,33371,卖盘
2597,10:47:51,25.69,0.02,2,5138,买盘
2598,10:47:45,25.67,--,8,20536,卖盘
2599,10:47:42,25.67,-0.02,14,35938,卖盘
2600,10:47:36,25.69,--,74,190106,买盘
2601,10:47:29,25.69,0.02,4,10276,中性盘
2602,10:47:26,25.67,-0.02,199,510833,卖盘
2603,10:47:17,25.69,--,10,25690,买盘
2604,10:47:14,25.69,--,23,59087,买盘
2605,10:47:11,25.69,-0.01,102,262038,卖盘
2606,10:47:08,25.7,0.01,5,12850,买盘
2607,10:47:05,25.69,--,1,2569,卖盘
2608,10:46:56,25.69,--,3,7707,卖盘
2609,10:46:53,25.69,--,13,33397,卖盘
2610,10:46:50,25.69,-0.01,4,10276,卖盘
2611,10:46:47,25.7,0.01,5,12850,买盘
2612,10:46:38,25.69,-0.01,24,61656,卖盘
2613,10:46:32,25.7,--,19,48830,买盘
2614,10:46:29,25.7,0.01,4,10280,买盘
2615,10:46:26,25.69,-0.01,6,15414,卖盘
2616,10:46:23,25.7,--,10,25700,买盘
2617,10:46:20,25.7,0.01,16,41120,买盘
2618,10:46:17,25.69,-0.01,25,64225,卖盘
2619,10:46:11,25.7,--,139,357230,买盘
2620,10:46:08,25.7,--,18,46260,买盘
2621,10:46:05,25.7,--,38,97660,买盘
2622,10:45:59,25.7,--,5,12850,买盘
2623,10:45:56,25.7,--,0,0,买盘
2624,10:45:53,25.7,0.02,60,154200,买盘
2625,10:45:50,25.68,-0.02,4,10272,卖盘
2626,10:45:44,25.7,--,9,23130,买盘
2627,10:45:41,25.7,--,42,107940,买盘
2628,10:45:38,25.7,0.01,15,38550,买盘
2629,10:45:35,25.69,--,12,30828,买盘
2630,10:45:32,25.69,--,138,354522,卖盘
2631,10:45:29,25.69,-0.01,5,12845,卖盘
2632,10:45:26,25.7,--,22,56540,买盘
2633,10:45:23,25.7,--,1,2570,买盘
2634,10:45:20,25.7,0.01,3,7710,买盘
2635,10:45:17,25.69,--,2,5138,卖盘
2636,10:45:14,25.69,-0.01,66,169554,卖盘
2637,10:45:11,25.7,--,14,35980,买盘
2638,10:45:08,25.7,--,10,25700,买盘
2639,10:45:05,25.7,--,3,7710,买盘
2640,10:45:02,25.7,0.02,6,15420,买盘
2641,10:44:59,25.68,--,5,12840,卖盘
2642,10:44:56,25.68,-0.02,17,43656,卖盘
2643,10:44:53,25.7,--,3,7710,买盘
2644,10:44:50,25.7,0.02,1,2570,买盘
2645,10:44:41,25.68,--,25,64200,卖盘
2646,10:44:38,25.68,-0.02,2,5136,卖盘
2647,10:44:32,25.7,0.02,20,51400,买盘
2648,10:44:29,25.68,--,2,5136,卖盘
2649,10:44:20,25.68,--,2,5136,买盘
2650,10:44:17,25.68,-0.01,12,30816,买盘
2651,10:44:14,25.69,0.02,5,12845,买盘
2652,10:44:08,25.67,-0.02,22,56474,卖盘
2653,10:44:05,25.69,0.02,7,17983,买盘
2654,10:44:02,25.67,-0.01,157,403019,卖盘
2655,10:43:59,25.68,0.01,5,12840,买盘
2656,10:43:50,25.67,--,26,66742,卖盘
2657,10:43:47,25.67,0.01,38,97546,买盘
2658,10:43:44,25.66,--,15,38490,买盘
2659,10:43:41,25.66,--,19,48754,买盘
2660,10:43:35,25.66,0.05,28,71848,买盘
2661,10:43:32,25.61,-0.04,10,25610,卖盘
2662,10:43:26,25.65,--,0,0,中性盘
2663,10:43:23,25.65,0.04,5,12825,卖盘
2664,10:43:17,25.61,--,5,12805,卖盘
2665,10:43:08,25.61,--,22,56342,买盘
2666,10:43:05,25.61,0.01,22,56342,中性盘
2667,10:43:02,25.6,-0.06,13,33280,卖盘
2668,10:42:59,25.66,0.06,30,76980,买盘
2669,10:42:56,25.6,--,0,0,卖盘
2670,10:42:50,25.6,-0.01,20,51200,卖盘
2671,10:42:47,25.61,--,6,15366,卖盘
2672,10:42:44,25.61,--,23,58903,卖盘
2673,10:42:41,25.61,0.01,44,112684,买盘
2674,10:42:38,25.6,-0.01,19,48640,卖盘
2675,10:42:35,25.61,0.01,32,81952,买盘
2676,10:42:32,25.6,--,7,17920,卖盘
2677,10:42:29,25.6,-0.01,7,17920,卖盘
2678,10:42:23,25.61,0.01,54,138294,买盘
2679,10:42:20,25.6,--,73,186880,卖盘
2680,10:42:17,25.6,-0.01,1,2560,卖盘
2681,10:42:14,25.61,0.01,3,7683,买盘
2682,10:42:11,25.6,--,10,25600,卖盘
2683,10:42:08,25.6,-0.01,5,12800,卖盘
2684,10:41:54,25.61,--,7,17927,买盘
2685,10:41:51,25.61,--,0,0,买盘
2686,10:41:48,25.61,0.02,87,222807,买盘
2687,10:41:45,25.59,-0.01,4,10236,卖盘
2688,10:41:42,25.6,--,3,7680,买盘
2689,10:41:39,25.6,--,20,51200,买盘
2690,10:41:36,25.6,-0.01,82,209920,中性盘
2691,10:41:33,25.61,0.01,12,30732,买盘
2692,10:41:30,25.6,-0.01,49,125440,卖盘
2693,10:41:21,25.61,0.01,10,25610,中性盘
2694,10:41:18,25.6,-0.01,50,128000,卖盘
2695,10:41:15,25.61,--,9,23049,卖盘
2696,10:41:12,25.61,--,65,166465,卖盘
2697,10:41:09,25.61,--,10,25610,卖盘
2698,10:41:06,25.61,0.01,3,7683,卖盘
2699,10:41:00,25.6,--,4,10240,卖盘
2700,10:40:57,25.6,-0.01,7,17920,卖盘
2701,10:40:54,25.61,0.01,9,23049,卖盘
2702,10:40:51,25.6,--,5,12800,卖盘
2703,10:40:48,25.6,--,2,5120,买盘
2704,10:40:45,25.6,-0.01,15,38400,卖盘
2705,10:40:42,25.61,0.01,12,30732,买盘
2706,10:40:36,25.6,--,44,112640,卖盘
2707,10:40:33,25.6,-0.01,2,5120,卖盘
2708,10:40:30,25.61,0.01,11,28171,卖盘
2709,10:40:27,25.6,--,1,2560,卖盘
2710,10:40:24,25.6,--,9,23040,卖盘
2711,10:40:21,25.6,-0.02,54,138240,卖盘
2712,10:40:18,25.62,0.01,1,2562,买盘
2713,10:40:15,25.61,--,27,69147,卖盘
2714,10:40:12,25.61,-0.04,1,2561,卖盘
2715,10:40:09,25.65,0.04,2,5130,买盘
2716,10:40:06,25.61,-0.04,18,46098,卖盘
2717,10:40:03,25.65,0.01,26,66690,买盘
2718,10:40:00,25.64,-0.03,90,230760,卖盘
2719,10:39:57,25.67,--,0,0,买盘
2720,10:39:54,25.67,0.02,317,813739,买盘
2721,10:39:51,25.65,--,79,202635,卖盘
2722,10:39:48,25.65,-0.01,28,71820,卖盘
2723,10:39:45,25.66,--,39,100074,卖盘
2724,10:39:42,25.66,--,4,10264,卖盘
2725,10:39:36,25.66,--,27,69282,卖盘
2726,10:39:33,25.66,--,5,12830,卖盘
2727,10:39:27,25.66,--,35,89810,卖盘
2728,10:39:24,25.66,-0.01,30,76980,卖盘
2729,10:39:21,25.67,0.01,2,5134,买盘
2730,10:39:18,25.66,-0.01,2,5132,卖盘
2731,10:39:15,25.67,--,5,12835,买盘
2732,10:39:09,25.67,0.01,6,15402,买盘
2733,10:39:06,25.66,-0.01,10,25660,卖盘
2734,10:39:03,25.67,--,9,23103,卖盘
2735,10:39:00,25.67,-0.01,11,28237,卖盘
2736,10:38:54,25.68,--,29,74472,买盘
2737,10:38:51,25.68,--,9,23112,买盘
2738,10:38:48,25.68,--,6,15408,买盘
2739,10:38:45,25.68,--,132,338976,卖盘
2740,10:38:42,25.68,--,4,10272,卖盘
2741,10:38:30,25.68,--,11,28248,卖盘
2742,10:38:27,25.68,-0.01,17,43656,卖盘
2743,10:38:24,25.69,0.01,20,51380,买盘
2744,10:38:21,25.68,-0.01,17,43656,中性盘
2745,10:38:18,25.69,0.01,28,71932,买盘
2746,10:38:15,25.68,--,8,20544,卖盘
2747,10:38:12,25.68,--,2,5136,卖盘
2748,10:38:09,25.68,--,5,12840,卖盘
2749,10:38:06,25.68,0.01,15,38520,买盘
2750,10:37:54,25.67,--,3,7701,买盘
2751,10:37:48,25.67,--,0,0,买盘
2752,10:37:45,25.67,--,4,10268,买盘
2753,10:37:42,25.67,0.02,2,5134,买盘
2754,10:37:39,25.65,--,2,5130,卖盘
2755,10:37:36,25.65,--,11,28215,卖盘
2756,10:37:33,25.65,--,20,51300,卖盘
2757,10:37:30,25.65,--,5,12825,买盘
2758,10:37:27,25.65,--,22,56430,买盘
2759,10:37:24,25.65,--,0,0,买盘
2760,10:37:21,25.65,0.02,1,2565,买盘
2761,10:37:18,25.63,-0.02,2,5126,卖盘
2762,10:37:15,25.65,0.02,2,5130,买盘
2763,10:37:12,25.63,--,21,53823,卖盘
2764,10:37:09,25.63,0.02,204,522852,买盘
2765,10:37:06,25.61,--,74,189514,买盘
2766,10:37:03,25.61,--,109,279149,买盘
2767,10:37:00,25.61,0.01,2,5122,买盘
2768,10:36:57,25.6,-0.01,7,17920,卖盘
2769,10:36:54,25.61,--,254,650494,买盘
2770,10:36:51,25.61,0.02,40,102440,买盘
2771,10:36:48,25.59,-0.01,54,138186,卖盘
2772,10:36:45,25.6,--,30,76800,买盘
2773,10:36:42,25.6,--,10,25600,买盘
2774,10:36:36,25.6,--,10,25600,买盘
2775,10:36:33,25.6,0.01,6,15360,买盘
2776,10:36:27,25.59,--,100,255900,卖盘
2777,10:36:24,25.59,--,5,12795,卖盘
2778,10:36:21,25.59,-0.01,15,38385,卖盘
2779,10:36:18,25.6,--,83,212480,买盘
2780,10:36:15,25.6,--,3,7680,买盘
2781,10:36:12,25.6,0.01,2,5120,买盘
2782,10:36:09,25.59,-0.01,18,46062,卖盘
2783,10:36:06,25.6,-0.01,3,7680,卖盘
2784,10:36:00,25.61,0.01,32,81952,买盘
2785,10:35:57,25.6,--,25,64000,卖盘
2786,10:35:54,25.6,--,8,20480,卖盘
2787,10:35:51,25.6,--,6,15360,卖盘
2788,10:35:48,25.6,-0.01,1,2560,卖盘
2789,10:35:45,25.61,0.01,85,217685,买盘
2790,10:35:42,25.6,--,19,48640,卖盘
2791,10:35:39,25.6,--,47,120320,卖盘
2792,10:35:36,25.6,--,16,40960,卖盘
2793,10:35:33,25.6,-0.01,8,20480,卖盘
2794,10:35:27,25.61,--,20,51220,买盘
2795,10:35:24,25.61,--,49,125489,卖盘
2796,10:35:21,25.61,--,58,148538,卖盘
2797,10:35:18,25.61,-0.01,51,130611,卖盘
2798,10:35:15,25.62,0.01,55,140910,买盘
2799,10:35:12,25.61,--,83,212563,卖盘
2800,10:35:09,25.61,-0.01,58,148538,卖盘
2801,10:35:06,25.62,-0.01,14,35868,中性盘
2802,10:35:03,25.63,0.01,35,89705,买盘
2803,10:35:00,25.62,-0.01,21,53802,卖盘
2804,10:34:57,25.63,--,3,7689,买盘
2805,10:34:54,25.63,--,40,102520,卖盘
2806,10:34:51,25.63,-0.01,38,97394,卖盘
2807,10:34:45,25.64,-0.01,6,15384,卖盘
2808,10:34:42,25.65,--,2,5130,买盘
2809,10:34:33,25.65,--,51,130815,卖盘
2810,10:34:30,25.65,--,50,128250,卖盘
2811,10:34:27,25.65,-0.03,117,300105,卖盘
2812,10:34:21,25.68,--,18,46224,买盘
2813,10:34:18,25.68,--,3,7704,买盘
2814,10:34:15,25.68,--,53,136104,卖盘
2815,10:34:12,25.68,--,29,74472,卖盘
2816,10:34:09,25.68,--,48,123264,卖盘
2817,10:33:57,25.68,0.01,19,48792,买盘
2818,10:33:54,25.67,-0.01,5,12835,卖盘
2819,10:33:51,25.68,0.01,67,172056,买盘
2820,10:33:48,25.67,--,2,5134,卖盘
