,time,price,change,volume,amount,type
0,15:00:03,15.55,0.01,516,802380,买盘
1,14:57:00,15.54,--,21,32634,买盘
2,14:56:57,15.54,--,4,6216,买盘
3,14:56:54,15.54,-0.01,34,52836,中性盘
4,14:56:45,15.55,0.01,70,108850,买盘
5,14:56:42,15.54,-0.01,203,315462,卖盘
6,14:56:36,15.55,0.01,40,62200,买盘
7,14:56:30,15.54,-0.01,6,9324,卖盘
8,14:56:21,15.55,0.01,5,7775,买盘
9,14:56:18,15.54,0.01,28,43512,卖盘
10,14:56:12,15.53,-0.01,82,127346,卖盘
11,14:56:09,15.54,--,177,275058,买盘
12,14:56:06,15.54,--,10,15540,买盘
13,14:56:03,15.54,--,2,3108,买盘
14,14:56:00,15.54,--,10,15540,买盘
15,14:55:48,15.54,0.01,10,15540,买盘
16,14:55:42,15.53,--,7,10871,卖盘
17,14:55:30,15.53,0.01,118,183254,买盘
18,14:55:24,15.52,-0.01,11,17072,卖盘
19,14:55:21,15.53,0.01,75,116475,买盘
20,14:55:15,15.52,-0.01,3,4656,卖盘
21,14:55:12,15.53,--,20,31060,买盘
22,14:55:06,15.53,--,9,13977,卖盘
23,14:55:00,15.53,-0.01,22,34166,卖盘
24,14:54:54,15.54,0.01,10,15540,买盘
25,14:54:51,15.53,-0.01,30,46590,卖盘
26,14:54:45,15.54,--,4,6216,买盘
27,14:54:42,15.54,--,5,7770,买盘
28,14:54:33,15.54,0.01,7,10878,买盘
29,14:54:30,15.53,--,46,71438,买盘
30,14:54:27,15.53,-0.01,1,1553,中性盘
31,14:54:21,15.54,0.01,52,80808,买盘
32,14:54:18,15.53,--,7,10871,卖盘
33,14:54:12,15.53,--,70,108710,卖盘
34,14:54:09,15.53,--,6,9318,卖盘
35,14:54:06,15.53,--,135,209655,卖盘
36,14:54:00,15.53,--,4,6212,卖盘
37,14:53:45,15.53,-0.01,50,77650,卖盘
38,14:53:24,15.54,--,12,18648,买盘
39,14:53:21,15.54,--,4,6216,买盘
40,14:53:12,15.54,--,11,17094,买盘
41,14:53:09,15.54,--,16,24864,买盘
42,14:53:06,15.54,--,50,77700,卖盘
43,14:53:03,15.54,--,5,7770,卖盘
44,14:53:00,15.54,-0.01,29,45066,卖盘
45,14:52:54,15.55,0.01,1,1555,买盘
46,14:52:48,15.54,--,62,96348,卖盘
47,14:52:45,15.54,--,21,32634,卖盘
48,14:52:42,15.54,--,10,15540,卖盘
49,14:52:36,15.54,--,2,3108,卖盘
50,14:52:33,15.54,--,17,26418,卖盘
51,14:52:21,15.54,-0.01,22,34188,卖盘
52,14:52:12,15.55,--,6,9330,卖盘
53,14:52:00,15.55,--,3,4665,中性盘
54,14:51:48,15.55,--,10,15550,买盘
55,14:51:45,15.55,--,110,171050,卖盘
56,14:51:42,15.55,--,30,46650,卖盘
57,14:51:39,15.55,--,4,6220,卖盘
58,14:51:36,15.55,--,1,1555,卖盘
59,14:51:33,15.55,--,10,15550,卖盘
60,14:51:30,15.55,--,10,15550,卖盘
61,14:51:27,15.55,--,6,9330,卖盘
62,14:51:24,15.55,--,3,4665,卖盘
63,14:51:18,15.55,-0.01,7,10885,卖盘
64,14:51:15,15.56,--,3,4668,买盘
65,14:51:12,15.56,--,20,31120,买盘
66,14:51:06,15.56,--,78,122628,卖盘
67,14:50:54,15.56,--,1,1556,卖盘
68,14:50:48,15.56,-0.02,50,77800,卖盘
69,14:50:42,15.58,0.01,24,37392,买盘
70,14:50:39,15.57,--,2,3114,买盘
71,14:50:36,15.57,--,85,132345,卖盘
72,14:50:30,15.57,-0.01,15,23355,卖盘
73,14:50:27,15.58,--,3,4674,买盘
74,14:50:24,15.58,--,5,7790,买盘
75,14:50:21,15.58,0.01,29,45182,买盘
76,14:50:15,15.57,-0.01,13,20241,卖盘
77,14:50:03,15.58,--,155,241490,买盘
78,14:49:57,15.58,0.01,4,6232,买盘
79,14:49:54,15.57,--,78,121446,卖盘
80,14:49:42,15.57,--,9,14013,卖盘
81,14:49:39,15.57,--,18,28026,卖盘
82,14:49:36,15.57,-0.01,1,1557,卖盘
83,14:49:33,15.58,--,3,4674,买盘
84,14:49:30,15.58,0.01,2,3116,买盘
85,14:49:24,15.57,--,11,17127,卖盘
86,14:49:15,15.57,--,3,4671,卖盘
87,14:49:06,15.57,-0.01,1,1557,中性盘
88,14:48:57,15.58,0.01,105,163590,买盘
89,14:48:54,15.57,--,11,17127,卖盘
90,14:48:36,15.57,0.01,32,49824,买盘
91,14:48:27,15.56,-0.01,9,14004,卖盘
92,14:48:24,15.57,0.01,10,15570,买盘
93,14:48:18,15.56,-0.01,4,6224,卖盘
94,14:48:09,15.57,0.01,2,3114,买盘
95,14:48:06,15.56,--,17,26452,卖盘
96,14:48:00,15.56,-0.01,4,6224,卖盘
97,14:47:57,15.57,--,11,17127,买盘
98,14:47:51,15.57,--,1,1557,买盘
99,14:47:48,15.57,--,3,4671,买盘
100,14:47:45,15.57,--,18,28026,卖盘
101,14:47:42,15.57,-0.01,17,26469,卖盘
102,14:47:27,15.58,0.01,3,4674,中性盘
103,14:47:06,15.57,--,13,20241,卖盘
104,14:47:00,15.57,-0.01,50,77850,卖盘
105,14:46:57,15.58,0.01,3,4674,买盘
106,14:46:48,15.57,--,10,15570,卖盘
107,14:46:45,15.57,-0.02,1,1557,卖盘
108,14:46:36,15.59,--,12,19378,买盘
109,14:46:33,15.59,0.01,50,77950,买盘
110,14:46:27,15.58,--,1,1558,卖盘
111,14:46:24,15.58,--,3,4674,卖盘
112,14:46:12,15.58,0.01,8,13352,买盘
113,14:46:06,15.57,-0.01,6,9342,卖盘
114,14:46:03,15.58,0.01,54,84132,买盘
115,14:45:54,15.57,-0.01,5,7785,中性盘
116,14:45:51,15.58,0.01,51,79458,买盘
117,14:45:45,15.57,-0.01,1,1557,卖盘
118,14:45:42,15.58,0.01,5,7790,买盘
119,14:45:36,15.57,--,1,1557,中性盘
120,14:45:27,15.57,0.01,3,4671,买盘
121,14:45:21,15.56,--,10,15560,卖盘
122,14:45:12,15.56,--,10,15560,卖盘
123,14:45:09,15.56,--,35,54460,卖盘
124,14:45:06,15.56,--,1,1556,卖盘
125,14:44:48,15.56,--,10,15560,卖盘
126,14:44:45,15.56,--,21,32676,卖盘
127,14:44:30,15.56,--,10,15560,卖盘
128,14:44:27,15.56,-0.01,1,1556,卖盘
129,14:44:21,15.57,0.01,83,129231,买盘
130,14:44:06,15.56,-0.01,1,1556,卖盘
131,14:43:48,15.57,0.01,16,24912,买盘
132,14:43:42,15.56,--,31,48236,卖盘
133,14:43:36,15.56,-0.01,1,1556,卖盘
134,14:43:33,15.57,0.01,9,14013,买盘
135,14:43:21,15.56,--,12,18672,卖盘
136,14:43:06,15.56,-0.01,3,4668,卖盘
137,14:43:03,15.57,--,49,76293,买盘
138,14:42:57,15.57,--,10,15570,买盘
139,14:42:54,15.57,--,4,6228,买盘
140,14:42:48,15.57,0.01,9,14013,买盘
141,14:42:36,15.56,--,1,1556,卖盘
142,14:42:33,15.56,--,5,7780,卖盘
143,14:42:24,15.56,--,8,12448,卖盘
144,14:42:21,15.56,--,3,4668,卖盘
145,14:42:06,15.56,0.01,34,53199,买盘
146,14:42:03,15.55,-0.01,1,1555,卖盘
147,14:41:54,15.56,--,56,87136,卖盘
148,14:41:45,15.56,--,1,1556,卖盘
149,14:41:42,15.56,-0.01,11,17116,卖盘
150,14:41:27,15.57,0.01,5,7785,买盘
151,14:41:24,15.56,--,1,1556,卖盘
152,14:41:15,15.56,--,1,1556,卖盘
153,14:41:12,15.56,--,10,15560,卖盘
154,14:41:06,15.56,--,1,1556,卖盘
155,14:41:00,15.56,--,9,14004,卖盘
156,14:40:57,15.56,-0.01,10,15560,卖盘
157,14:40:45,15.57,--,10,15570,卖盘
158,14:40:42,15.57,--,3,4671,卖盘
159,14:40:36,15.57,--,1,1557,卖盘
160,14:40:33,15.57,--,7,10899,卖盘
161,14:40:27,15.57,--,2,3114,卖盘
162,14:40:24,15.57,-0.01,14,21798,卖盘
163,14:40:09,15.58,0.01,3,4674,买盘
164,14:40:06,15.57,-0.01,1,1557,卖盘
165,14:40:00,15.58,--,82,128425,卖盘
166,14:39:54,15.58,--,63,98154,卖盘
167,14:39:45,15.58,-0.01,1,1558,卖盘
168,14:39:42,15.59,--,9,14031,买盘
169,14:39:39,15.59,0.01,20,31180,买盘
170,14:39:36,15.58,-0.01,11,17138,卖盘
171,14:39:33,15.59,0.01,10,15590,买盘
172,14:39:24,15.58,-0.01,1,1558,卖盘
173,14:39:18,15.59,--,3,4677,买盘
174,14:39:12,15.59,0.01,2,3118,买盘
175,14:39:06,15.58,--,1,1558,卖盘
176,14:39:03,15.58,-0.01,2,3116,卖盘
177,14:39:00,15.59,--,11,17149,买盘
178,14:38:48,15.59,0.01,20,31180,买盘
179,14:38:42,15.58,--,6,9348,卖盘
180,14:38:18,15.58,-0.02,6,9348,卖盘
181,14:38:15,15.6,0.02,1,1560,买盘
182,14:38:06,15.58,--,12,18696,卖盘
183,14:38:03,15.58,--,0,15,卖盘
184,14:37:57,15.58,--,0,482,卖盘
185,14:37:54,15.58,--,0,389,卖盘
186,14:37:45,15.58,--,1,1558,卖盘
187,14:37:36,15.58,-0.02,1,1558,卖盘
188,14:37:18,15.6,0.02,17,26520,买盘
189,14:37:15,15.58,-0.02,6,9348,卖盘
190,14:37:06,15.6,--,10,15600,中性盘
191,14:36:51,15.6,--,51,79560,卖盘
192,14:36:48,15.6,0.06,449,700440,买盘
193,14:36:45,15.54,-0.04,1,1554,卖盘
194,14:36:42,15.58,0.03,310,482980,买盘
195,14:36:36,15.55,--,32,49760,卖盘
196,14:36:24,15.55,-0.01,1,1555,卖盘
197,14:36:18,15.56,0.01,8,12448,买盘
198,14:36:15,15.55,--,26,40430,卖盘
199,14:36:09,15.55,--,10,15550,卖盘
200,14:36:06,15.55,--,1,1555,卖盘
201,14:36:03,15.55,-0.01,1,1555,卖盘
202,14:35:36,15.56,--,26,40456,买盘
203,14:35:30,15.56,--,50,77800,买盘
204,14:35:27,15.56,0.01,5,7780,买盘
205,14:35:24,15.55,--,11,17105,卖盘
206,14:35:18,15.55,-0.01,10,15550,卖盘
207,14:35:12,15.56,0.01,10,15560,买盘
208,14:35:06,15.55,-0.01,1,1555,卖盘
209,14:34:57,15.56,--,8,12448,卖盘
210,14:34:54,15.56,--,2,3112,卖盘
211,14:34:51,15.56,--,50,77800,卖盘
212,14:34:45,15.56,--,1,1556,卖盘
213,14:34:42,15.56,--,10,15560,卖盘
214,14:34:33,15.56,--,1,1556,卖盘
215,14:34:18,15.56,-0.01,30,46680,卖盘
216,14:34:06,15.57,0.01,31,48267,买盘
217,14:34:03,15.56,-0.01,3,4668,卖盘
218,14:33:42,15.57,0.01,2,3114,买盘
219,14:33:36,15.56,-0.01,1,1556,卖盘
220,14:33:33,15.57,--,94,146358,买盘
221,14:33:30,15.57,--,3,4671,买盘
222,14:33:21,15.57,-0.01,51,79407,卖盘
223,14:33:15,15.58,0.01,36,56088,买盘
224,14:33:06,15.57,-0.01,2,3114,卖盘
225,14:33:03,15.58,--,80,124640,买盘
226,14:32:57,15.58,0.01,3,4674,买盘
227,14:32:45,15.57,--,1,1557,卖盘
228,14:32:42,15.57,-0.01,18,28026,卖盘
229,14:32:06,15.58,0.01,73,113734,买盘
230,14:32:03,15.57,--,1,1557,卖盘
231,14:32:00,15.57,-0.01,20,31140,卖盘
232,14:31:54,15.58,--,8,12464,买盘
233,14:31:51,15.58,--,22,34276,买盘
234,14:31:39,15.58,0.01,34,52972,买盘
235,14:31:33,15.57,-0.01,1,1557,卖盘
236,14:31:30,15.58,0.01,2,3116,买盘
237,14:31:24,15.57,-0.01,2,3114,卖盘
238,14:31:12,15.58,0.01,50,77900,买盘
239,14:31:03,15.57,-0.01,1,1557,卖盘
240,14:31:00,15.58,--,64,99712,买盘
241,14:30:54,15.58,0.01,29,45182,买盘
242,14:30:51,15.57,0.01,19,29583,买盘
243,14:30:39,15.56,--,3,4668,卖盘
244,14:30:33,15.56,--,1,1556,卖盘
245,14:30:24,15.56,--,1,1556,卖盘
246,14:30:15,15.56,-0.01,6,9336,卖盘
247,14:30:09,15.57,0.01,2,3114,买盘
248,14:30:03,15.56,--,1,1556,卖盘
249,14:29:45,15.56,-0.01,9,14004,卖盘
250,14:29:18,15.57,0.01,33,51381,买盘
251,14:29:06,15.56,--,1,1556,卖盘
252,14:29:03,15.56,--,1,1556,卖盘
253,14:28:51,15.56,--,33,51348,卖盘
254,14:28:48,15.56,--,2,3112,买盘
255,14:28:39,15.56,--,2,3112,卖盘
256,14:28:36,15.56,--,2,3112,买盘
257,14:28:33,15.56,--,16,24896,买盘
258,14:28:21,15.56,0.01,3,4668,卖盘
259,14:28:06,15.55,--,1,1555,卖盘
260,14:28:03,15.55,--,1,1555,卖盘
261,14:27:54,15.55,-0.02,100,155500,卖盘
262,14:27:51,15.57,--,3,4671,买盘
263,14:27:48,15.57,0.01,37,57609,买盘
264,14:27:45,15.56,--,2,3112,卖盘
265,14:27:36,15.56,0.01,52,80912,买盘
266,14:27:33,15.55,-0.01,4,6220,卖盘
267,14:27:18,15.56,--,3,4668,买盘
268,14:27:15,15.56,-0.02,29,45124,卖盘
269,14:27:03,15.58,0.01,6,9348,买盘
270,14:26:42,15.57,--,14,21798,卖盘
271,14:26:36,15.57,--,7,10899,卖盘
272,14:26:24,15.57,--,2,3114,卖盘
273,14:26:12,15.57,--,1,1557,卖盘
274,14:26:03,15.57,--,1,1557,卖盘
275,14:25:54,15.57,--,1,1557,卖盘
276,14:25:45,15.57,--,14,21798,卖盘
277,14:25:39,15.57,--,10,15570,卖盘
278,14:25:33,15.57,--,34,52938,卖盘
279,14:25:30,15.57,--,5,7785,卖盘
280,14:25:21,15.57,--,2,3114,卖盘
281,14:25:18,15.57,--,7,10899,卖盘
282,14:25:06,15.57,--,1,1557,卖盘
283,14:25:03,15.57,-0.01,1,1557,卖盘
284,14:24:57,15.58,--,22,34276,买盘
285,14:24:45,15.58,--,13,20254,买盘
286,14:24:39,15.58,0.01,59,91922,买盘
287,14:24:36,15.57,--,10,15570,卖盘
288,14:24:33,15.57,--,1,1557,卖盘
289,14:24:21,15.57,0.02,74,115218,买盘
290,14:24:03,15.55,--,1,1555,卖盘
291,14:23:51,15.55,-0.01,6,9330,卖盘
292,14:23:48,15.56,0.01,7,10892,买盘
293,14:23:45,15.55,-0.01,1,1555,卖盘
294,14:23:33,15.56,0.01,5,7780,买盘
295,14:23:12,15.55,--,25,38875,卖盘
296,14:23:09,15.55,--,3,4665,卖盘
297,14:23:06,15.55,--,1,1555,卖盘
298,14:23:03,15.55,--,11,17105,卖盘
299,14:22:45,15.55,--,11,17105,卖盘
300,14:22:33,15.55,-0.01,4,6220,卖盘
301,14:22:30,15.56,0.01,10,15560,买盘
302,14:22:24,15.55,-0.01,20,31100,卖盘
303,14:22:09,15.56,--,4,6224,买盘
304,14:22:06,15.56,0.01,4,6224,买盘
305,14:22:03,15.55,-0.01,1,1555,卖盘
306,14:21:54,15.56,--,6,9336,卖盘
307,14:21:51,15.56,0.01,1,1556,卖盘
308,14:21:39,15.55,-0.01,38,59090,卖盘
309,14:21:33,15.56,-0.01,1,1556,卖盘
310,14:21:27,15.57,--,70,110515,卖盘
311,14:21:24,15.57,-0.01,8,12456,卖盘
312,14:21:18,15.58,0.01,11,17138,买盘
313,14:21:12,15.57,--,10,15570,卖盘
314,14:21:09,15.57,--,1,1557,卖盘
315,14:21:00,15.57,--,20,31140,卖盘
316,14:20:51,15.57,-0.01,2,3114,卖盘
317,14:20:48,15.58,0.01,1,1558,买盘
318,14:20:45,15.57,--,7,10930,卖盘
319,14:20:33,15.57,-0.01,1,1557,卖盘
320,14:20:27,15.58,--,20,31160,买盘
321,14:20:24,15.58,--,43,66994,买盘
322,14:20:09,15.58,--,12,18696,买盘
323,14:20:06,15.58,--,21,32718,卖盘
324,14:20:03,15.58,--,2,3116,卖盘
325,14:19:57,15.58,0.01,7,10906,中性盘
326,14:19:45,15.57,--,1,1557,卖盘
327,14:19:33,15.57,-0.01,1,1557,卖盘
328,14:19:30,15.58,-0.01,30,46740,卖盘
329,14:19:21,15.59,--,105,163695,买盘
330,14:19:18,15.59,0.01,1,1559,买盘
331,14:19:03,15.58,--,1,1558,卖盘
332,14:19:00,15.58,--,55,85690,卖盘
333,14:18:54,15.58,--,21,32718,卖盘
334,14:18:51,15.58,-0.01,10,15580,卖盘
335,14:18:45,15.59,0.01,11,17149,买盘
336,14:18:39,15.58,--,2,3116,卖盘
337,14:18:33,15.58,--,1,1558,卖盘
338,14:18:27,15.58,-0.01,3,4674,卖盘
339,14:18:18,15.59,0.01,11,17149,买盘
340,14:18:09,15.58,--,3,4674,卖盘
341,14:18:03,15.58,--,11,17138,卖盘
342,14:18:00,15.58,-0.01,10,15580,卖盘
343,14:17:57,15.59,0.01,16,24944,买盘
344,14:17:54,15.58,--,26,40508,卖盘
345,14:17:42,15.58,--,30,46740,卖盘
346,14:17:33,15.58,--,1,1558,卖盘
347,14:17:30,15.58,--,10,15580,卖盘
348,14:17:24,15.58,-0.01,1,1558,卖盘
349,14:17:21,15.59,--,6,9354,买盘
350,14:17:15,15.59,--,63,98217,买盘
351,14:17:09,15.59,--,2,3118,买盘
352,14:17:03,15.59,--,26,40534,买盘
353,14:16:48,15.59,--,8,12472,买盘
354,14:16:42,15.59,--,3,4677,买盘
355,14:16:36,15.59,0.01,50,77950,买盘
356,14:16:33,15.58,-0.01,1,1558,卖盘
357,14:16:30,15.59,--,4,6236,买盘
358,14:16:27,15.59,0.01,4,6236,买盘
359,14:16:24,15.58,-0.01,1,1558,卖盘
360,14:16:21,15.59,--,3,4677,买盘
361,14:16:18,15.59,--,23,35857,卖盘
362,14:16:09,15.59,--,4,6236,卖盘
363,14:16:03,15.59,--,2,3118,卖盘
364,14:16:00,15.59,--,49,76391,买盘
365,14:15:57,15.59,--,5,7795,买盘
366,14:15:42,15.59,0.01,23,35857,买盘
367,14:15:33,15.58,--,1,1558,卖盘
368,14:15:30,15.58,--,5,7790,买盘
369,14:15:27,15.58,--,5,7790,买盘
370,14:15:12,15.58,--,10,15580,买盘
371,14:15:06,15.58,--,64,99712,买盘
372,14:15:03,15.58,--,3,4674,买盘
373,14:15:00,15.58,0.01,4,6232,买盘
374,14:14:48,15.57,--,49,76293,买盘
375,14:14:39,15.57,0.01,115,179055,买盘
376,14:14:33,15.56,--,1,1556,卖盘
377,14:14:21,15.56,0.01,4,6224,买盘
378,14:14:03,15.55,-0.01,1,1555,卖盘
379,14:13:57,15.56,--,26,40456,买盘
380,14:13:48,15.56,--,15,23340,卖盘
381,14:13:45,15.56,--,10,15560,卖盘
382,14:13:39,15.56,--,20,31120,卖盘
383,14:13:33,15.56,-0.01,1,1556,卖盘
384,14:13:27,15.57,0.01,30,46710,买盘
385,14:13:24,15.56,-0.01,43,66908,买盘
386,14:13:15,15.57,0.02,14,21798,买盘
387,14:13:00,15.55,-0.01,1,1555,卖盘
388,14:12:57,15.56,--,1,1556,卖盘
389,14:12:54,15.56,-0.01,1,1556,卖盘
390,14:12:48,15.57,--,17,26469,买盘
391,14:12:42,15.57,0.01,5,7785,买盘
392,14:12:39,15.56,--,20,31120,卖盘
393,14:12:33,15.56,-0.01,1,1556,卖盘
394,14:12:27,15.57,--,2,3114,买盘
395,14:12:24,15.57,--,2,3114,买盘
396,14:11:45,15.57,0.01,40,62280,买盘
397,14:11:33,15.56,--,1,1556,卖盘
398,14:11:06,15.56,--,5,7780,卖盘
399,14:11:03,15.56,-0.01,1,1556,卖盘
400,14:11:00,15.57,0.01,50,77850,买盘
401,14:10:57,15.56,--,3,4668,卖盘
402,14:10:54,15.56,--,20,31120,卖盘
403,14:10:36,15.56,--,3,4668,卖盘
404,14:10:33,15.56,--,1,1556,卖盘
405,14:10:30,15.56,-0.01,54,84024,卖盘
406,14:10:27,15.57,0.01,20,31140,买盘
407,14:10:15,15.56,--,12,18672,卖盘
408,14:10:03,15.56,-0.01,1,1556,卖盘
409,14:09:54,15.57,--,6,9342,卖盘
410,14:09:48,15.57,--,177,275589,卖盘
411,14:09:33,15.57,--,1,1557,卖盘
412,14:09:27,15.57,--,17,26469,买盘
413,14:09:24,15.57,--,2,3114,买盘
414,14:09:18,15.57,--,1,1557,买盘
415,14:09:09,15.57,--,15,23355,买盘
416,14:09:06,15.57,--,1,1557,买盘
417,14:08:57,15.57,--,4,6228,买盘
418,14:08:51,15.57,--,20,31140,买盘
419,14:08:48,15.57,--,2,3114,买盘
420,14:08:39,15.57,--,10,15570,卖盘
421,14:08:36,15.57,--,4,6228,卖盘
422,14:08:33,15.57,--,1,1557,卖盘
423,14:08:18,15.57,--,28,43596,卖盘
424,14:08:12,15.57,--,1,1557,卖盘
425,14:08:03,15.57,--,1,1557,卖盘
426,14:07:54,15.57,0.01,41,63837,买盘
427,14:07:51,15.56,--,10,15560,卖盘
428,14:07:48,15.56,--,20,31120,卖盘
429,14:07:36,15.56,--,3,4668,卖盘
430,14:07:30,15.56,--,11,17116,卖盘
431,14:07:27,15.56,-0.01,3,4668,卖盘
432,14:07:21,15.57,--,8,12456,买盘
433,14:07:18,15.57,--,1,1557,卖盘
434,14:07:15,15.57,-0.01,3,4671,卖盘
435,14:07:06,15.58,0.01,105,163590,买盘
436,14:07:00,15.57,-0.01,1,1557,卖盘
437,14:06:57,15.58,--,10,15580,买盘
438,14:06:48,15.58,--,29,45182,买盘
439,14:06:45,15.58,--,17,26486,卖盘
440,14:06:42,15.58,--,20,31160,卖盘
441,14:06:36,15.58,--,50,77900,卖盘
442,14:06:33,15.58,--,24,37392,卖盘
443,14:06:30,15.58,-0.01,16,24928,卖盘
444,14:06:21,15.59,--,8,12472,买盘
445,14:06:00,15.59,--,11,17149,卖盘
446,14:05:51,15.59,0.01,24,37416,买盘
447,14:05:45,15.58,-0.01,5,7790,卖盘
448,14:05:42,15.59,--,120,187080,买盘
449,14:05:33,15.59,0.01,4,6236,买盘
450,14:05:30,15.58,-0.01,3,4674,中性盘
451,14:05:24,15.59,--,100,155900,买盘
452,14:05:03,15.59,0.02,57,88863,买盘
453,14:05:00,15.57,-0.01,21,32697,卖盘
454,14:04:57,15.58,--,75,116850,买盘
455,14:04:54,15.58,--,7,10906,买盘
456,14:04:51,15.58,0.01,3,4674,买盘
457,14:04:48,15.57,0.01,13,20241,中性盘
458,14:04:45,15.56,-0.01,24,37344,中性盘
459,14:04:42,15.57,--,20,31140,买盘
460,14:04:39,15.57,0.01,100,155700,买盘
461,14:04:36,15.56,--,155,241180,卖盘
462,14:04:30,15.56,-0.01,1,1556,卖盘
463,14:04:27,15.57,0.01,20,31140,买盘
464,14:04:24,15.56,--,37,57572,买盘
465,14:04:21,15.56,--,12,18672,买盘
466,14:04:15,15.56,--,40,62240,买盘
467,14:04:12,15.56,0.01,7,10892,买盘
468,14:04:00,15.55,0.01,107,166385,买盘
469,14:03:57,15.54,0.01,120,186480,买盘
470,14:03:54,15.53,--,193,299729,买盘
471,14:03:48,15.53,0.01,72,111816,买盘
472,14:03:42,15.52,--,24,37248,买盘
473,14:03:39,15.52,0.01,24,37248,买盘
474,14:03:36,15.51,0.01,12,18612,买盘
475,14:03:33,15.5,--,41,63550,卖盘
476,14:03:30,15.5,-0.01,6,9300,卖盘
477,14:03:21,15.51,--,3,4653,买盘
478,14:03:18,15.51,0.01,15,23265,买盘
479,14:03:15,15.5,--,20,31000,卖盘
480,14:03:00,15.5,0.01,79,122450,买盘
481,14:02:54,15.49,-0.01,5,7745,中性盘
482,14:02:45,15.5,0.03,32,49600,买盘
483,14:02:36,15.47,-0.03,5,7735,卖盘
484,14:02:33,15.5,0.03,61,94550,买盘
485,14:02:30,15.47,--,21,32487,卖盘
486,14:02:03,15.47,-0.03,1,1547,卖盘
487,14:01:48,15.5,--,15,23250,买盘
488,14:01:39,15.5,0.02,2,3100,买盘
489,14:01:30,15.48,-0.03,1,1548,卖盘
490,14:01:03,15.51,0.03,36,55836,买盘
491,14:01:00,15.48,--,1,1548,中性盘
492,14:00:54,15.48,--,50,77400,卖盘
493,14:00:36,15.48,0.01,1,1548,买盘
494,14:00:33,15.47,--,3,4641,卖盘
495,14:00:30,15.47,--,4,6188,卖盘
496,14:00:27,15.47,--,10,15470,卖盘
497,14:00:24,15.47,--,6,9282,卖盘
498,14:00:12,15.47,--,1,1547,买盘
499,14:00:09,15.47,0.01,3,4641,买盘
500,14:00:03,15.46,-0.01,1,1546,卖盘
501,13:59:54,15.47,0.01,15,23205,买盘
502,13:59:48,15.46,--,41,63386,卖盘
503,13:59:42,15.46,-0.01,13,20098,卖盘
504,13:59:30,15.47,0.01,4,6188,买盘
505,13:59:27,15.46,-0.01,4,6184,卖盘
506,13:59:15,15.47,--,10,15470,买盘
507,13:59:12,15.47,--,14,21658,卖盘
508,13:59:00,15.47,-0.01,1,1547,卖盘
509,13:58:57,15.48,-0.02,27,41796,卖盘
510,13:58:51,15.5,0.01,20,31000,买盘
511,13:58:48,15.49,--,7,10843,卖盘
512,13:58:42,15.49,--,12,18588,卖盘
513,13:58:30,15.49,-0.01,1,1549,卖盘
514,13:58:24,15.5,-0.01,38,58900,卖盘
515,13:58:18,15.51,--,1,1551,买盘
516,13:58:12,15.51,--,28,43428,卖盘
517,13:58:06,15.51,--,5,7755,卖盘
518,13:58:00,15.51,--,1,1551,卖盘
519,13:57:51,15.51,--,5,7755,卖盘
520,13:57:48,15.51,--,50,77550,卖盘
521,13:57:42,15.51,--,5,7755,卖盘
522,13:57:30,15.51,--,1,1551,卖盘
523,13:57:12,15.51,--,6,9306,卖盘
524,13:57:06,15.51,-0.01,5,7755,卖盘
525,13:57:00,15.52,--,1,1552,买盘
526,13:56:57,15.52,--,8,12416,买盘
527,13:56:51,15.52,0.01,5,7760,买盘
528,13:56:36,15.51,--,10,15510,卖盘
529,13:56:30,15.51,-0.01,1,1551,卖盘
530,13:56:12,15.52,-0.01,4,6208,卖盘
531,13:56:06,15.53,0.01,35,54355,买盘
532,13:56:00,15.52,-0.01,1,1552,卖盘
533,13:55:57,15.53,0.01,10,15530,买盘
534,13:55:54,15.52,--,1,1552,卖盘
535,13:55:51,15.52,--,10,15520,卖盘
536,13:55:42,15.52,--,52,80704,卖盘
537,13:55:30,15.52,--,1,1552,卖盘
538,13:55:00,15.52,--,1,1552,卖盘
539,13:54:54,15.52,0.01,25,38800,买盘
540,13:54:39,15.51,--,13,20163,卖盘
541,13:54:30,15.51,-0.01,1,1551,卖盘
542,13:54:00,15.52,--,8,12416,买盘
543,13:53:48,15.52,--,21,32592,卖盘
544,13:53:42,15.52,--,1,1552,卖盘
545,13:53:33,15.52,0.01,42,65184,买盘
546,13:53:30,15.51,--,1,1551,卖盘
547,13:53:15,15.51,0.01,21,32571,买盘
548,13:53:03,15.5,-0.01,3,4650,卖盘
549,13:53:00,15.51,--,168,260568,买盘
550,13:52:57,15.51,--,70,108570,买盘
551,13:52:48,15.51,--,41,63591,卖盘
552,13:52:42,15.51,--,1,1551,卖盘
553,13:52:30,15.51,0.01,1,1551,中性盘
554,13:52:03,15.5,--,10,15500,卖盘
555,13:52:00,15.5,-0.02,1,1550,卖盘
556,13:51:57,15.52,-0.01,14,21728,卖盘
557,13:51:45,15.53,-0.01,160,248480,卖盘
558,13:51:42,15.54,--,10,15540,卖盘
559,13:51:39,15.54,--,45,69930,买盘
560,13:51:36,15.54,0.01,10,15540,买盘
561,13:51:21,15.53,-0.01,10,15530,卖盘
562,13:51:18,15.54,--,6,9324,买盘
563,13:51:12,15.54,0.01,8,12432,买盘
564,13:51:00,15.53,--,1,1553,卖盘
565,13:50:57,15.53,-0.01,10,15530,卖盘
566,13:50:39,15.54,--,5,7770,买盘
567,13:50:33,15.54,0.01,4,6216,买盘
568,13:50:30,15.53,-0.01,1,1553,卖盘
569,13:50:21,15.54,--,1,1554,卖盘
570,13:50:12,15.54,0.01,4,6216,买盘
571,13:50:00,15.53,-0.01,1,1553,卖盘
572,13:49:54,15.54,--,4,6216,买盘
573,13:49:48,15.54,0.01,44,68376,买盘
574,13:49:39,15.53,--,10,15530,卖盘
575,13:49:30,15.53,--,1,1553,卖盘
576,13:49:12,15.53,--,3,4659,卖盘
577,13:49:09,15.53,--,9,13977,卖盘
578,13:49:03,15.53,--,62,96286,卖盘
579,13:49:00,15.53,--,1,1553,卖盘
580,13:48:54,15.53,-0.01,2,3106,卖盘
581,13:48:21,15.54,--,12,18648,买盘
582,13:48:18,15.54,0.01,10,15540,买盘
583,13:48:00,15.53,--,1,1553,卖盘
584,13:47:57,15.53,--,2,3106,买盘
585,13:47:33,15.53,0.01,5,7765,买盘
586,13:47:30,15.52,--,53,82256,卖盘
587,13:47:27,15.52,--,25,38800,卖盘
588,13:47:12,15.52,--,7,10864,卖盘
589,13:47:09,15.52,0.02,12,18624,买盘
590,13:47:00,15.5,--,1,1550,卖盘
591,13:46:51,15.5,--,1,1550,买盘
592,13:46:42,15.5,0.02,3,4650,买盘
593,13:46:36,15.48,-0.01,44,68112,卖盘
594,13:46:30,15.49,-0.01,1,1549,卖盘
595,13:46:18,15.5,-0.02,175,271250,卖盘
596,13:46:09,15.52,0.01,10,15520,买盘
597,13:46:00,15.51,--,1,1551,卖盘
598,13:45:54,15.51,--,18,27918,卖盘
599,13:45:48,15.51,--,10,15510,卖盘
600,13:45:36,15.51,--,1,1551,卖盘
601,13:45:30,15.51,--,4,6204,卖盘
602,13:45:12,15.51,--,2,3102,卖盘
603,13:45:00,15.51,--,3,4653,卖盘
604,13:44:42,15.51,--,1,1551,卖盘
605,13:44:39,15.51,-0.01,2,3102,卖盘
606,13:44:36,15.52,--,1,1552,卖盘
607,13:44:30,15.52,--,1,1552,卖盘
608,13:44:18,15.52,--,20,31040,卖盘
609,13:44:06,15.52,-0.01,11,17072,卖盘
610,13:44:03,15.53,0.01,13,20189,买盘
611,13:44:00,15.52,--,9,13968,卖盘
612,13:43:57,15.52,--,8,12416,卖盘
613,13:43:54,15.52,-0.01,2,3104,卖盘
614,13:43:51,15.53,0.01,1,1553,买盘
615,13:43:48,15.52,--,20,31040,卖盘
616,13:43:30,15.52,--,1,1552,卖盘
617,13:43:21,15.52,-0.01,10,15520,卖盘
618,13:43:06,15.53,0.01,1,1553,买盘
619,13:43:00,15.52,--,1,1552,卖盘
620,13:42:36,15.52,-0.01,45,69840,卖盘
621,13:42:06,15.53,0.01,10,15530,买盘
622,13:42:00,15.52,--,1,1552,卖盘
623,13:41:45,15.52,--,9,13968,卖盘
624,13:41:30,15.52,-0.01,1,1552,卖盘
625,13:41:12,15.53,--,2,3106,卖盘
626,13:41:09,15.53,--,2,3106,卖盘
627,13:41:00,15.53,--,1,1553,卖盘
628,13:40:54,15.53,--,5,7765,卖盘
629,13:40:33,15.53,--,5,7765,卖盘
630,13:40:27,15.53,--,1,1553,卖盘
631,13:40:00,15.53,--,1,1553,卖盘
632,13:39:57,15.53,-0.01,2,3106,卖盘
633,13:39:48,15.54,--,42,65268,卖盘
634,13:39:42,15.54,--,15,23310,卖盘
635,13:39:00,15.54,-0.01,1,1554,卖盘
636,13:38:45,15.55,--,2,3110,卖盘
637,13:38:30,15.55,--,1,1555,卖盘
638,13:38:21,15.55,--,4,6220,卖盘
639,13:38:09,15.55,0.01,3,4665,买盘
640,13:38:00,15.54,-0.01,11,17094,卖盘
641,13:37:51,15.55,--,3,4665,卖盘
642,13:37:42,15.55,--,97,150835,买盘
643,13:37:39,15.55,--,3,4665,买盘
644,13:37:33,15.55,0.01,1,1555,买盘
645,13:37:30,15.54,-0.01,1,1554,卖盘
646,13:37:27,15.55,0.01,11,17105,买盘
647,13:37:21,15.54,-0.01,5,7770,卖盘
648,13:37:15,15.55,0.01,5,7775,买盘
649,13:37:00,15.54,-0.01,1,1554,卖盘
650,13:36:36,15.55,--,8,12440,买盘
651,13:36:33,15.55,-0.01,14,21770,卖盘
652,13:36:27,15.56,--,15,23340,买盘
653,13:36:00,15.56,0.01,21,32676,买盘
654,13:35:57,15.55,--,1,1555,卖盘
655,13:35:54,15.55,--,24,37320,卖盘
656,13:35:42,15.55,--,10,15550,卖盘
657,13:35:39,15.55,--,30,46650,卖盘
658,13:35:27,15.55,-0.01,1,1555,卖盘
659,13:35:24,15.56,--,5,7780,买盘
660,13:35:21,15.56,--,2,3112,买盘
661,13:35:15,15.56,0.01,43,66908,买盘
662,13:34:57,15.55,-0.01,1,1555,卖盘
663,13:34:45,15.56,0.01,24,37344,买盘
664,13:34:27,15.55,-0.01,1,1555,卖盘
665,13:34:18,15.56,0.01,6,9336,买盘
666,13:34:15,15.55,-0.01,18,27990,卖盘
667,13:34:03,15.56,0.01,10,15560,买盘
668,13:33:57,15.55,-0.02,19,29545,卖盘
669,13:33:51,15.57,--,62,96534,买盘
670,13:33:48,15.57,0.01,10,15570,买盘
671,13:33:45,15.56,-0.01,5,7780,卖盘
672,13:33:42,15.57,0.01,2,3114,买盘
673,13:33:39,15.56,-0.01,10,15560,卖盘
674,13:33:30,15.57,0.01,13,20241,买盘
675,13:33:21,15.56,-0.01,3,4668,卖盘
676,13:33:18,15.57,--,4,6228,买盘
677,13:33:09,15.57,0.02,10,15570,买盘
678,13:32:57,15.55,-0.02,7,10885,卖盘
679,13:32:54,15.57,--,21,32697,买盘
680,13:32:48,15.57,--,5,7785,卖盘
681,13:32:39,15.57,--,1,1557,买盘
682,13:32:30,15.57,0.02,4,6228,买盘
683,13:32:27,15.55,-0.02,1,1555,卖盘
684,13:32:24,15.57,--,8,12456,买盘
685,13:32:18,15.57,0.01,10,15570,买盘
686,13:32:15,15.56,--,2,3112,买盘
687,13:32:12,15.56,--,2,3112,买盘
688,13:32:06,15.56,-0.01,19,29564,卖盘
689,13:32:03,15.57,0.01,7,10899,买盘
690,13:32:00,15.56,-0.01,1,1556,卖盘
691,13:31:48,15.57,0.01,25,38925,买盘
692,13:31:39,15.56,0.01,126,196056,买盘
693,13:31:30,15.55,0.01,76,118180,买盘
694,13:31:27,15.54,--,11,17094,卖盘
695,13:30:57,15.54,-0.01,1,1554,卖盘
696,13:30:54,15.55,0.01,4,6220,买盘
697,13:30:48,15.54,0.01,20,31080,买盘
698,13:30:36,15.53,--,11,17083,中性盘
699,13:30:24,15.53,--,1,1553,中性盘
700,13:30:15,15.53,--,20,31060,买盘
701,13:30:09,15.53,0.01,10,15530,买盘
702,13:30:03,15.52,--,31,48112,买盘
703,13:30:00,15.52,0.01,33,51216,买盘
704,13:29:57,15.51,-0.01,1,1551,卖盘
705,13:29:54,15.52,--,5,7760,买盘
706,13:29:48,15.52,0.01,1,1552,买盘
707,13:29:39,15.51,--,49,75999,买盘
708,13:29:33,15.51,0.01,5,7755,买盘
709,13:29:27,15.5,--,1,1550,卖盘
710,13:29:24,15.5,--,12,18600,卖盘
711,13:29:03,15.5,0.01,30,46500,买盘
712,13:28:57,15.49,-0.01,1,1549,卖盘
713,13:28:54,15.5,--,50,77500,买盘
714,13:28:42,15.5,0.01,4,6200,买盘
715,13:28:27,15.49,-0.01,14,21686,卖盘
716,13:28:21,15.5,--,7,10850,买盘
717,13:28:15,15.5,--,2,3100,买盘
718,13:28:00,15.5,0.01,20,31000,买盘
719,13:27:57,15.49,--,1,1549,卖盘
720,13:27:54,15.49,-0.01,20,30980,卖盘
721,13:27:48,15.5,--,26,40300,买盘
722,13:27:36,15.5,--,7,10850,买盘
723,13:27:27,15.5,--,2,3100,买盘
724,13:27:21,15.5,--,1,1550,买盘
725,13:27:18,15.5,--,32,49600,买盘
726,13:27:09,15.5,0.01,126,195300,买盘
727,13:26:57,15.49,-0.01,1,1549,卖盘
728,13:26:54,15.5,--,22,34100,买盘
729,13:26:51,15.5,--,1,1550,买盘
730,13:26:30,15.5,0.01,15,23250,买盘
731,13:26:27,15.49,-0.01,1,1549,卖盘
732,13:26:00,15.5,0.01,4,6200,买盘
733,13:25:57,15.49,-0.01,1,1549,卖盘
734,13:25:36,15.5,0.01,1,1550,买盘
735,13:25:27,15.49,--,1,1549,卖盘
736,13:25:18,15.49,--,10,15490,卖盘
737,13:25:12,15.49,0.01,9,13941,买盘
738,13:24:27,15.48,-0.01,1,1548,卖盘
739,13:24:21,15.49,0.01,74,114626,买盘
740,13:24:00,15.48,--,20,30960,卖盘
741,13:23:57,15.48,-0.01,1,1548,卖盘
742,13:23:48,15.49,0.01,13,20137,买盘
743,13:23:33,15.48,-0.01,8,12384,卖盘
744,13:23:27,15.49,0.01,3,4647,买盘
745,13:23:24,15.48,--,20,30960,卖盘
746,13:23:09,15.48,--,10,15480,卖盘
747,13:22:57,15.48,-0.01,1,1548,卖盘
748,13:22:39,15.49,--,12,18588,卖盘
749,13:22:27,15.49,--,1,1549,卖盘
750,13:21:57,15.49,-0.01,1,1549,卖盘
751,13:21:54,15.5,--,1,1550,买盘
752,13:21:33,15.5,--,14,21700,卖盘
753,13:21:30,15.5,0.02,18,27900,买盘
754,13:21:27,15.48,-0.02,1,1548,卖盘
755,13:21:24,15.5,--,82,127100,卖盘
756,13:21:00,15.5,--,12,18600,卖盘
757,13:20:57,15.5,-0.01,1,1550,卖盘
758,13:20:54,15.51,-0.01,2,3102,中性盘
759,13:20:42,15.52,0.01,10,15520,买盘
760,13:20:39,15.51,0.01,16,24816,中性盘
761,13:20:27,15.5,--,6,9300,卖盘
762,13:20:21,15.5,--,2,3100,卖盘
763,13:20:09,15.5,-0.01,20,31000,卖盘
764,13:20:03,15.51,--,1,1551,卖盘
765,13:20:00,15.51,0.01,59,91509,买盘
766,13:19:57,15.5,--,1,1550,卖盘
767,13:19:54,15.5,--,1,1550,卖盘
768,13:19:51,15.5,0.01,2,3100,买盘
769,13:19:39,15.49,--,42,65058,卖盘
770,13:19:36,15.49,--,12,18588,卖盘
771,13:19:27,15.49,--,6,9294,买盘
772,13:19:21,15.49,--,3,4647,卖盘
773,13:19:09,15.49,-0.01,10,15490,卖盘
774,13:19:00,15.5,0.01,3,4650,买盘
775,13:18:57,15.49,0.01,1,1549,中性盘
776,13:18:27,15.48,-0.02,1,1548,卖盘
777,13:18:24,15.5,--,2,3100,卖盘
778,13:18:12,15.5,0.01,28,43400,买盘
779,13:18:03,15.49,--,2,3098,买盘
780,13:18:00,15.49,0.01,1,1549,买盘
781,13:17:57,15.48,-0.01,1,1548,卖盘
782,13:17:54,15.49,--,3,4647,卖盘
783,13:17:30,15.49,--,13,20137,卖盘
784,13:17:27,15.49,--,1,1549,卖盘
785,13:17:21,15.49,--,20,30980,卖盘
786,13:16:54,15.49,--,1,1549,卖盘
787,13:16:27,15.49,--,1,1549,卖盘
788,13:16:12,15.49,0.01,94,145606,买盘
789,13:16:09,15.48,--,7,10836,卖盘
790,13:15:57,15.48,-0.01,1,1548,卖盘
791,13:15:39,15.49,-0.01,5,7745,卖盘
792,13:15:30,15.5,0.01,1,1550,买盘
793,13:15:27,15.49,-0.01,1,1549,卖盘
794,13:15:24,15.5,--,50,77500,卖盘
795,13:15:09,15.5,-0.01,5,7750,卖盘
796,13:15:03,15.51,0.01,8,12408,买盘
797,13:14:57,15.5,--,25,38750,卖盘
798,13:14:48,15.5,-0.01,6,9300,卖盘
799,13:14:42,15.51,0.01,5,7755,买盘
800,13:14:33,15.5,--,5,7750,卖盘
801,13:14:30,15.5,--,100,155000,卖盘
802,13:14:09,15.5,-0.01,1,1550,卖盘
803,13:14:00,15.51,0.01,12,18612,买盘
804,13:13:57,15.5,-0.01,1,1550,卖盘
805,13:13:39,15.51,--,12,18612,买盘
806,13:13:27,15.51,0.01,6,9306,买盘
807,13:13:24,15.5,-0.01,3,4650,卖盘
808,13:13:06,15.51,0.01,4,6204,买盘
809,13:12:57,15.5,--,1,1550,卖盘
810,13:12:27,15.5,--,1,1550,卖盘
811,13:12:12,15.5,-0.01,9,13950,卖盘
812,13:12:09,15.51,0.01,5,7755,买盘
813,13:12:06,15.5,--,11,17050,卖盘
814,13:11:57,15.5,--,1,1550,卖盘
815,13:11:54,15.5,--,10,15500,卖盘
816,13:11:36,15.5,--,21,32550,卖盘
817,13:11:33,15.5,--,15,23250,卖盘
818,13:11:27,15.5,--,1,1550,卖盘
819,13:11:21,15.5,--,4,6200,卖盘
820,13:11:12,15.5,-0.01,4,6200,卖盘
821,13:11:00,15.51,0.01,6,9306,买盘
822,13:10:57,15.5,--,1,1550,卖盘
823,13:10:36,15.5,--,8,12400,买盘
824,13:10:24,15.5,--,6,9300,买盘
825,13:10:15,15.5,--,5,7750,买盘
826,13:10:00,15.5,0.01,10,15500,买盘
827,13:09:54,15.49,-0.01,24,37176,卖盘
828,13:09:45,15.5,0.01,18,27900,买盘
829,13:09:24,15.49,--,6,9294,买盘
830,13:09:03,15.49,0.01,1,1549,买盘
831,13:09:00,15.48,0.01,15,23220,买盘
832,13:08:54,15.47,-0.01,15,23205,卖盘
833,13:08:51,15.48,--,32,49536,买盘
834,13:08:45,15.48,--,2,3096,买盘
835,13:08:39,15.48,0.01,34,52632,买盘
836,13:08:36,15.47,-0.01,1,1547,卖盘
837,13:08:30,15.48,0.01,40,61920,买盘
838,13:08:24,15.47,-0.01,1,1547,卖盘
839,13:08:15,15.48,0.01,11,17028,买盘
840,13:07:54,15.47,--,1,1547,卖盘
841,13:07:39,15.47,--,3,4641,买盘
842,13:07:33,15.47,--,2,3094,卖盘
843,13:07:27,15.47,--,2,3094,买盘
844,13:07:03,15.47,0.02,2,3094,买盘
845,13:06:57,15.45,-0.02,1,1545,卖盘
846,13:06:45,15.47,0.02,3,4641,买盘
847,13:06:33,15.45,0.01,8,12360,买盘
848,13:06:27,15.44,-0.01,1,1544,卖盘
849,13:06:21,15.45,--,3,4635,买盘
850,13:06:00,15.45,0.01,100,154500,买盘
851,13:05:57,15.44,--,5,8862,买盘
852,13:05:51,15.44,--,3,5033,卖盘
853,13:05:48,15.44,--,0,1142,买盘
854,13:05:42,15.44,-0.01,102,157889,卖盘
855,13:05:39,15.45,0.01,24,37080,买盘
856,13:05:24,15.44,-0.01,1,1544,卖盘
857,13:05:18,15.45,--,11,16995,买盘
858,13:05:12,15.45,0.01,10,15450,买盘
859,13:04:57,15.44,-0.01,1,1544,卖盘
860,13:04:42,15.45,--,2,3090,买盘
861,13:04:36,15.45,--,5,7725,买盘
862,13:04:27,15.45,--,50,77250,买盘
863,13:04:24,15.45,--,2,3090,买盘
864,13:04:15,15.45,--,5,7725,买盘
865,13:04:09,15.45,0.01,23,35535,买盘
866,13:04:00,15.44,--,5,7720,卖盘
867,13:03:54,15.44,--,1,1544,卖盘
868,13:03:42,15.44,-0.01,0,1142,卖盘
869,13:03:36,15.45,0.01,4,6180,买盘
870,13:03:24,15.44,-0.01,13,20072,卖盘
871,13:03:18,15.45,0.01,100,154500,买盘
872,13:03:09,15.44,--,10,15440,卖盘
873,13:02:54,15.44,-0.01,1,1544,卖盘
874,13:02:45,15.45,0.01,7,10815,买盘
875,13:02:42,15.44,--,14,21616,卖盘
876,13:02:39,15.44,--,1,1544,卖盘
877,13:02:24,15.44,--,1,1544,卖盘
878,13:02:03,15.44,--,60,92640,卖盘
879,13:01:54,15.44,-0.01,1,1544,卖盘
880,13:01:30,15.45,-0.02,23,35936,卖盘
881,13:01:27,15.47,--,35,54145,卖盘
882,13:01:24,15.47,--,1,1547,卖盘
883,13:00:54,15.47,0.01,1,1547,中性盘
884,13:00:30,15.46,--,6,10420,买盘
885,13:00:27,15.46,0.01,5,7730,买盘
886,13:00:24,15.45,--,1,1545,卖盘
887,13:00:21,15.45,-0.01,20,30900,卖盘
888,13:00:18,15.46,0.01,10,15460,买盘
889,13:00:15,15.45,--,10,15450,买盘
890,13:00:12,15.45,0.01,9,13905,买盘
891,13:00:06,15.44,-0.01,36,55584,卖盘
892,13:00:03,15.45,0.01,105,162225,买盘
893,13:00:00,15.44,--,0,0,卖盘
894,11:30:00,15.44,--,5,7720,卖盘
895,11:29:18,15.44,-0.01,3,4632,卖盘
896,11:29:12,15.45,0.01,1,1545,买盘
897,11:28:54,15.44,--,10,15440,卖盘
898,11:28:45,15.44,-0.01,7,10808,卖盘
899,11:28:42,15.45,0.01,2,3090,买盘
900,11:28:24,15.44,--,1,1544,卖盘
901,11:28:03,15.44,--,2,3088,卖盘
902,11:27:54,15.44,-0.01,1,1544,卖盘
903,11:27:48,15.45,--,2,3090,卖盘
904,11:27:45,15.45,-0.01,8,12360,卖盘
905,11:27:42,15.46,0.01,1,1546,买盘
906,11:27:39,15.45,--,20,30900,卖盘
907,11:27:33,15.45,--,1,1545,卖盘
908,11:27:30,15.45,--,3,4635,卖盘
909,11:27:24,15.45,--,1,1545,卖盘
910,11:27:06,15.45,--,6,9270,卖盘
911,11:27:00,15.45,--,9,13905,卖盘
912,11:26:54,15.45,--,1,1545,卖盘
913,11:26:39,15.45,0.01,10,15450,买盘
914,11:26:24,15.44,-0.01,1,1544,卖盘
915,11:26:18,15.45,--,1,1545,买盘
916,11:26:12,15.45,--,5,7725,卖盘
917,11:25:54,15.45,--,1,1545,卖盘
918,11:25:39,15.45,-0.01,3,4635,卖盘
919,11:25:36,15.46,--,15,23591,卖盘
920,11:25:24,15.46,0.01,1,1546,卖盘
921,11:25:09,15.45,--,13,21228,买盘
922,11:25:00,15.45,-0.03,127,196215,卖盘
923,11:24:57,15.48,0.01,5,7740,买盘
924,11:24:54,15.47,--,1,1547,卖盘
925,11:24:51,15.47,--,10,15470,买盘
926,11:24:27,15.47,0.02,1,1547,买盘
927,11:24:24,15.45,-0.01,1,1545,卖盘
928,11:24:12,15.46,0.01,1,1546,买盘
929,11:23:24,15.45,-0.01,1,1545,卖盘
930,11:23:21,15.46,0.01,20,30920,买盘
931,11:23:09,15.45,--,14,21630,卖盘
932,11:22:54,15.45,--,1,1545,卖盘
933,11:22:51,15.45,-0.01,1,1545,卖盘
934,11:22:42,15.46,0.01,3,4638,买盘
935,11:22:24,15.45,-0.01,3,4635,卖盘
936,11:21:54,15.46,--,6,9276,卖盘
937,11:21:24,15.46,0.01,1,1546,中性盘
938,11:21:09,15.45,0.01,76,117420,买盘
939,11:21:00,15.44,--,38,58672,买盘
940,11:20:57,15.44,0.01,20,30880,买盘
941,11:20:54,15.43,-0.01,1,1543,卖盘
942,11:20:48,15.44,--,5,7720,买盘
943,11:20:36,15.44,0.01,10,15440,买盘
944,11:20:24,15.43,--,1,1543,卖盘
945,11:20:12,15.43,0.01,12,18516,买盘
946,11:20:09,15.42,-0.01,50,77100,卖盘
947,11:20:06,15.43,0.01,27,41661,买盘
948,11:20:00,15.42,--,20,30840,卖盘
949,11:19:54,15.42,--,1,1542,卖盘
950,11:19:33,15.42,--,5,7895,买盘
951,11:19:30,15.42,--,23,35466,买盘
952,11:19:27,15.42,0.01,5,7710,买盘
953,11:19:24,15.41,-0.01,1,1541,卖盘
954,11:19:21,15.42,--,6,9252,买盘
955,11:19:18,15.42,--,4,6168,买盘
956,11:19:15,15.42,--,2,3084,买盘
957,11:19:12,15.42,--,5,7710,买盘
958,11:19:06,15.42,--,49,75558,卖盘
959,11:19:00,15.42,--,43,66306,买盘
960,11:18:51,15.42,--,4,6168,买盘
961,11:18:45,15.42,0.01,29,44718,买盘
962,11:18:42,15.41,-0.01,81,124821,卖盘
963,11:18:39,15.42,--,13,20046,买盘
964,11:18:36,15.42,--,51,78642,买盘
965,11:18:30,15.42,-0.01,111,171162,卖盘
966,11:18:24,15.43,--,34,52462,卖盘
967,11:18:21,15.43,--,20,30860,卖盘
968,11:18:12,15.43,--,24,37032,买盘
969,11:17:54,15.43,-0.01,1,1543,卖盘
970,11:17:36,15.44,0.02,95,146680,买盘
971,11:17:33,15.42,-0.01,36,55512,卖盘
972,11:17:30,15.43,--,31,47833,卖盘
973,11:17:24,15.43,-0.01,1,1543,卖盘
974,11:17:18,15.44,-0.01,40,61760,卖盘
975,11:17:06,15.45,--,12,18540,卖盘
976,11:17:00,15.45,--,12,18540,卖盘
977,11:16:54,15.45,-0.01,1,1545,卖盘
978,11:16:51,15.46,--,10,15460,买盘
979,11:16:45,15.46,0.01,61,94306,中性盘
980,11:16:36,15.45,-0.01,1,1545,卖盘
981,11:16:33,15.46,--,1,1546,买盘
982,11:16:27,15.46,--,5,7730,卖盘
983,11:16:24,15.46,--,11,17006,卖盘
984,11:16:18,15.46,--,14,21644,卖盘
985,11:16:12,15.46,-0.01,6,9276,卖盘
986,11:16:09,15.47,--,1,1547,买盘
987,11:15:57,15.47,--,7,10829,卖盘
988,11:15:54,15.47,--,1,1547,卖盘
989,11:15:42,15.47,--,10,15470,中性盘
990,11:15:33,15.47,--,25,38675,卖盘
991,11:15:30,15.47,--,1,1547,卖盘
992,11:15:24,15.47,--,1,1547,卖盘
993,11:15:21,15.47,--,34,52598,卖盘
994,11:15:03,15.47,--,5,7735,买盘
995,11:14:57,15.47,0.01,1,1547,买盘
996,11:14:54,15.46,-0.01,1,1546,卖盘
997,11:14:51,15.47,0.01,50,77350,买盘
998,11:14:45,15.46,-0.01,50,77300,卖盘
999,11:14:42,15.47,0.01,1,1547,买盘
1000,11:14:30,15.46,--,49,75754,卖盘
1001,11:14:24,15.46,-0.01,1,1546,卖盘
1002,11:14:15,15.47,--,31,47957,卖盘
1003,11:14:12,15.47,--,3,4641,卖盘
1004,11:14:09,15.47,-0.01,1,1547,卖盘
1005,11:14:03,15.48,--,8,12384,买盘
1006,11:13:45,15.48,-0.04,784,1214994,卖盘
1007,11:13:39,15.52,0.01,4,6208,买盘
1008,11:13:24,15.51,-0.01,1,1551,卖盘
1009,11:13:15,15.52,0.01,4,6208,中性盘
1010,11:12:54,15.51,--,1,1551,卖盘
1011,11:12:24,15.51,0.01,1,1551,中性盘
1012,11:11:54,15.5,--,1,1550,卖盘
1013,11:11:24,15.5,--,1,1550,卖盘
1014,11:11:18,15.5,--,11,17236,买盘
1015,11:11:15,15.5,--,1,1550,买盘
1016,11:11:09,15.5,--,2,3100,买盘
1017,11:11:06,15.5,--,2,3100,买盘
1018,11:10:57,15.5,--,11,17050,买盘
1019,11:10:48,15.5,--,10,15500,买盘
1020,11:10:42,15.5,0.01,54,83700,买盘
1021,11:10:33,15.49,-0.01,1,1549,卖盘
1022,11:10:18,15.5,0.01,7,10850,买盘
1023,11:10:06,15.49,-0.01,6,9294,卖盘
1024,11:10:03,15.5,--,11,17050,买盘
1025,11:09:57,15.5,--,44,68200,买盘
1026,11:09:36,15.5,0.01,5,7750,买盘
1027,11:09:33,15.49,--,1,1549,卖盘
1028,11:09:24,15.49,-0.01,2,3098,卖盘
1029,11:09:18,15.5,0.01,3,4650,买盘
1030,11:09:15,15.49,--,19,29431,卖盘
1031,11:09:12,15.49,-0.01,50,77450,卖盘
1032,11:09:09,15.5,0.01,63,97650,买盘
1033,11:09:06,15.49,--,10,15490,卖盘
1034,11:09:03,15.49,--,1,1549,卖盘
1035,11:08:51,15.49,--,2,3098,卖盘
1036,11:08:48,15.49,--,40,61960,卖盘
1037,11:08:39,15.49,-0.01,1,1549,卖盘
1038,11:08:33,15.5,--,10,15500,买盘
1039,11:08:30,15.5,--,1,1550,买盘
1040,11:08:27,15.5,--,5,7750,买盘
1041,11:08:24,15.5,--,17,27714,卖盘
1042,11:08:03,15.5,--,161,249550,卖盘
1043,11:07:57,15.5,-0.01,200,310000,卖盘
1044,11:07:51,15.51,--,10,15510,买盘
1045,11:07:42,15.51,-0.01,199,308649,卖盘
1046,11:07:39,15.52,0.01,97,150544,买盘
1047,11:07:36,15.51,--,29,44979,卖盘
1048,11:07:33,15.51,-0.01,1,1551,卖盘
1049,11:07:30,15.52,--,2,3104,卖盘
1050,11:07:27,15.52,--,10,15520,卖盘
1051,11:07:09,15.52,-0.01,1,1552,卖盘
1052,11:07:06,15.53,--,3,4659,卖盘
1053,11:07:03,15.53,--,61,94733,卖盘
1054,11:06:39,15.53,0.01,36,55908,买盘
1055,11:06:36,15.52,--,24,37248,卖盘
1056,11:06:33,15.52,-0.01,1,1552,卖盘
1057,11:06:24,15.53,--,2,3106,买盘
1058,11:06:15,15.53,--,10,15530,买盘
1059,11:06:03,15.53,--,14,21742,卖盘
1060,11:05:48,15.53,-0.01,50,77650,卖盘
1061,11:05:42,15.54,0.01,4,6216,买盘
1062,11:05:33,15.53,-0.01,1,1553,卖盘
1063,11:05:27,15.54,--,5,7770,买盘
1064,11:05:18,15.54,0.01,2,3108,买盘
1065,11:05:03,15.53,--,1,1553,卖盘
1066,11:04:51,15.53,-0.01,10,15530,卖盘
1067,11:04:48,15.54,--,4,6216,买盘
1068,11:04:45,15.54,--,10,15540,买盘
1069,11:04:42,15.54,--,3,4662,买盘
1070,11:04:39,15.54,0.01,4,6216,买盘
1071,11:04:33,15.53,-0.01,1,1553,卖盘
1072,11:04:18,15.54,--,2,3108,买盘
1073,11:04:03,15.54,--,6,9324,买盘
1074,11:03:48,15.54,0.01,37,57498,买盘
1075,11:03:45,15.53,--,10,15530,卖盘
1076,11:03:36,15.53,-0.01,5,7765,卖盘
1077,11:03:18,15.54,--,32,49728,买盘
1078,11:03:12,15.54,-0.01,13,20202,卖盘
1079,11:03:09,15.55,--,24,37320,卖盘
1080,11:03:03,15.55,-0.01,1,1555,卖盘
1081,11:02:54,15.56,--,5,7780,中性盘
1082,11:02:33,15.56,0.02,6,9336,买盘
1083,11:02:27,15.54,-0.02,5,7770,卖盘
1084,11:02:21,15.56,-0.01,1,1556,买盘
1085,11:02:15,15.57,0.02,15,23355,买盘
1086,11:02:03,15.55,--,2,3110,买盘
1087,11:01:57,15.55,-0.02,8,12440,卖盘
1088,11:01:51,15.57,0.01,8,12456,买盘
1089,11:01:48,15.56,0.01,59,91804,买盘
1090,11:01:33,15.55,--,2,3110,卖盘
1091,11:01:27,15.55,--,15,23325,买盘
1092,11:01:15,15.55,0.01,82,127510,买盘
1093,11:01:09,15.54,-0.01,14,21756,卖盘
1094,11:01:03,15.55,--,6,9330,买盘
1095,11:01:00,15.55,--,2,3110,卖盘
1096,11:00:57,15.55,-0.01,10,15550,卖盘
1097,11:00:51,15.56,--,1,1556,买盘
1098,11:00:42,15.56,0.01,12,19247,买盘
1099,11:00:39,15.55,--,45,69975,买盘
1100,11:00:33,15.55,0.01,11,17105,买盘
1101,11:00:30,15.54,--,3,4662,卖盘
1102,11:00:21,15.54,--,10,15540,买盘
1103,11:00:18,15.54,-0.01,15,23310,中性盘
1104,11:00:03,15.55,0.02,11,17105,买盘
1105,10:59:54,15.53,-0.02,12,18636,卖盘
1106,10:59:36,15.55,0.02,13,20215,买盘
1107,10:59:33,15.53,-0.02,11,17083,卖盘
1108,10:59:24,15.55,--,2,3110,买盘
1109,10:59:12,15.55,0.01,5,7775,买盘
1110,10:59:09,15.54,-0.01,4,6216,卖盘
1111,10:59:03,15.55,0.01,5,7775,买盘
1112,10:59:00,15.54,0.01,1,1554,买盘
1113,10:58:57,15.53,-0.01,5,7765,卖盘
1114,10:58:54,15.54,-0.01,55,85470,卖盘
1115,10:58:48,15.55,0.01,20,31100,买盘
1116,10:58:33,15.54,--,1,1554,卖盘
1117,10:58:27,15.54,--,17,26418,卖盘
1118,10:58:24,15.54,--,1,1554,卖盘
1119,10:58:15,15.54,-0.01,30,46620,卖盘
1120,10:58:09,15.55,0.01,126,195930,买盘
1121,10:58:03,15.54,--,1,1554,卖盘
1122,10:58:00,15.54,--,13,20202,买盘
1123,10:57:48,15.54,--,2,3108,卖盘
1124,10:57:42,15.54,--,3,4662,买盘
1125,10:57:36,15.54,0.01,11,17094,买盘
1126,10:57:33,15.53,-0.01,1,1553,卖盘
1127,10:57:21,15.54,--,3,4662,买盘
1128,10:57:15,15.54,--,5,7770,买盘
1129,10:57:12,15.54,--,3,4662,买盘
1130,10:57:06,15.54,0.01,3,4662,买盘
1131,10:57:03,15.53,-0.01,1,1553,卖盘
1132,10:56:57,15.54,-0.01,19,29526,卖盘
1133,10:56:54,15.55,--,7,10885,买盘
1134,10:56:51,15.55,--,86,133730,买盘
1135,10:56:48,15.55,0.01,3,4665,买盘
1136,10:56:42,15.54,--,18,27972,买盘
1137,10:56:39,15.54,--,2,3108,买盘
1138,10:56:33,15.54,--,32,49728,买盘
1139,10:56:21,15.54,--,4,6216,买盘
1140,10:56:12,15.54,--,42,65268,买盘
1141,10:56:06,15.54,0.01,6,9324,买盘
1142,10:56:03,15.53,-0.01,1,1553,卖盘
1143,10:55:48,15.54,0.01,3,4662,买盘
1144,10:55:42,15.53,0.01,9,13977,买盘
1145,10:55:39,15.52,-0.01,20,31040,卖盘
1146,10:55:33,15.53,0.01,15,23295,买盘
1147,10:55:12,15.52,--,2,3104,卖盘
1148,10:55:03,15.52,--,1,1552,卖盘
1149,10:55:00,15.52,--,4,6208,卖盘
1150,10:54:57,15.52,0.01,37,57424,买盘
1151,10:54:51,15.51,-0.01,3,4653,卖盘
1152,10:54:48,15.52,--,2,3104,买盘
1153,10:54:39,15.52,0.01,100,155200,买盘
1154,10:54:36,15.51,--,80,124080,卖盘
1155,10:54:33,15.51,--,1,1551,卖盘
1156,10:54:09,15.51,--,7,10857,卖盘
1157,10:54:06,15.51,-0.01,16,24816,卖盘
1158,10:53:57,15.52,-0.01,23,35696,卖盘
1159,10:53:48,15.53,0.01,1,1553,买盘
1160,10:53:33,15.52,--,1,1552,卖盘
1161,10:53:21,15.52,--,37,57424,卖盘
1162,10:53:18,15.52,--,6,9312,卖盘
1163,10:53:12,15.52,--,7,10864,卖盘
1164,10:53:00,15.52,-0.01,14,21728,卖盘
1165,10:52:57,15.53,--,11,17083,卖盘
1166,10:52:54,15.53,--,5,7765,卖盘
1167,10:52:33,15.53,-0.01,1,1553,卖盘
1168,10:52:27,15.54,0.02,1,1554,买盘
1169,10:52:21,15.52,--,179,277808,卖盘
1170,10:52:18,15.52,--,28,43456,卖盘
1171,10:52:03,15.52,-0.01,1,1552,卖盘
1172,10:51:57,15.53,-0.01,87,135111,卖盘
1173,10:51:30,15.54,--,8,12432,买盘
1174,10:51:15,15.54,--,6,9324,买盘
1175,10:51:03,15.54,0.01,11,17094,买盘
1176,10:50:30,15.53,-0.01,1,1553,卖盘
1177,10:50:15,15.54,0.01,5,7770,买盘
1178,10:50:12,15.53,--,17,26401,卖盘
1179,10:50:00,15.53,--,23,35719,卖盘
1180,10:49:57,15.53,--,4,6212,卖盘
1181,10:49:45,15.53,--,5,7765,卖盘
1182,10:49:30,15.53,-0.01,1,1553,卖盘
1183,10:49:24,15.54,0.01,4,6216,买盘
1184,10:49:21,15.53,-0.01,7,10871,卖盘
1185,10:49:09,15.54,-0.01,11,17094,卖盘
1186,10:49:03,15.55,0.01,4,6220,买盘
1187,10:48:39,15.54,--,20,31080,卖盘
1188,10:48:30,15.54,--,10,15540,卖盘
1189,10:48:27,15.54,--,34,52836,卖盘
1190,10:48:15,15.54,--,12,18648,卖盘
1191,10:48:09,15.54,-0.01,5,7770,卖盘
1192,10:48:06,15.55,--,10,15550,卖盘
1193,10:48:00,15.55,--,1,1555,卖盘
1194,10:47:54,15.55,--,36,55980,卖盘
1195,10:47:48,15.55,--,61,94855,买盘
1196,10:47:36,15.55,0.01,12,18660,买盘
1197,10:47:30,15.54,--,6,9324,卖盘
1198,10:47:24,15.54,0.01,19,29526,买盘
1199,10:47:12,15.53,-0.01,5,7765,卖盘
1200,10:47:09,15.54,-0.01,5,7770,卖盘
1201,10:47:06,15.55,0.01,4,6220,买盘
1202,10:47:00,15.54,--,24,37296,卖盘
1203,10:46:48,15.54,--,19,29526,卖盘
1204,10:46:33,15.54,-0.01,6,9324,卖盘
1205,10:46:24,15.55,--,20,31100,买盘
1206,10:46:18,15.55,--,4,6220,卖盘
1207,10:46:12,15.55,--,14,21770,卖盘
1208,10:46:00,15.55,--,1,1555,卖盘
1209,10:45:57,15.55,--,5,7775,卖盘
1210,10:45:42,15.55,--,39,60645,卖盘
1211,10:45:36,15.55,--,8,12440,卖盘
1212,10:45:33,15.55,--,2,3110,卖盘
1213,10:45:30,15.55,-0.01,1,1555,卖盘
1214,10:45:18,15.56,--,2,3112,卖盘
1215,10:45:09,15.56,--,8,12448,买盘
1216,10:45:06,15.56,--,1,1556,买盘
1217,10:45:03,15.56,0.01,66,102696,买盘
1218,10:45:00,15.55,-0.01,1,1555,卖盘
1219,10:44:57,15.56,0.01,6,9336,买盘
1220,10:44:45,15.55,-0.01,38,59090,卖盘
1221,10:44:42,15.56,0.01,20,31120,买盘
1222,10:44:39,15.55,--,2,3110,卖盘
1223,10:44:30,15.55,-0.01,1,1555,卖盘
1224,10:44:15,15.56,--,11,17116,卖盘
1225,10:44:12,15.56,--,5,7780,卖盘
1226,10:44:00,15.56,--,20,31120,卖盘
1227,10:43:57,15.56,--,5,7780,卖盘
1228,10:43:54,15.56,--,12,18672,卖盘
1229,10:43:42,15.56,--,14,21784,卖盘
1230,10:43:33,15.56,--,16,24896,卖盘
1231,10:43:30,15.56,--,1,1556,卖盘
1232,10:43:18,15.56,--,20,31120,卖盘
1233,10:43:00,15.56,-0.01,1,1556,卖盘
1234,10:42:57,15.57,0.01,18,28026,买盘
1235,10:42:54,15.56,-0.01,30,46680,卖盘
1236,10:42:48,15.57,--,6,9342,买盘
1237,10:42:45,15.57,--,30,46710,买盘
1238,10:42:30,15.57,--,11,17127,买盘
1239,10:42:21,15.57,0.01,30,46710,买盘
1240,10:42:12,15.56,--,7,10892,卖盘
1241,10:42:09,15.56,--,4,6224,卖盘
1242,10:42:00,15.56,--,3,4668,卖盘
1243,10:41:57,15.56,0.01,69,107364,买盘
1244,10:41:30,15.55,-0.01,6,9330,卖盘
1245,10:41:27,15.56,--,3,4668,买盘
1246,10:41:21,15.56,-0.01,11,17116,卖盘
1247,10:41:15,15.57,0.01,6,9342,买盘
1248,10:41:09,15.56,-0.01,6,9336,卖盘
1249,10:41:06,15.57,0.01,5,7785,买盘
1250,10:41:00,15.56,--,1,1556,卖盘
1251,10:40:48,15.56,--,10,15560,卖盘
1252,10:40:39,15.56,--,3,4668,卖盘
1253,10:40:30,15.56,-0.01,1,1556,卖盘
1254,10:40:27,15.57,--,53,82521,买盘
1255,10:40:24,15.57,--,11,17127,买盘
1256,10:40:15,15.57,0.01,5,7785,买盘
1257,10:40:00,15.56,-0.01,1,1556,卖盘
1258,10:39:51,15.57,--,15,23355,买盘
1259,10:39:33,15.57,--,27,42039,卖盘
1260,10:39:30,15.57,--,5,7785,卖盘
1261,10:39:21,15.57,--,24,37368,买盘
1262,10:39:12,15.57,--,4,6228,买盘
1263,10:39:09,15.57,0.01,61,94977,买盘
1264,10:39:00,15.56,-0.01,1,1556,卖盘
1265,10:38:57,15.57,-0.01,47,73179,卖盘
1266,10:38:42,15.58,0.01,2,3116,买盘
1267,10:38:30,15.57,-0.01,1,1557,卖盘
1268,10:38:27,15.58,-0.01,5,7790,买盘
1269,10:38:03,15.59,0.01,20,31180,买盘
1270,10:38:00,15.58,--,9,14022,卖盘
1271,10:37:48,15.58,--,40,62320,卖盘
1272,10:37:45,15.58,--,1,1558,卖盘
1273,10:37:36,15.58,--,80,124640,卖盘
1274,10:37:30,15.58,-0.01,1,1558,卖盘
1275,10:37:24,15.59,--,1,1559,买盘
1276,10:37:12,15.59,--,10,15590,买盘
1277,10:37:03,15.59,0.01,8,12472,买盘
1278,10:37:00,15.58,--,55,85690,卖盘
1279,10:36:57,15.58,--,2,3116,买盘
1280,10:36:42,15.58,0.01,10,15580,买盘
1281,10:36:39,15.57,0.01,2,3114,卖盘
1282,10:36:36,15.56,-0.01,73,113588,卖盘
1283,10:36:30,15.57,0.01,1,1557,中性盘
1284,10:36:15,15.56,-0.01,30,46680,卖盘
1285,10:36:12,15.57,--,2,3114,买盘
1286,10:36:03,15.57,--,20,31140,买盘
1287,10:36:00,15.57,-0.01,34,52938,卖盘
1288,10:35:57,15.58,--,41,63878,卖盘
1289,10:35:54,15.58,-0.01,16,24928,卖盘
1290,10:35:51,15.59,--,4,6236,买盘
1291,10:35:45,15.59,0.01,1,1559,中性盘
1292,10:35:30,15.58,-0.01,2,3116,卖盘
1293,10:35:27,15.59,-0.01,20,31180,中性盘
1294,10:35:12,15.6,--,35,54600,买盘
1295,10:35:03,15.6,--,55,85800,买盘
1296,10:35:00,15.6,--,18,28080,买盘
1297,10:34:57,15.6,0.02,7,10920,中性盘
1298,10:34:51,15.58,--,2,3116,卖盘
1299,10:34:45,15.58,--,5,7790,卖盘
1300,10:34:27,15.58,-0.03,2,3116,卖盘
1301,10:34:24,15.61,0.03,16,24976,买盘
1302,10:34:18,15.58,-0.02,26,40508,卖盘
1303,10:34:15,15.6,-0.01,5,7800,卖盘
1304,10:34:12,15.61,0.01,7,10927,中性盘
1305,10:34:09,15.6,--,22,34320,卖盘
1306,10:34:06,15.6,--,12,18720,卖盘
1307,10:34:00,15.6,--,21,32760,卖盘
1308,10:33:57,15.6,--,20,31200,卖盘
1309,10:33:48,15.6,--,21,32760,卖盘
1310,10:33:45,15.6,-0.01,10,15600,卖盘
1311,10:33:36,15.61,--,3,4683,买盘
1312,10:33:30,15.61,0.01,7,10927,买盘
1313,10:33:15,15.6,--,5,7800,卖盘
1314,10:33:00,15.6,--,1,1560,卖盘
1315,10:32:54,15.6,-0.02,10,15600,卖盘
1316,10:32:42,15.62,--,2,3124,买盘
1317,10:32:36,15.62,--,9,14058,买盘
1318,10:32:30,15.62,0.01,2,3124,买盘
1319,10:32:24,15.61,-0.02,7,10927,卖盘
1320,10:32:21,15.63,0.01,32,50016,买盘
1321,10:32:18,15.62,--,8,12496,卖盘
1322,10:32:15,15.62,--,7,10934,买盘
1323,10:32:09,15.62,0.02,15,23430,买盘
1324,10:32:06,15.6,-0.01,15,23400,卖盘
1325,10:31:54,15.61,-0.01,7,10927,卖盘
1326,10:31:51,15.62,--,4,6248,卖盘
1327,10:31:48,15.62,-0.01,11,17182,卖盘
1328,10:31:45,15.63,--,4,6252,卖盘
1329,10:31:42,15.63,--,12,18756,卖盘
1330,10:31:39,15.63,--,54,84402,卖盘
1331,10:31:36,15.63,-0.01,68,106284,卖盘
1332,10:31:33,15.64,0.01,46,71944,买盘
1333,10:31:27,15.63,-0.01,1,1563,卖盘
1334,10:31:24,15.64,--,2,3128,买盘
1335,10:31:21,15.64,--,2,3128,买盘
1336,10:31:18,15.64,--,37,57868,买盘
1337,10:31:15,15.64,--,5,7820,买盘
1338,10:31:12,15.64,--,20,31280,买盘
1339,10:31:09,15.64,0.01,12,18768,买盘
1340,10:31:06,15.63,-0.01,12,18756,卖盘
1341,10:31:03,15.64,--,10,15640,买盘
1342,10:31:00,15.64,0.01,83,129812,买盘
1343,10:30:57,15.63,--,1,1563,卖盘
1344,10:30:51,15.63,--,43,67209,卖盘
1345,10:30:48,15.63,--,31,48453,买盘
1346,10:30:45,15.63,--,1,1563,买盘
1347,10:30:42,15.63,0.01,10,15630,买盘
1348,10:30:39,15.62,-0.02,5,7810,卖盘
1349,10:30:36,15.64,0.02,30,46920,买盘
1350,10:30:33,15.62,-0.01,30,46860,卖盘
1351,10:30:30,15.63,0.01,46,71898,买盘
1352,10:30:27,15.62,0.01,6,9372,卖盘
1353,10:30:21,15.61,0.01,77,120197,中性盘
1354,10:30:15,15.6,--,47,73320,买盘
1355,10:30:12,15.6,--,46,71760,买盘
1356,10:30:09,15.6,0.02,5,7800,买盘
1357,10:30:06,15.58,--,1,1558,买盘
1358,10:30:03,15.58,0.01,24,37392,买盘
1359,10:30:00,15.57,--,10,15570,卖盘
1360,10:29:57,15.57,-0.01,1,1557,卖盘
1361,10:29:54,15.58,0.01,29,45182,买盘
1362,10:29:45,15.57,0.01,15,23355,买盘
1363,10:29:42,15.56,-0.01,50,77800,卖盘
1364,10:29:39,15.57,0.01,70,108990,买盘
1365,10:29:24,15.56,0.01,151,234956,买盘
1366,10:29:12,15.55,0.01,20,31100,中性盘
1367,10:28:57,15.54,--,21,32634,卖盘
1368,10:28:45,15.54,-0.02,1,1554,卖盘
1369,10:28:42,15.56,0.01,8,12448,买盘
1370,10:28:39,15.55,0.01,10,15550,中性盘
1371,10:28:33,15.54,--,10,15540,卖盘
1372,10:28:27,15.54,-0.02,1,1554,卖盘
1373,10:28:21,15.56,--,18,28008,买盘
1374,10:28:18,15.56,0.01,11,17116,买盘
1375,10:27:57,15.55,-0.01,10,15550,卖盘
1376,10:27:48,15.56,--,92,143152,卖盘
1377,10:27:45,15.56,--,10,15560,卖盘
1378,10:27:42,15.56,--,18,28008,卖盘
1379,10:27:33,15.56,--,5,7780,卖盘
1380,10:27:30,15.56,--,7,10892,卖盘
1381,10:27:27,15.56,-0.01,46,71576,卖盘
1382,10:27:24,15.57,--,15,23355,买盘
1383,10:27:21,15.57,--,23,35811,买盘
1384,10:27:15,15.57,--,10,15570,买盘
1385,10:27:09,15.57,--,36,56052,买盘
1386,10:27:06,15.57,--,13,20241,买盘
1387,10:26:57,15.57,0.01,10,15570,买盘
1388,10:26:33,15.56,--,1,1556,卖盘
1389,10:26:30,15.56,--,1,1556,卖盘
1390,10:26:24,15.56,--,46,71576,买盘
1391,10:26:21,15.56,--,3,4668,买盘
1392,10:26:18,15.56,--,1,1556,买盘
1393,10:26:06,15.56,0.01,22,34232,买盘
1394,10:26:00,15.55,--,3,4665,卖盘
1395,10:25:57,15.55,--,1,1555,卖盘
1396,10:25:54,15.55,--,4,6220,卖盘
1397,10:25:48,15.55,--,4,6220,买盘
1398,10:25:45,15.55,--,3,4665,买盘
1399,10:25:39,15.55,0.01,44,68420,买盘
1400,10:25:27,15.54,-0.01,1,1554,卖盘
1401,10:25:21,15.55,0.01,2,3110,买盘
1402,10:25:12,15.54,--,7,10878,买盘
1403,10:25:09,15.54,--,5,7770,买盘
1404,10:25:06,15.54,--,11,17094,买盘
1405,10:25:00,15.54,-0.01,34,52836,卖盘
1406,10:24:54,15.55,--,5,7775,买盘
1407,10:24:48,15.55,--,1,1555,买盘
1408,10:24:45,15.55,0.01,54,83970,买盘
1409,10:24:42,15.54,-0.01,15,23310,卖盘
1410,10:24:39,15.55,0.01,7,10885,买盘
1411,10:24:27,15.54,-0.01,1,1554,卖盘
1412,10:24:18,15.55,0.01,1,1555,买盘
1413,10:24:12,15.54,--,10,15540,买盘
1414,10:24:06,15.54,0.01,1,1554,买盘
1415,10:23:57,15.53,--,1,1553,卖盘
1416,10:23:48,15.53,0.01,3,4659,中性盘
1417,10:23:27,15.52,--,1,1552,卖盘
1418,10:23:24,15.52,--,21,32592,卖盘
1419,10:22:57,15.52,-0.02,1,1552,卖盘
1420,10:22:48,15.54,--,16,24864,买盘
1421,10:22:42,15.54,0.02,20,31080,买盘
1422,10:22:30,15.52,-0.01,8,12416,卖盘
1423,10:22:21,15.53,--,24,37272,买盘
1424,10:22:18,15.53,--,1,1553,买盘
1425,10:22:12,15.53,--,1,1553,买盘
1426,10:22:09,15.53,0.01,4,6212,买盘
1427,10:21:57,15.52,-0.01,1,1552,卖盘
1428,10:21:42,15.53,0.01,6,9318,买盘
1429,10:21:27,15.52,-0.01,1,1552,卖盘
1430,10:21:06,15.53,--,5,7765,买盘
1431,10:21:00,15.53,0.01,7,10871,买盘
1432,10:20:57,15.52,-0.01,1,1552,卖盘
1433,10:20:54,15.53,--,5,7765,买盘
1434,10:20:51,15.53,--,10,15530,买盘
1435,10:20:45,15.53,--,51,79203,买盘
1436,10:20:42,15.53,--,23,35719,中性盘
1437,10:20:36,15.53,-0.01,10,15530,卖盘
1438,10:20:30,15.54,0.01,20,31080,买盘
1439,10:20:27,15.53,--,1,1553,卖盘
1440,10:20:21,15.53,--,17,26401,卖盘
1441,10:20:06,15.53,--,1,1553,卖盘
1442,10:20:03,15.53,--,6,9318,买盘
1443,10:19:45,15.53,0.01,6,9318,买盘
1444,10:19:36,15.52,-0.01,12,18624,卖盘
1445,10:19:33,15.53,--,4,6212,买盘
1446,10:19:30,15.53,--,68,105604,卖盘
1447,10:19:27,15.53,--,1,1553,卖盘
1448,10:18:54,15.53,-0.01,1,1553,卖盘
1449,10:18:51,15.54,--,9,13986,买盘
1450,10:18:45,15.54,--,3,4662,买盘
1451,10:18:39,15.54,0.01,1,1554,买盘
1452,10:18:36,15.53,0.01,5,7765,买盘
1453,10:18:27,15.52,-0.01,2,3104,卖盘
1454,10:18:24,15.53,--,10,15530,买盘
1455,10:18:06,15.53,0.01,28,43484,买盘
1456,10:17:57,15.52,-0.01,1,1552,卖盘
1457,10:17:54,15.53,0.01,1,1553,买盘
1458,10:17:42,15.52,--,2,3104,买盘
1459,10:17:36,15.52,--,2,3104,买盘
1460,10:17:21,15.52,--,27,41904,买盘
1461,10:17:15,15.52,--,4,6208,买盘
1462,10:17:09,15.52,--,50,77600,买盘
1463,10:17:06,15.52,--,3,4656,买盘
1464,10:17:03,15.52,0.01,2,3104,买盘
1465,10:16:57,15.51,-0.01,1,1551,卖盘
1466,10:16:54,15.52,--,18,27936,卖盘
1467,10:16:51,15.52,-0.01,10,15520,卖盘
1468,10:16:45,15.53,--,1,1553,卖盘
1469,10:16:42,15.53,--,1,1553,买盘
1470,10:16:39,15.53,--,2,3106,买盘
1471,10:16:36,15.53,--,27,41931,买盘
1472,10:16:33,15.53,--,30,46590,买盘
1473,10:16:27,15.53,0.01,2,3106,买盘
1474,10:16:24,15.52,-0.01,1,1552,卖盘
1475,10:16:18,15.53,--,2,3106,买盘
1476,10:16:09,15.53,0.01,1,1553,买盘
1477,10:16:06,15.52,-0.02,11,17072,卖盘
1478,10:16:00,15.54,0.02,6,9324,买盘
1479,10:15:54,15.52,--,36,55872,卖盘
1480,10:15:51,15.52,--,20,31040,卖盘
1481,10:15:48,15.52,--,2,3104,买盘
1482,10:15:45,15.52,--,6,9312,卖盘
1483,10:15:39,15.52,-0.01,35,54320,卖盘
1484,10:15:30,15.53,0.01,2,3106,买盘
1485,10:15:27,15.52,-0.01,4,6208,卖盘
1486,10:15:24,15.53,--,2,3106,买盘
1487,10:15:18,15.53,0.01,2,3106,买盘
1488,10:15:03,15.52,0.01,1,1552,买盘
1489,10:14:57,15.51,--,15,23265,买盘
1490,10:14:48,15.51,--,6,9306,买盘
1491,10:14:33,15.51,--,26,40326,卖盘
1492,10:14:30,15.51,--,17,26367,卖盘
1493,10:14:27,15.51,--,2,3102,卖盘
1494,10:14:24,15.51,0.01,3,4653,中性盘
1495,10:14:06,15.5,-0.01,86,133486,卖盘
1496,10:13:54,15.51,--,1,1551,卖盘
1497,10:13:45,15.51,--,3,4653,卖盘
1498,10:13:42,15.51,-0.02,17,26367,卖盘
1499,10:13:33,15.53,0.02,12,18636,买盘
1500,10:13:24,15.51,-0.02,65,100815,卖盘
1501,10:13:18,15.53,0.02,2,3106,买盘
1502,10:13:12,15.51,--,4,6204,卖盘
1503,10:13:00,15.51,0.01,10,15510,买盘
1504,10:12:54,15.5,-0.01,66,102300,卖盘
1505,10:12:51,15.51,-0.02,18,27918,卖盘
1506,10:12:48,15.53,0.02,3,4659,买盘
1507,10:12:45,15.51,-0.02,30,46530,卖盘
1508,10:12:39,15.53,--,2,3106,买盘
1509,10:12:33,15.53,--,1,1553,买盘
1510,10:12:27,15.53,--,3,4659,买盘
1511,10:12:18,15.53,--,1,1553,买盘
1512,10:12:15,15.53,--,8,12424,买盘
1513,10:12:09,15.53,--,3,4659,买盘
1514,10:12:06,15.53,-0.01,63,97839,卖盘
1515,10:11:57,15.54,--,20,31080,卖盘
1516,10:11:54,15.54,--,1,1554,卖盘
1517,10:11:48,15.54,--,31,48174,卖盘
1518,10:11:42,15.54,-0.01,4,6216,卖盘
1519,10:11:39,15.55,0.01,13,20215,买盘
1520,10:11:36,15.54,--,1,1554,卖盘
1521,10:11:24,15.54,-0.01,1,1554,卖盘
1522,10:11:15,15.55,--,8,12440,买盘
1523,10:11:06,15.55,--,12,18660,卖盘
1524,10:11:03,15.55,-0.01,42,65310,卖盘
1525,10:11:00,15.56,--,13,20228,买盘
1526,10:10:57,15.56,0.01,1,1556,买盘
1527,10:10:54,15.55,-0.01,1,1555,卖盘
1528,10:10:42,15.56,0.01,7,10892,买盘
1529,10:10:39,15.55,--,31,48205,卖盘
1530,10:10:36,15.55,--,4,6220,卖盘
1531,10:10:33,15.55,--,3,4665,卖盘
1532,10:10:24,15.55,-0.01,6,9330,卖盘
1533,10:10:21,15.56,--,1,1556,买盘
1534,10:10:18,15.56,--,31,48236,卖盘
1535,10:10:15,15.56,--,10,15560,卖盘
1536,10:10:06,15.56,-0.01,16,24896,卖盘
1537,10:10:03,15.57,--,2,3114,买盘
1538,10:10:00,15.57,0.01,108,168156,买盘
1539,10:09:57,15.56,0.01,45,70020,买盘
1540,10:09:42,15.55,--,29,45095,买盘
1541,10:09:36,15.55,--,2,3110,买盘
1542,10:09:33,15.55,-0.01,9,13995,卖盘
1543,10:09:30,15.56,0.01,3,4668,买盘
1544,10:09:24,15.55,--,19,29545,买盘
1545,10:09:15,15.55,-0.01,9,13995,卖盘
1546,10:09:06,15.56,0.01,22,34232,买盘
1547,10:09:00,15.55,--,3,4665,卖盘
1548,10:08:57,15.55,--,12,18660,卖盘
1549,10:08:54,15.55,-0.01,11,17105,卖盘
1550,10:08:51,15.56,0.01,1,1556,买盘
1551,10:08:48,15.55,--,2,3110,卖盘
1552,10:08:45,15.55,-0.01,46,71530,卖盘
1553,10:08:42,15.56,--,3,4668,买盘
1554,10:08:39,15.56,--,9,14004,买盘
1555,10:08:33,15.56,--,3,4668,卖盘
1556,10:08:27,15.56,--,56,87136,卖盘
1557,10:08:24,15.56,-0.01,18,28008,卖盘
1558,10:08:21,15.57,--,10,15570,买盘
1559,10:08:18,15.57,--,8,12456,买盘
1560,10:08:15,15.57,--,4,6228,买盘
1561,10:08:12,15.57,0.01,2,3114,买盘
1562,10:08:09,15.56,-0.01,11,17116,卖盘
1563,10:08:06,15.57,--,1,1557,买盘
1564,10:08:03,15.57,--,6,9342,买盘
1565,10:07:54,15.57,0.01,12,18684,买盘
1566,10:07:51,15.56,--,18,28008,卖盘
1567,10:07:48,15.56,--,33,51348,卖盘
1568,10:07:45,15.56,--,4,6224,卖盘
1569,10:07:39,15.56,--,52,80912,卖盘
1570,10:07:36,15.56,--,44,68464,买盘
1571,10:07:30,15.56,0.01,4,6224,买盘
1572,10:07:24,15.55,-0.01,13,20215,卖盘
1573,10:07:21,15.56,--,30,46680,买盘
1574,10:07:18,15.56,--,5,7780,买盘
1575,10:07:15,15.56,0.01,35,54460,买盘
1576,10:07:09,15.55,--,8,12440,卖盘
1577,10:07:06,15.55,0.01,16,24880,买盘
1578,10:06:54,15.54,--,1,1554,卖盘
1579,10:06:51,15.54,0.01,45,69930,买盘
1580,10:06:45,15.53,0.01,2,3106,买盘
1581,10:06:42,15.52,--,3,4656,买盘
1582,10:06:36,15.52,0.01,4,6208,买盘
1583,10:06:33,15.51,-0.01,2,3102,卖盘
1584,10:06:30,15.52,0.01,5,7760,买盘
1585,10:06:24,15.51,--,1,1551,卖盘
1586,10:06:21,15.51,--,1,1551,买盘
1587,10:06:18,15.51,--,6,9306,买盘
1588,10:06:15,15.51,--,11,17061,买盘
1589,10:06:09,15.51,--,31,48081,买盘
1590,10:06:00,15.51,--,3,4653,买盘
1591,10:05:54,15.51,--,13,20163,买盘
1592,10:05:51,15.51,--,11,17061,买盘
1593,10:05:45,15.51,0.01,1,1551,买盘
1594,10:05:39,15.5,--,37,57350,买盘
1595,10:05:36,15.5,--,5,7750,买盘
1596,10:05:33,15.5,--,5,7750,买盘
1597,10:05:27,15.5,0.01,50,77500,买盘
1598,10:05:21,15.49,--,1,1549,买盘
1599,10:05:18,15.49,0.01,60,92940,买盘
1600,10:05:15,15.48,-0.01,5,7740,卖盘
1601,10:05:12,15.49,0.01,16,24784,买盘
1602,10:04:57,15.48,0.01,3,4644,买盘
1603,10:04:54,15.47,-0.01,1,1547,卖盘
1604,10:04:48,15.48,0.01,17,26316,买盘
1605,10:04:36,15.47,-0.01,14,21658,卖盘
1606,10:04:33,15.48,0.01,32,49536,买盘
1607,10:04:30,15.47,-0.01,35,54145,卖盘
1608,10:04:27,15.48,0.01,5,7740,买盘
1609,10:04:24,15.47,-0.01,1,1547,卖盘
1610,10:04:15,15.48,0.01,10,15480,买盘
1611,10:04:12,15.47,--,36,55692,卖盘
1612,10:04:09,15.47,--,2,3094,卖盘
1613,10:04:06,15.47,-0.01,12,18564,卖盘
1614,10:04:00,15.48,0.01,6,9288,买盘
1615,10:03:57,15.47,--,10,15470,卖盘
1616,10:03:54,15.47,--,25,38675,卖盘
1617,10:03:51,15.47,-0.01,20,30940,卖盘
1618,10:03:45,15.48,0.01,1,1548,买盘
1619,10:03:33,15.47,--,1,1547,卖盘
1620,10:03:24,15.47,-0.02,11,17017,卖盘
1621,10:03:15,15.49,0.01,1,1549,买盘
1622,10:03:09,15.48,0.01,21,32508,买盘
1623,10:02:51,15.47,--,3,4641,买盘
1624,10:02:45,15.47,-0.02,20,30940,卖盘
1625,10:02:42,15.49,0.01,10,15490,买盘
1626,10:02:39,15.48,0.01,3,4644,买盘
1627,10:02:33,15.47,--,11,17017,卖盘
1628,10:02:21,15.47,-0.01,1,1547,卖盘
1629,10:02:18,15.48,--,9,13932,卖盘
1630,10:02:12,15.48,--,1,1548,卖盘
1631,10:02:09,15.48,--,4,6192,卖盘
1632,10:01:57,15.48,0.02,103,159444,买盘
1633,10:01:51,15.46,-0.01,1,1546,卖盘
1634,10:01:48,15.47,-0.01,3,4641,卖盘
1635,10:01:36,15.48,0.02,20,30960,买盘
1636,10:01:24,15.46,-0.02,1,1546,卖盘
1637,10:01:21,15.48,0.01,12,18576,买盘
1638,10:01:15,15.47,--,7,10829,买盘
1639,10:01:12,15.47,-0.01,11,17017,卖盘
1640,10:01:09,15.48,0.01,22,34056,买盘
1641,10:00:54,15.47,-0.01,1,1547,卖盘
1642,10:00:51,15.48,--,1,1548,买盘
1643,10:00:42,15.48,0.01,5,7740,买盘
1644,10:00:30,15.47,-0.01,2,3094,卖盘
1645,10:00:27,15.48,--,3,4644,卖盘
1646,09:59:57,15.48,0.01,23,35604,买盘
1647,09:59:51,15.47,--,14,21658,买盘
1648,09:59:48,15.47,0.01,1,1547,买盘
1649,09:59:39,15.46,--,22,34012,买盘
1650,09:59:36,15.46,--,2,3092,买盘
1651,09:59:33,15.46,--,2,3092,买盘
1652,09:59:30,15.46,0.01,4,6184,买盘
1653,09:59:21,15.45,-0.01,3,4635,中性盘
1654,09:58:54,15.46,0.02,1,1546,买盘
1655,09:58:51,15.44,--,1,1544,卖盘
1656,09:58:48,15.44,--,2,3088,买盘
1657,09:58:42,15.44,0.02,15,23160,买盘
1658,09:58:27,15.42,--,4,6168,卖盘
1659,09:58:21,15.42,--,33,50886,买盘
1660,09:58:18,15.42,--,3,4626,买盘
1661,09:58:15,15.42,-0.01,33,50886,卖盘
1662,09:58:12,15.43,--,3,4629,买盘
1663,09:58:03,15.43,--,31,47833,买盘
1664,09:57:42,15.43,0.01,3,4629,买盘
1665,09:57:36,15.42,-0.01,3,4626,卖盘
1666,09:57:30,15.43,0.01,2,3086,买盘
1667,09:57:24,15.42,--,14,21588,卖盘
1668,09:57:21,15.42,--,1,1542,卖盘
1669,09:57:18,15.42,-0.01,110,169620,卖盘
1670,09:57:12,15.43,0.01,32,49376,卖盘
1671,09:56:54,15.42,-0.01,10,15420,卖盘
1672,09:56:51,15.43,--,99,152757,买盘
1673,09:56:48,15.43,--,3,4629,买盘
1674,09:56:45,15.43,--,10,15430,买盘
1675,09:56:39,15.43,--,14,21602,买盘
1676,09:56:36,15.43,--,8,12344,买盘
1677,09:56:33,15.43,--,1,1543,买盘
1678,09:56:27,15.43,--,63,97209,卖盘
1679,09:56:21,15.43,-0.01,3,4629,卖盘
1680,09:56:18,15.44,--,2,3088,买盘
1681,09:56:15,15.44,--,74,114256,买盘
1682,09:56:12,15.44,0.01,7,10808,买盘
1683,09:56:09,15.43,-0.01,5,7715,卖盘
1684,09:55:54,15.44,0.01,10,15440,买盘
1685,09:55:51,15.43,-0.01,2,3086,卖盘
1686,09:55:48,15.44,--,4,6176,买盘
1687,09:55:45,15.44,0.01,7,10808,买盘
1688,09:55:42,15.43,--,10,15430,卖盘
1689,09:55:39,15.43,--,5,7715,卖盘
1690,09:55:30,15.43,-0.01,43,66349,卖盘
1691,09:55:27,15.44,--,26,40144,买盘
1692,09:55:21,15.44,--,120,185280,买盘
1693,09:55:15,15.44,-0.02,101,155944,卖盘
1694,09:55:03,15.46,--,50,77300,卖盘
1695,09:54:54,15.46,--,5,7730,卖盘
1696,09:54:51,15.46,--,11,17006,卖盘
1697,09:54:48,15.46,--,26,40196,卖盘
1698,09:54:45,15.46,0.01,29,44834,买盘
1699,09:54:39,15.45,-0.01,4,6180,卖盘
1700,09:54:24,15.46,0.01,5,7730,买盘
1701,09:54:21,15.45,-0.01,1,1545,卖盘
1702,09:54:18,15.46,--,1,1546,买盘
1703,09:54:09,15.46,--,14,21644,卖盘
1704,09:54:06,15.46,--,21,32466,卖盘
1705,09:53:48,15.46,-0.02,1,1546,卖盘
1706,09:53:42,15.48,0.01,53,82044,买盘
1707,09:53:36,15.47,0.01,22,34034,买盘
1708,09:53:33,15.46,--,4,6184,卖盘
1709,09:53:30,15.46,--,10,15460,卖盘
1710,09:53:21,15.46,--,12,18552,卖盘
1711,09:53:18,15.46,--,2,3092,卖盘
1712,09:53:12,15.46,--,3,4638,卖盘
1713,09:53:03,15.46,--,2,3092,卖盘
1714,09:52:54,15.46,--,1,1546,买盘
1715,09:52:48,15.46,--,5,7730,买盘
1716,09:52:42,15.46,0.01,6,9276,买盘
1717,09:52:36,15.45,--,7,10815,买盘
1718,09:52:33,15.45,0.01,8,12360,买盘
1719,09:52:21,15.44,0.01,3,4632,中性盘
1720,09:52:18,15.43,--,1,1543,卖盘
1721,09:52:12,15.43,-0.02,4,6172,卖盘
1722,09:52:09,15.45,0.02,92,142140,买盘
1723,09:51:48,15.43,--,1,1543,卖盘
1724,09:51:39,15.43,-0.02,5,7715,卖盘
1725,09:51:30,15.45,--,3,4635,买盘
1726,09:51:27,15.45,0.02,6,9270,买盘
1727,09:51:24,15.43,-0.01,20,30860,卖盘
1728,09:51:21,15.44,--,11,16984,卖盘
1729,09:51:18,15.44,--,2,3088,买盘
1730,09:51:15,15.44,--,20,30880,卖盘
1731,09:51:09,15.44,--,13,20072,买盘
1732,09:51:06,15.44,0.01,6,9264,买盘
1733,09:50:54,15.43,--,6,9258,买盘
1734,09:50:51,15.43,--,7,10801,买盘
1735,09:50:48,15.43,-0.01,7,10801,卖盘
1736,09:50:45,15.44,0.01,5,7720,买盘
1737,09:50:39,15.43,--,20,30860,卖盘
1738,09:50:36,15.43,-0.01,5,7715,中性盘
1739,09:50:33,15.44,0.01,83,128152,买盘
1740,09:50:30,15.43,--,6,9258,买盘
1741,09:50:27,15.43,--,2,3086,买盘
1742,09:50:24,15.43,--,1,1543,买盘
1743,09:50:21,15.43,0.02,11,16973,买盘
1744,09:50:18,15.41,-0.01,5,7705,卖盘
1745,09:50:15,15.42,--,8,12336,买盘
1746,09:50:12,15.42,-0.01,37,57054,卖盘
1747,09:50:09,15.43,--,5,7715,买盘
1748,09:50:06,15.43,--,11,16973,买盘
1749,09:50:03,15.43,--,3,4629,买盘
1750,09:50:00,15.43,--,8,12344,买盘
1751,09:49:54,15.43,--,35,54005,卖盘
1752,09:49:51,15.43,--,20,30860,卖盘
1753,09:49:48,15.43,--,51,78693,卖盘
1754,09:49:45,15.43,-0.02,4,6172,卖盘
1755,09:49:39,15.45,-0.02,234,361530,卖盘
1756,09:49:33,15.47,--,30,46410,买盘
1757,09:49:30,15.47,-0.01,7,10829,买盘
1758,09:49:21,15.48,0.01,20,30960,买盘
1759,09:49:18,15.47,--,11,17017,买盘
1760,09:49:15,15.47,--,29,44863,卖盘
1761,09:49:12,15.47,-0.01,21,32487,卖盘
1762,09:49:09,15.48,-0.01,1,1548,中性盘
1763,09:49:00,15.49,0.01,9,13941,买盘
1764,09:48:54,15.48,--,5,7740,卖盘
1765,09:48:48,15.48,--,20,30960,卖盘
1766,09:48:45,15.48,--,1,1548,卖盘
1767,09:48:39,15.48,--,2,3096,卖盘
1768,09:48:36,15.48,--,6,9288,卖盘
1769,09:48:24,15.48,-0.02,4,6192,卖盘
1770,09:48:21,15.5,--,10,15500,买盘
1771,09:48:18,15.5,--,52,80600,买盘
1772,09:48:03,15.5,--,45,69750,买盘
1773,09:47:57,15.5,--,3,4650,买盘
1774,09:47:54,15.5,--,49,75950,卖盘
1775,09:47:51,15.5,--,20,31000,卖盘
1776,09:47:48,15.5,--,1,1550,卖盘
1777,09:47:45,15.5,--,8,12400,卖盘
1778,09:47:42,15.5,--,5,7750,卖盘
1779,09:47:39,15.5,--,8,12400,卖盘
1780,09:47:33,15.5,--,14,21700,买盘
1781,09:47:30,15.5,0.01,26,40300,买盘
1782,09:47:18,15.49,-0.01,7,10843,卖盘
1783,09:47:15,15.5,0.01,4,6200,买盘
1784,09:47:12,15.49,-0.01,4,6196,中性盘
1785,09:47:03,15.5,0.01,10,15500,买盘
1786,09:47:00,15.49,-0.01,23,35627,卖盘
1787,09:46:54,15.5,--,2,3100,买盘
1788,09:46:51,15.5,0.01,16,24800,买盘
1789,09:46:48,15.49,-0.01,1,1549,卖盘
1790,09:46:45,15.5,--,9,13950,买盘
1791,09:46:42,15.5,--,2,3100,买盘
1792,09:46:39,15.5,--,9,13950,买盘
1793,09:46:36,15.5,--,5,7750,买盘
1794,09:46:27,15.5,0.02,49,75950,买盘
1795,09:46:24,15.48,--,5,7740,卖盘
1796,09:46:18,15.48,0.01,13,20124,买盘
1797,09:46:15,15.47,-0.01,1,1547,卖盘
1798,09:46:12,15.48,--,4,6192,买盘
1799,09:46:06,15.48,0.01,2,3096,买盘
1800,09:46:03,15.47,--,3,4641,卖盘
1801,09:45:51,15.47,--,18,27846,买盘
1802,09:45:48,15.47,--,92,142324,买盘
1803,09:45:42,15.47,0.01,4,6188,买盘
1804,09:45:39,15.46,--,3,4638,卖盘
1805,09:45:30,15.46,0.01,35,54110,买盘
1806,09:45:21,15.45,0.02,20,30900,买盘
1807,09:45:18,15.43,-0.01,15,23145,卖盘
1808,09:45:15,15.44,--,2,3088,买盘
1809,09:45:09,15.44,--,1,1544,买盘
1810,09:45:06,15.44,--,40,61760,买盘
1811,09:45:03,15.44,0.01,21,32424,买盘
1812,09:44:54,15.43,0.02,5,7715,买盘
1813,09:44:51,15.41,-0.01,37,57017,卖盘
1814,09:44:45,15.42,--,2,3084,买盘
1815,09:44:39,15.42,0.01,5,7710,买盘
1816,09:44:18,15.41,--,10,15410,卖盘
1817,09:44:15,15.41,0.01,1,1541,卖盘
1818,09:44:06,15.4,--,10,15400,卖盘
1819,09:44:03,15.4,-0.01,10,15400,卖盘
1820,09:43:57,15.41,--,20,30820,买盘
1821,09:43:48,15.41,0.01,21,32361,买盘
1822,09:43:45,15.4,-0.01,6,9240,卖盘
1823,09:43:36,15.41,-0.01,58,89378,卖盘
1824,09:43:33,15.42,0.01,3,4626,买盘
1825,09:43:24,15.41,--,20,30820,卖盘
1826,09:43:12,15.41,--,1,1541,卖盘
1827,09:43:09,15.41,--,22,33902,买盘
1828,09:43:06,15.41,--,7,10787,买盘
1829,09:43:03,15.41,--,30,46230,买盘
1830,09:43:00,15.41,--,32,49312,买盘
1831,09:42:57,15.41,--,66,101706,买盘
1832,09:42:54,15.41,--,8,12328,买盘
1833,09:42:51,15.41,0.01,17,26197,买盘
1834,09:42:45,15.4,--,3,4620,卖盘
1835,09:42:39,15.4,--,10,15400,卖盘
1836,09:42:33,15.4,0.01,19,29260,买盘
1837,09:42:27,15.39,--,2,3078,卖盘
1838,09:42:24,15.39,--,9,13851,卖盘
1839,09:42:21,15.39,--,4,6156,卖盘
1840,09:42:18,15.39,-0.01,1,1539,卖盘
1841,09:42:15,15.4,0.01,20,30800,买盘
1842,09:42:09,15.39,-0.01,7,10773,卖盘
1843,09:42:00,15.4,0.01,1,1540,买盘
1844,09:41:54,15.39,0.01,2,3078,中性盘
1845,09:41:45,15.38,-0.01,24,36912,卖盘
1846,09:41:42,15.39,--,8,12312,买盘
1847,09:41:39,15.39,--,2,3078,买盘
1848,09:41:36,15.39,--,2,3078,买盘
1849,09:41:33,15.39,--,10,15390,买盘
1850,09:41:30,15.39,--,23,35397,买盘
1851,09:41:27,15.39,--,10,15390,买盘
1852,09:41:24,15.39,--,26,40014,买盘
1853,09:41:18,15.39,-0.01,13,20007,卖盘
1854,09:41:15,15.4,0.01,2,3080,买盘
1855,09:41:09,15.39,--,4,6156,卖盘
1856,09:41:03,15.39,0.01,30,46170,中性盘
1857,09:40:51,15.38,--,5,7690,买盘
1858,09:40:48,15.38,-0.01,8,12304,卖盘
1859,09:40:45,15.39,0.01,34,52326,买盘
1860,09:40:42,15.38,--,70,107660,卖盘
1861,09:40:39,15.38,-0.01,3,4614,卖盘
1862,09:40:36,15.39,--,12,18468,买盘
1863,09:40:33,15.39,--,24,36936,买盘
1864,09:40:24,15.39,--,19,29241,卖盘
1865,09:40:12,15.39,-0.01,56,86184,卖盘
1866,09:40:09,15.4,--,6,9240,买盘
1867,09:40:06,15.4,--,3,4620,买盘
1868,09:40:03,15.4,--,1,1540,买盘
1869,09:40:00,15.4,--,17,26180,卖盘
1870,09:39:57,15.4,--,10,15400,卖盘
1871,09:39:48,15.4,-0.01,29,44660,卖盘
1872,09:39:45,15.41,--,20,30820,卖盘
1873,09:39:42,15.41,--,20,30820,买盘
1874,09:39:39,15.41,--,1,1541,买盘
1875,09:39:33,15.41,--,33,50853,买盘
1876,09:39:30,15.41,--,1,1541,买盘
1877,09:39:24,15.41,--,24,36984,卖盘
1878,09:39:15,15.41,-0.01,6,9246,卖盘
1879,09:39:09,15.42,--,3,4626,买盘
1880,09:39:06,15.42,--,16,24672,买盘
1881,09:39:00,15.42,--,2,3084,买盘
1882,09:38:57,15.42,--,48,74016,买盘
1883,09:38:54,15.42,--,3,4626,买盘
1884,09:38:51,15.42,-0.01,110,169620,卖盘
1885,09:38:48,15.43,--,14,21602,卖盘
1886,09:38:45,15.43,--,12,18516,卖盘
1887,09:38:42,15.43,0.01,26,40118,买盘
1888,09:38:30,15.42,--,29,44718,卖盘
1889,09:38:27,15.42,--,10,15420,卖盘
1890,09:38:24,15.42,0.01,25,38550,买盘
1891,09:38:21,15.41,--,6,9246,卖盘
1892,09:38:15,15.41,--,2,3082,卖盘
1893,09:38:12,15.41,--,12,18492,卖盘
1894,09:37:57,15.41,--,68,104788,买盘
1895,09:37:54,15.41,--,1,1541,买盘
1896,09:37:48,15.41,-0.02,30,46230,卖盘
1897,09:37:45,15.43,--,1,1543,买盘
1898,09:37:42,15.43,0.01,6,9258,买盘
1899,09:37:36,15.42,--,4,6168,卖盘
1900,09:37:33,15.42,0.02,1,1542,中性盘
1901,09:37:21,15.4,-0.03,50,77000,卖盘
1902,09:37:18,15.43,--,6,9258,卖盘
1903,09:37:15,15.43,0.01,10,15430,卖盘
1904,09:37:12,15.42,0.01,25,38550,买盘
1905,09:37:06,15.41,-0.01,13,20033,卖盘
1906,09:37:03,15.42,--,2,3084,买盘
1907,09:37:00,15.42,--,14,21588,买盘
1908,09:36:54,15.42,-0.01,20,30840,卖盘
1909,09:36:51,15.43,-0.02,14,21602,卖盘
1910,09:36:48,15.45,0.01,11,16995,买盘
1911,09:36:45,15.44,-0.01,25,39217,卖盘
1912,09:36:42,15.45,0.01,7,10815,买盘
1913,09:36:39,15.44,--,30,46320,卖盘
1914,09:36:36,15.44,-0.01,10,15440,卖盘
1915,09:36:30,15.45,--,17,26265,买盘
1916,09:36:24,15.45,--,14,21630,买盘
1917,09:36:21,15.45,--,29,44805,卖盘
1918,09:36:18,15.45,-0.01,2,3090,卖盘
1919,09:36:15,15.46,-0.01,34,52564,卖盘
1920,09:36:12,15.47,0.01,7,10829,买盘
1921,09:36:09,15.46,-0.01,2,3092,卖盘
1922,09:36:03,15.47,--,6,9282,买盘
1923,09:36:00,15.47,0.01,1,1547,买盘
1924,09:35:57,15.46,--,16,24736,卖盘
1925,09:35:54,15.46,--,4,6184,卖盘
1926,09:35:51,15.46,--,5,7730,买盘
1927,09:35:48,15.46,0.01,12,18552,买盘
1928,09:35:45,15.45,--,10,15450,卖盘
1929,09:35:42,15.45,-0.01,3,4635,卖盘
1930,09:35:39,15.46,0.01,5,7730,买盘
1931,09:35:36,15.45,--,18,27810,卖盘
1932,09:35:33,15.45,-0.01,8,12360,中性盘
1933,09:35:30,15.46,0.01,31,48853,买盘
1934,09:35:27,15.45,0.01,98,151410,买盘
1935,09:35:24,15.44,-0.01,43,66392,卖盘
1936,09:35:21,15.45,--,16,24720,买盘
1937,09:35:18,15.45,--,6,9270,买盘
1938,09:35:15,15.45,-0.01,1,1545,中性盘
1939,09:35:12,15.46,0.01,5,7730,买盘
1940,09:35:03,15.45,--,4,6180,卖盘
1941,09:35:00,15.45,0.02,17,26265,买盘
1942,09:34:54,15.43,-0.02,12,18516,卖盘
1943,09:34:51,15.45,0.03,9,13905,买盘
1944,09:34:48,15.42,--,15,23130,卖盘
1945,09:34:42,15.42,-0.04,10,15420,卖盘
1946,09:34:39,15.46,0.04,2,3092,买盘
1947,09:34:36,15.42,--,3,4626,卖盘
1948,09:34:21,15.42,0.01,1,1542,中性盘
1949,09:34:15,15.41,0.01,1,1541,卖盘
1950,09:34:09,15.4,--,4,6160,买盘
1951,09:34:06,15.4,-0.01,167,257180,卖盘
1952,09:34:03,15.41,--,5,7705,卖盘
1953,09:33:54,15.41,0.01,292,449972,买盘
1954,09:33:45,15.4,0.01,569,876260,买盘
1955,09:33:42,15.39,--,3,4617,卖盘
1956,09:33:39,15.39,-0.01,14,21546,卖盘
1957,09:33:36,15.4,0.01,33,50820,买盘
1958,09:33:33,15.39,--,21,32319,卖盘
1959,09:33:24,15.39,--,26,40014,买盘
1960,09:33:21,15.39,--,16,24624,买盘
1961,09:33:18,15.39,--,20,30780,买盘
1962,09:33:15,15.39,--,38,58482,卖盘
1963,09:33:12,15.39,--,30,46170,卖盘
1964,09:33:09,15.39,0.01,30,46170,中性盘
1965,09:33:06,15.38,--,40,61520,卖盘
1966,09:32:57,15.38,0.01,10,15380,买盘
1967,09:32:54,15.37,-0.01,2,3074,卖盘
1968,09:32:51,15.38,0.01,19,29222,买盘
1969,09:32:48,15.37,-0.01,10,15370,中性盘
1970,09:32:45,15.38,--,8,12304,买盘
1971,09:32:42,15.38,0.01,26,39988,买盘
1972,09:32:39,15.37,--,36,55332,卖盘
1973,09:32:33,15.37,-0.01,2,3074,卖盘
1974,09:32:30,15.38,--,10,15380,买盘
1975,09:32:27,15.38,--,2,3076,买盘
1976,09:32:21,15.38,0.01,66,101508,买盘
1977,09:32:18,15.37,--,32,49184,卖盘
1978,09:32:12,15.37,--,16,24592,卖盘
1979,09:32:06,15.37,--,12,18444,卖盘
1980,09:31:57,15.37,--,11,16907,买盘
1981,09:31:51,15.37,0.01,5,7685,买盘
1982,09:31:48,15.36,--,3,4608,卖盘
1983,09:31:42,15.36,--,17,26112,卖盘
1984,09:31:36,15.36,0.01,45,69596,买盘
1985,09:31:33,15.35,--,13,19955,卖盘
1986,09:31:27,15.35,--,72,110520,买盘
1987,09:31:18,15.35,0.01,12,18420,买盘
1988,09:31:12,15.34,-0.01,15,23010,中性盘
1989,09:31:09,15.35,--,56,85960,买盘
1990,09:31:06,15.35,0.01,6,9210,买盘
1991,09:31:03,15.34,-0.01,7,10738,卖盘
1992,09:30:57,15.35,--,5,7675,买盘
1993,09:30:51,15.35,0.03,25,38375,卖盘
1994,09:30:42,15.32,-0.01,19,29108,卖盘
1995,09:30:39,15.33,-0.02,50,76650,卖盘
1996,09:30:33,15.35,0.01,11,16885,买盘
1997,09:30:30,15.34,-0.01,6,9204,卖盘
1998,09:30:24,15.35,--,13,19955,买盘
1999,09:30:18,15.35,0.04,2,3070,买盘
2000,09:30:15,15.31,-0.04,88,134728,卖盘
2001,09:30:12,15.35,0.04,10,15350,买盘
2002,09:30:09,15.31,-0.03,36,55116,卖盘
2003,09:30:06,15.34,0.03,18,27612,卖盘
2004,09:30:03,15.31,0.01,191,292421,中性盘
2005,09:30:00,15.3,--,0,0,卖盘
2006,09:25:03,15.3,15.3,144,220320,买盘
